4522 5782
108 232 208 312 lost
389 272 392 277 -
632 328 635 333 ¹
682 214 837 299 anm
861 214 981 299 MEL.
1005 214 1218 296 scotera
1242 212 1544 298 nouanda
1786 210 1789 215 ’
2039 220 2120 301 tttt

111 401 294 476 ordinaria
319 397 490 470 autoritas
517 395 563 466 de
593 391 745 483 negotiis
770 389 952 485 politicis,
999 390 1122 462 sicut·
1243 391 1389 466 Tertius
1404 395 1533 485 grados
1549 393 1771 481 estrituum,
1800 392 1961 488 quinon
1976 408 2124 485 pugnant

113 505 346 589 dl⁸⁸l¹⁰l¹lb¹¹³
369 501 507 570 dl‘fflffl
531 495 652 587 ‘Piliis
671 494 820 569 ulimu¹⁸·
1144 520 1224 567 com
1248 497 1442 588 praeceptis
1465 496 1551 582 Dei,
1577 512 1611 568 ct
1635 513 1718 568 sunt
1731 498 1838 568 utiles
1855 500 1900 567 ad
1920 499 2060 568 bonum
2075 520 2125 566 or·

226 604 384 694 Quartus
400 602 530 690 gradus
551 611 603 667 est
626 595 789 666 liberatio
807 620 826 665 a
843 594 1096 667 traditionibus
1145 599 1287 681 dinem,
1312 612 1346 668 et
1367 600 1458 668 finnt
1474 599 1552 667 sine
1576 598 1747 689 opinione
1765 599 1883 670 cultus
1897 615 1933 670 et
1949 598 2124 669 necessita-

117 700 530 786 h¹¹¹¹¹³¹¹l⁸l¹¹ss0²l0⁸l³2
556 697 888 791 ulP³⁰¹⁰⁵l¹¹quil‚
914 696 1096 771 Colos.2.:
1147 701 1202 769 tis.
1253 698 1348 787 Quia
1373 700 1468 768 enim
1493 713 1618 770 natura
1643 701 1829 770 rationalis
1850 700 2126 790 intelligitordi·

118 811 231 880 Nemo
257 833 318 878 vos
342 806 473 874 iudicet
497 805 535 871 in
556 801 654 889 cibo,
690 813 796 889 potu,
831 798 968 870 vicibus
990 801 1097 870 lesto-
1147 824 1249 881 nem,
1276 816 1311 871 et
1333 801 1398 871 scit
1420 823 1557 885 causas,
1593 815 1737 892 propter
1753 825 1842 895 quas
1857 805 1950 873 ordo
1967 804 2125 872 amandu,

119 937 212 985 rum.
265 907 376 979 ltem:
416 904 518 992 Quae
541 916 625 972 sunt
649 903 844 972 secundum
872 904 1038 972 mandata
1066 913 1101 970 et
1149 917 1219 981 est,
1246 902 1464 994 praecipitor
1477 916 1515 972 ut
1531 917 1564 972 et
1581 904 1619 971 in
1636 902 1791 974 Ecclesia
1808 905 1933 973 omnia
1956 902 2082 973 ordine
2099 918 2125 973 et

121 1013 330 1084 liidlll‘m‘l‘
353 1003 552 1077 hminum·
603 998 649 1071 El
673 1025 715 1071 ‘¹
738 1004 861 1072 0⁰d0¹¹¹
888 1004 986 1074 fonte
1015 997 1102 1072 haec
1152 1008 1317 1075 decenter
1333 1005 1438 1087 fiant,
1462 1004 1553 1073 sicut
1572 1004 1691 1097 inquit
1707 1004 1850 1078 Paulus.
1905 1004 2059 1097 Semper
2072 1004 2125 1093 igi-
2172 1028 2174 1075 :

123 1117 268 1184 libertas
291 1111 426 1194 oritur,
450 1131 491 1176 ex
508 1130 578 1197 quo
594 1104 709 1173 oritur
726 1105 1103 1174 liberatioaceremo·
1152 1120 1211 1176 tur
1231 1102 1390 1175 Ecclesia
1412 1106 1519 1175 etiam
1540 1107 1734 1195 primorum
1751 1104 1902 1176 Patrum
1920 1107 2124 1198 temporibus
2171 1114 2174 1185 l

124 1212 387 1285 ”llfflffll‘lh
440 1206 531 1279 cum
550 1201 685 1275 Ch¹l⁸¹l
706 1207 908 1275 ⁰b⁰dlffl¹l³
930 1207 977 1276 til
998 1205 1104 1274 merl·
1154 1208 1314 1278 distinxit
1336 1208 1443 1276 festos
1463 1208 1537 1276 dies
1559 1210 1843 1278 accommodatos
1867 1203 2052 1288 historiis,
2085 1207 2124 1276 sic

126 1333 203 1388 tum
216 1311 434 1385 remissionis
448 1320 692 1399 peccatorum,
726 1308 823 1377 nulla
850 1302 1105 1397 humanaope·
1154 1323 1189 1379 et
1222 1310 1389 1378 lectiones
1416 1322 1449 1378 et
1484 1309 1676 1379 cantilenas
1710 1311 1980 1398 distinguimus,
2044 1310 2125 1378 Deus

126 1445 187 1503 ra,
220 1415 392 1486 acmulto
417 1411 536 1480 minus
560 1409 787 1478 mactationes
812 1411 1007 1499 pecudum,
1046 1420 1108 1478 aut
1156 1411 1338 1479 mandavit
1354 1431 1482 1498 agnum
1506 1406 1704 1502 paschalem
1726 1434 1767 1480 eo
1791 1411 1869 1502 ipso
1894 1424 2055 1502 tempore
2072 1410 2126 1491 edi,

127 1522 216 1590 ritus
242 1514 539 1596 satisfactionum,
563 1521 626 1578 aut
643 1509 772 1578 ieiunia
796 1510 834 1578 in
853 1505 1007 1579 Ecclesia
1030 1532 1108 1579 me·
1157 1512 1286 1603 quoin
1311 1535 1413 1580 crasco
1435 1511 1529 1580 fitius
1554 1513 1696 1580 vicum,
1719 1513 1860 1582 summ,
1877 1525 1965 1581 „ag
2017 1513 2072 1583 sq,
2090 1515 2126 1579 ,d

129 1634 255 1692 rentur
276 1616 515 1687 remissionem
539 1623 733 1702 peccatum.
786 1607 893 1682 Item:
933 1610 1027 1681 Cum
1052 1634 1110 1680 re·
1159 1607 1342 1681 historiam
1360 1612 1515 1681 futuram
1534 1613 1689 1683 futuram
1707 1616 1975 1684 accommodata
1992 1628 2042 1684 est
2056 1628 2126 1682 tem-

130 1746 240 1814 gnum
262 1715 398 1789 Christi
419 1715 466 1785 sit
491 1714 582 1796 vita,
614 1711 693 1793 lux,
719 1711 890 1802 sapientia
913 1727 947 1783 et
973 1712 1110 1782 iusticia
1160 1715 1254 1806 poris
1280 1713 1473 1783 distinctio.
2162 1712 2165 1717 ·

132 1837 275 1894 aeterna
298 1820 335 1887 in
361 1816 547 1892 cordibus,
587 1834 676 1905 quae
700 1813 862 1883 incoatur
882 1812 920 1881 in
943 1809 1009 1882 hac
1039 1814 1111 1882 vita
1261 1812 1344 1884 Fuit
1367 1811 1519 1884 Athenis
1544 1815 1688 1906 quidam
1713 1815 1876 1905 petulans
1901 1812 2014 1886 homo
2030 1813 2127 1910 Cyne-

134 1949 199 2023 per
223 1925 338 2012 ipsum
365 1914 563 1986 ministerio
584 1911 792 2003 Evangelii,
824 1929 857 1984 et
878 1917 1009 1985 donato
1029 1912 1113 2006 Spi-
1163 1917 1251 2001 sias,
1287 1915 1349 2009 qui
1374 1916 1498 1986 solitus
1519 1930 1569 1986 est
1592 1918 1769 1987 contraria
1783 1918 1869 1987 festa
1887 1918 2044 2008 publicis
2056 1919 2129 1986 cels-

134 2029 206 2096 ritu
223 2034 354 2105 sancto,
370 2042 444 2087 non
460 2029 510 2086 est
524 2015 722 2085 observatio
738 2028 962 2085 externorum
980 2016 1114 2085 rituum
1162 2019 1286 2098 brace,
1313 2018 1436 2110 siquis
1452 2018 1557 2087 talem
1576 2019 1808 2109 petulantiam
1822 2019 1860 2087 in
1874 2015 2036 2090 Ecclesia
2050 2043 2129 2088 eser·

135 2123 358 2197 mactationis
380 2119 573 2209 pecudum,
598 2129 657 2186 aut
673 2115 909 2202 ieiuniorum,
935 2131 996 2187 aut
1009 2118 1116 2187 vesti·
1164 2133 1273 2204 ceret,
1300 2142 1522 2211 nequaquam
1538 2135 1742 2212 sequeretur
1759 2120 1895 2190 dictum
1907 2120 2031 2192 Pauli:
2056 2116 2132 2191 Om·
2167 2166 2170 2171 -

135 2244 204 2301 tua.
258 2224 341 2294 ldeo
359 2219 491 2291 Paulos
513 2217 647 2309 inquit:
673 2211 877 2310 πολίτευμα
897 2233 1059 2289 nostrum
1077 2219 1116 2287 in
1165 2221 1225 2290 nia
1241 2221 1328 2290 fiant
1343 2221 1470 2290 ordine
1485 2235 1520 2291 et
1536 2222 1702 2292 decenter
1720 2223 1760 2290 in
1775 2216 1947 2298 Ecclesia.
1999 2220 2133 2292 Possunt

137 2329 330 2410 coelisest,
355 2323 477 2406 idest,
499 2341 647 2409 regnum
663 2313 885 2389 Christiano
905 2333 1117 2389 esterterna
1164 2322 1275 2412 igitur
1297 2321 1407 2414 aliqui
1432 2323 1520 2392 tales
1541 2322 1632 2393 ritus
1652 2323 1772 2393 ordini
1793 2325 1900 2394 utiles
1924 2325 2087 2395 retineri:
2108 2335 2136 2390 st
2172 2340 2174 2394 t

138 2445 173 2500 et
188 2427 373 2500 interitura
388 2420 530 2514 politia,
569 2421 629 2487 sed
654 2442 746 2489 nova
769 2421 830 2489 lux
848 2422 1032 2511 inanima
1050 2423 1117 2490 du·
1166 2423 1921 2516 temporumdistinctiocommonefactioest
1932 2428 1979 2496 de
1993 2422 2137 2495 historia.
2172 2410 2174 2455 ¹

138 2545 257 2601 mum
281 2529 318 2595 5¹¹
344 2538 416 2595 ²⁰¹³
444 2521 661 2593 'ilifnllal‘i-
923 2604 927 2619 ,
1168 2523 1238 2595 Sed
1257 2548 1393 2614 semper
1410 2525 1449 2593 in
1466 2539 1653 2615 conspectu
1674 2527 1720 2597 sit
1737 2526 1876 2616 regula,
1912 2526 2137 2597 llliobserva·

240 2626 319 2699 Hoc
332 2628 431 2696 lonte
444 2623 689 2710 considerato,
716 2623 845 2693 rectius
867 2623 1018 2713 intelligi
1037 2645 1120 2715 pos·
1167 2626 1260 2695 tioni
1282 2649 1504 2719 nequaquam
1527 2629 1727 2696 addendam
1755 2651 1830 2697 csse
1848 2629 2062 2727 opinionem
2076 2626 2138 2698 cul·

138 2744 222 2806 sont
235 2726 275 2800 hi
290 2729 419 2819 gradus
433 2724 615 2796 libertatis.
675 2721 799 2793 Postea
815 2749 953 2795 necesse
967 2738 1017 2794 est
1032 2726 1120 2794 scire
1168 2741 1224 2797 tus
1240 2739 1275 2797 et
1293 2729 1524 2810 necessitatis,
1551 2752 1616 2798 nec
1640 2730 1867 2819 cogitandum
1891 2754 1986 2813 esse,
2014 2750 2138 2823 peccare

140 2832 345 2906 discrimina
367 2826 620 2911 traditionum,
661 2849 750 2918 quae
775 2826 813 2894 in
830 2822 986 2896 Ecclesia
1011 2827 1120 2896 laetae
1169 2828 1601 2921 eos,quisineseand2,10
1620 2831 1707 2900 1³10,
1725 2832 2019 2902 mummium
2058 2828 2137 2900 Hm

142 2947 226 3007 stant
246 2928 401 3003 humana
423 2929 627 3009 autoritate,
651 2928 749 3020 (non
776 2927 870 2995 enim
900 2927 971 2996 iam
1003 2927 1120 3021 loqui·
1169 2930 1330 3001 doctrina
1346 2931 1530 3002 traditura
1547 2930 1660 3002 Paulo
1678 2932 1716 3001 in
1733 2934 1846 3024 capite
1865 2935 2043 3027 sequenti.

142 3035 294 3106 morde
320 3031 455 3120 legibus
485 3027 656 3120 politicis,
697 3052 788 3119 qnae
811 3029 854 3098 ad
880 3029 1120 3097 defensionem

142 3134 319 3209 societatis
340 3131 532 3221 corporalis
552 3143 585 3199 et
608 3123 791 3200 honestam
815 3152 936 3219 pacem
955 3129 994 3197 in
1009 3131 1121 3219 impe·
1528 3093 1590 3168 Di
1611 3093 1807 3174 360ηᾶθῖοο

142 3240 206 3309 riis
220 3240 330 3306 laetae
347 3246 449 3317 sunt,
474 3233 532 3300 sed
557 3233 601 3299 de
623 3229 750 3301 ritibus
765 3228 1028 3325 ecclesiasticis)
1056 3226 1124 3300 ho-
1274 3229 1496 3303 Vocabulum
1520 3232 1690 3304 scandali
1720 3237 1844 3308 dicunt
1869 3261 1946 3309 esse
1968 3263 1989 3310 a
2015 3232 2138 3327 σκάζω,

143 3363 224 3411 ΝΠ]
248 3350 318 3407 ῑῑθθ
340 3347 423 3403 ⁸⁰⁰²
444 3334 585 3420 8¹³d¹¹⁵·
906 3344 911 3349 ’
1174 3335 1268 3428 quod
1293 3334 1465 3421 significat
1487 3335 1666 3422 claudico,
1707 3338 1763 3406 vel
1786 3363 1805 3407 a
1830 3334 2027 3433 σκάμβον,
2063 3341 2139 3435 qood

246 3436 398 3509 Primus.
449 3432 602 3526 Aliquae
623 3433 831 3504 traditiones
861 3458 923 3524 per
953 3458 1027 3505 sese
1057 3459 1123 3526 pn·
1174 3447 1369 3517 cateneto,
1394 3450 1435 3505 ut
1459 3436 1700 3527 inproverbio
1721 3439 1871 3510 dicitur:
1898 3437 2076 3537 σκᾶμβον
2094 3435 2139 3523 ξύ·

147 3552 257 3631 gnant
279 3560 358 3606 com
382 3535 574 3624 praeceptis
596 3531 682 3620 Dei,
707 3535 917 3605 utedictum
934 3533 1125 3608 Nabucho-
1175 3541 1241 3607 λον
1261 3531 1437 3607 οὐδέποτε
1458 3533 1581 3628 ὀρθὸν
1601 3535 1788 3637 γίνεσθαι.
1847 3541 2038 3633 Significat
2064 3545 2140 3614 enin

147 3648 321 3723 donosoc‚
349 3639 443 3730 quod
467 3635 611 3706 iubebat
634 3637 774 3706 adorari
797 3650 959 3712 statuam.
1019 3637 1127 3708 Tales
1174 3638 1379 3708 scandalum
1397 3639 1538 3728 proprie
1558 3642 1709 3730 tigillum
1725 3642 1764 3710 in
1779 3642 2054 3729 instrumentis,
2078 3644 2141 3740 qni·

149 3743 355 3815 traditiones
377 3751 460 3808 sunt
484 3736 662 3807 invocatio
685 3752 926 3819 mortuorum,
966 3741 1125 3809 adoratio
1175 3741 1241 3810 bus
1267 3739 1456 3827 capiuntur
1479 3741 1573 3831 lupi,
1599 3757 1661 3813 aut
1682 3745 1823 3833 vulpes,
1849 3758 1911 3815 aut
1932 3771 2064 3819 mures.
2107 3742 2141 3816 Et

148 3859 360 3926 statuarum,
394 3837 526 3910 Missae
549 3839 754 3930 papisticae,
789 3840 1043 3910 satisfactiones
1065 3865 1126 3932 pa·
1176 3835 1375 3933 Hesychius
1392 3863 1549 3930 expresse
1564 3844 1695 3936 inquit:
1722 3838 1934 3920 oxdvdolor
1947 3844 2143 3943 τὸένμυά·

147 3944 301 4039 pisticae.
354 3939 536 4025 ltem,lex
560 3941 603 4009 de
619 3940 816 4024 coelibatu,
842 3943 923 4033 quia
947 3942 1023 4011 sine
1045 3967 1127 4032 pec·
1176 3965 1293 4039 ypostc.
1344 3938 1392 4011 Et
1430 3947 1702 4014 commentarius
1735 3944 1993 4040 Aristophanis
2026 3951 2142 4045 inquit:

148 4050 234 4118 catis
258 4067 331 4114 non
354 4056 467 4135 potest
489 4042 680 4111 observari.
733 4038 786 4112 De
804 4036 858 4110 his
876 4044 1127 4112 traditionibus
1177 4033 1448 4136 σκανδάληθρα
1489 4059 1572 4114 sunt
1622 4071 1727 4115 curva
1770 4048 1866 4136 ligna
1902 4051 1944 4125 in
1979 4051 2145 4145 decipulis.

148 4149 314 4217 omnibus
348 4166 487 4214 necesse
523 4154 574 4212 est
606 4156 725 4212 tenere
757 4143 932 4231 regulam:
973 4139 1128 4235 Oportet
1176 4141 1287 4215 Recte
1303 4143 1411 4231 igitur
1428 4145 1590 4215 redditur
1607 4171 1739 4217 nomen
1758 4143 1973 4225 oadadotov
1989 4152 2143 4224 vocabolo

149 4245 226 4317 Deo
257 4247 367 4336 magis
397 4244 543 4314 obedire
572 4267 678 4335 quam
712 4236 929 4317 hominibus.
980 4243 1128 4315 Necesse
1177 4244 1394 4314 tendiculae:
1441 4246 1528 4315 inde
1554 4247 1710 4318 Ecclesia
1740 4274 1872 4320 nomen
1903 4252 2144 4327 transtulitad

148 4362 198 4418 est
215 4350 325 4438 igitur
339 4348 426 4416 tales
443 4347 535 4435 leges
550 4359 584 4415 et
600 4345 688 4414 ritus
703 4343 911 4434 simpliciter
923 4347 1074 4417 abolere.
1176 4345 1341 4425 insidias,
1370 4367 1431 4415 seu
1449 4349 1662 4434 tendiculas,
1690 4349 1855 4421 videlicet
1871 4378 1984 4444 prava
2001 4359 2145 4449 dogmata

92 4524 96 4532 ,
250 4448 433 4521 Secundus
458 4448 587 4538 gradus
610 4458 660 4515 est
682 4444 837 4524 rituum,
873 4446 936 4538 qui
956 4447 1021 4515 atsi
1043 4463 1128 4519 sont
1177 4459 1211 4516 et
1231 4469 1339 4538 prava
1361 4450 1536 4541 exempla,
1570 4475 1660 4544 quae
1683 4453 1828 4544 capiunt
1851 4449 2040 4547 homines,
2072 4456 2174 4539 sicot,¹

147 4572 285 4633 rerum,
310 4572 461 4642 quarum
484 4568 567 4617 usus
592 4570 654 4638 per
675 4568 749 4616 sese
770 4570 845 4615 non
865 4563 1027 4637 pugnant
1045 4574 1126 4620 cum
1176 4548 1377 4620 tendiculae
1399 4550 1539 4621 bestias,

145 4652 341 4745 praeceptis
363 4646 448 4734 Dei,
473 4661 591 4720 tamen
615 4647 813 4717 observatio
837 4647 876 4716 lit
892 4648 1021 4740 impia,
1045 4675 1126 4720 eum
1278 4645 1415 4720 Usitate
1436 4665 1554 4721 autem
1578 4667 1612 4725 et
1633 4656 1785 4725 docendi
1815 4680 1921 4729 cansa
1948 4663 2145 4734 offensiones

144 4754 291 4825 additur
312 4751 436 4841 opinio
457 4749 572 4820 cultus
594 4763 655 4819 aut
675 4748 908 4835 necessitatis,
940 4766 979 4820 ut
1000 4751 1127 4821 discri-
1176 4750 1437 4826 discernuntur.
1496 4749 1660 4824 Offensio
1690 4750 1888 4848 pharisaica
1907 4764 2047 4836 dicitur
2066 4763 2146 4834 indi.

145 4879 226 4926 men
252 4853 434 4935 ciborum,
465 4850 628 4930 vestitus,
657 4863 868 4939 temporum.
919 4848 961 4920 ln
984 4847 1041 4922 hia
1063 4877 1126 4923 ne·
1175 4850 1297 4941 gnatio
1319 4851 1356 4918 in
1376 4853 1512 4942 impiis,
1539 4856 1601 4948 qui
1625 4857 1859 4930 offenduntur
1880 4888 1967 4935 vera
1989 4850 2174 4945 doctrina,¹

144 4981 238 5028 cesse
255 4969 307 5027 est
321 4968 437 5024 taxare
455 4952 559 5021 falsas
574 4951 780 5041 opiniones,
805 4964 839 5021 et
864 4954 1048 5023 ostendere
1062 4956 1126 5048 qui
1175 4967 1209 5024 et
1234 4953 1401 5043 exemplis
1416 4976 1434 5023 a
1450 4953 1528 5024 Deo
1544 4958 1770 5048 adprobatis,
1806 4963 1890 5054 quia
1915 4990 2022 5056 aegre
2044 4969 2144 5038 serunt

142 5060 214 5129 sint
232 5059 305 5127 veri
321 5068 356 5124 et
371 5052 555 5122 necessarii
571 5054 698 5122 cultus.
752 5046 806 5120 Ac
822 5074 969 5142 prorsus
988 5057 1123 5125 aboleri
1174 5055 1379 5123 labefactari
1399 5077 1497 5124 snam
1524 5061 1736 5146 potentiam,
1775 5077 1836 5132 aut
1861 5065 2032 5158 impediri
2053 5089 2143 5162 quae·

141 5173 288 5250 possunt
303 5159 369 5247 ipsi
387 5156 493 5239 ritus,
518 5155 581 5246 qui
596 5176 668 5221 non
684 5166 832 5243 prosunt
848 5156 891 5220 ad
909 5155 1044 5226 bonum
1063 5181 1123 5227 or·
1173 5169 1277 5226 stum.
1345 5152 1393 5225 Ut
1414 5181 1494 5226 cum
1517 5155 1698 5230 Pharisaei
1721 5161 1979 5253 offenduntur,
2019 5180 2143 5240 taxante

140 5263 278 5344 dinem,
313 5272 352 5326 ut
376 5256 475 5328 stulti
498 5255 586 5324 ritus
603 5252 818 5323 discriminis
834 5255 1015 5345 ciborum,
1041 5283 1121 5331 cum
1173 5253 1317 5326 Christo
1336 5273 1519 5348 quaestum
1538 5262 1575 5328 3„
1592 5262 2142 5361 10m910„,f,qmopinionem

140 5363 282 5454 quidam
297 5371 332 5428 et
346 5357 544 5428 doctrinam
562 5357 726 5426 obscuret
739 5354 952 5429 observatio.
1173 5357 1361 5428 sacrificiis.
1408 5356 1462 5430 De
1480 5355 1545 5433 hac
1562 5364 1759 5435 offensione
1782 5367 1918 5440 dicitnr
1942 5369 2070 5446 Mastia.
2085 5362 2133 5444 15
