4522 5782
156 178 293 301 ’,λιιι
338 284 344 295 ,
390 282 395 289 ,
796 184 924 263 PfltL
946 173 1304 267 uun-scatere
1325 179 1631 267 flammea.
1752 264 1783 324 ¹.
1832 232 1838 245 ·
1974 202 2041 267 ·ῖ;.
2127 186 2212 269 ttts

193 392 293 463 turn,
318 387 429 448 taceat
444 369 556 465 prior.
609 365 722 451 ltesn,
751 356 1102 437 1.Tbessalnnicens.
1126 358 1180 438 5.:
1232 357 1313 430 Non
1326 371 1519 454 sequantur
1534 359 1765 451 cogitationes
1779 384 1879 449 snas,
1904 362 2069 437 sed-sint
2091 384 2210 435 mena

195 479 373 572 Spiritum
402 499 448 545 ne
476 471 689 561 extinguite,
726 460 930 558 prophetias
957 488 1003 533 ne
1022 478 1182 536 contem·
1231 484 1287 531 res
1306 478 1573 554 praeceptorum
1599 464 1684 535 Dei:
1712 464 1883 559 Sequitur
1905 488 1985 541 non
2007 488 2087 537 asse
2107 465 2209 535 ambi

194 580 281 651 nite.
333 576 468 649 Omnia
491 575 653 668 probate,
683 570 780 662 quod
803 570 939 638 bonum
958 579 1027 650 est,
1053 579 1179 641 tenete.
1232 564 1423 654 gnitatem,
1448 564 1505 634 cui
1527 561 1687 636 humano
1717 567 1850 638 iudicio
1872 569 1989 660 possit
2011 566 2101 639 addi
2118 566 2212 639 inter·

194 678 274 751 lloc
299 682 405 751 modo
428 681 471 748 ad
492 675 718 746 refutandum
738 669 1007 740 samosatenum
1039 668 1178 759 privato
1234 665 1395 757 prelatio.
1758 660 1794 753 .'

195 784 313 854 studio
343 796 487 873 propter
513 778 662 867 gloriam
685 771 753 840 Dei
782 781 1024 840 convenerunt
1054 771 1179 860 procul
1333 762 1411 837 Etsi
1428 782 1544 839 autem
1561 767 1605 836 de
1620 767 1719 857 lege,
1744 771 1845 843 etde
1871 769 2208 863 promissionibuset

193 880 391 975 Gregorius
406 877 706 952 Neocaesariensis
722 888 758 943 et
777 873 850 942 alii.
901 874 955 941 Ac
978 870 1061 941 talia
1084 895 1178 940 sem·
1231 868 1277 937 de
1306 870 1466 941 articulis
1494 873 1716 955 necessariis,
1755 896 1830 943 non
1855 889 1909 945 est
1940 873 2157 963 ambiguitas
2180 873 2210 943 ir

193 1012 259 1079 per
280 1002 363 1057 sunt
386 1008 488 1053 verae
509 977 686 1052 Ecclesiae
709 974 862 1056 iudicia,
895 978 1179 1066 quandocunque
1231 970 1370 1061 scriptis
1396 967 1612 1063 propheticis
1633 987 1668 1043 et
1690 976 1911 1063 apostolicis,
1938 990 2064 1046 umen
2088 974 2208 1067 quiain
2244 1054 2247 1059 ¹

193 1105 276 1159 sunt
294 1086 468 1158 Ecclesiae
490 1080 714 1152 mediocriter
734 1077 936 1160 restitutae,
961 1088 1003 1145 ut
1027 1097 1091 1143 nos
1116 1076 1179 1144 ad·
1230 1072 1520 1146 contentionibus
1542 1071 1646 1141 etiam
1673 1075 1776 1163 plane
1805 1077 1898 1148 dicta
1928 1077 2088 1147 dirersis
2114 1079 2208 1147 intu-

192 1186 319 1261 hibitis
332 1190 410 1259 aliis
427 1188 493 1277 piis
507 1208 547 1254 ac
564 1180 712 1252 eruditis
730 1178 834 1279 viris,
860 1174 928 1245 hoc
947 1178 1054 1245 modo
1076 1200 1179 1266 saepe
1232 1174 1489 1262 precationibus
1513 1176 1812 1247 transformantur
1828 1179 1865 1249 in
1881 1179 2008 1268 plures
2022 1179 2208 1263 sententiat,

192 1289 445 1381 llnabaptistas
479 1284 708 1356 refutavimus
735 1304 775 1348 ac
808 1278 1067 1347 damnavimus.
1125 1277 1180 1347 De
1232 1278 1375 1365 prodest
1409 1279 1532 1346 audire
1568 1278 1770 1347 testimonia
1805 1281 1961 1369 purioris
1985 1278 2208 1351 Ecclesiaeir

167 1386 257 1464 xtali
288 1394 421 1462 iudicio
451 1413 525 1458 non
547 1385 732 1481 tyrannico
750 1380 904 1450 Basilius
918 1379 1095 1471 loquitur,
1120 1379 1179 1447 in·
1231 1377 1410 1470 aliquibus
1429 1377 1604 1458 materiis,
1631 1394 1665 1449 et
1681 1403 1721 1449 ea
1737 1384 1898 1453 conferre
1911 1387 1955 1451 ad
1974 1384 2115 1465 fontes,
2137 1404 2209 1474 quse
2244 1444 2248 1473 l

193 1497 337 1589 quiens:
359 1489 463 1566 Ἀλλά
476 1492 568 1561 stow
582 1482 784 1566 ἐπίσκοποι,
798 1481 967 1574 κληθῶοι
981 1474 1178 1574 ελςὰκρόα-
1231 1503 1310 1547 cuns
1327 1480 1487 1550 videmus
1502 1481 1614 1567 magis
1629 1503 1822 1569 congruere
1838 1508 1919 1553 curn
1937 1485 2118 1568 fontibus,
2131 1482 2207 1555 mol-
2244 1484 2248 1545 l

166 1619 265 1678 ,om
311 1593 410 1667 'Euri
429 1597 563 1686 κλῆρος
585 1583 680 1660 κατὰ
700 1590 826 1656 πᾶσαν
846 1587 914 1654 τοῦ
929 1582 1024 1652 θεοῦ
1046 1606 1177 1676 nopot—
1231 1593 1308 1650 tum
1342 1582 1595 1650 confirmamur
1629 1597 1665 1653 et
1697 1581 1751 1651 his
1779 1586 1864 1673 ipsis
1891 1587 2124 1658 testimoniis.
2172 1582 2207 1655 Ut

191 1696 301 1787 κίον,
341 1694 646 1787 συναχθήτιοσαν
672 1685 707 1759 οἱ
735 1678 1003 1775 δοκιμώτατοι,
1044 1681 1179 1782 λεγέτω
1231 1706 1433 1774 quanquam
1460 1682 1709 1753 samosatenus
1729 1700 1843 1757 astute
1868 1689 2033 1777 disputat
2063 1689 2102 1755 in
2131 1685 2206 1755 dicte

70 1781 76 1801 ⁹
191 1795 285 1892 μετὰ
308 1792 511 1891 παῤῥησίας
533 1789 554 1864 ὁ
577 1784 825 1887 βουλόμενος,
850 1784 915 1858 ἵνα
934 1778 1118 1882 ἔλεγχοςῇ
1134 1781 1178 1857 τὸ
1231 1779 1402 1854 lobannis
1423 1784 1465 1856 ἐν
1486 1780 1584 1878 ἀρχῇ
1607 1776 1655 1877 ἦν
1677 1780 1698 1857 ὁ
1721 1780 1851 1883 λόγος,
1876 1813 1953 1858 non
1972 1789 2208 1878 intelligiper·
2244 1778 2248 1897 ff

174 1895 438 2000 γιγνόμενον,
464 1891 528 1969 καὶ
546 1890 598 1987 μὴ
613 1886 793 1984 λοιδορία.
1229 1908 1352 1956 sonam
1368 1886 1514 1954 nomine
1529 1886 1650 1984 λόγος,
1673 1901 1887 1960 tamencum
1902 1891 2062 1980 legimus
2079 1888 2208 1967 lrenaei,
2246 1910 2249 1975 ξ

294 2003 455 2075 Secunda
472 1997 629 2093 quaestio
647 2008 699 2066 εει
721 1996 765 2062 de
789 2013 933 2074 norma,
958 1988 1053 2059 iusta
1071 2011 1177 2081 quam
1230 1986 1396 2075 Gregorii
1410 1986 1730 2075 Neocaesariensis‚
1755 2005 1791 2061 et
1810 1992 1967 2063 aliorum
1991 1994 2207 2085 probatorum

190 2104 422 2175 iudicandum
444 2117 507 2172 est·
571 2093 641 2167 Hic
670 2119 744 2164 non
768 2094 917 2164 dubium
942 2105 994 2161 est
1016 2113 1177 2160 normam
1228 2090 1461 2181 interpretum
1483 2091 1692 2173 sententias,
1724 2107 1874 2184 prosunt
1897 2090 1988 2165 haec
2020 2092 2207 2164 testimonia

191 2230 267 2279 esse
295 2208 389 2299 ipsos
428 2205 541 2274 libros
576 2192 800 2291 propheticos
834 2207 868 2263 et
902 2193 1113 2283 apostolicos
1144 2208 1179 2264 et
1229 2193 1273 2261 ad
1302 2213 1367 2259 nos
1399 2190 1577 2261 docendos
1606 2205 1642 2263 et
1663 2195 1936 2270 confirmandos.
2008 2194 2101 2266 ldeo
2127 2196 2207 2265 enin

191 2311 372 2405 symbola,
411 2303 604 2397 inquibus
630 2297 808 2391 praecipui
838 2295 977 2364 articuli
1005 2296 1178 2387 propositi
1228 2292 1326 2362 Deus
1341 2293 1575 2371 ministerium
1593 2294 1630 2361 iu
1646 2290 1801 2365 Ecclesia
1818 2313 1952 2384 servat,
1978 2314 2021 2368 ut
2036 2294 2207 2388 Ephesi.

191 2412 230 2481 in
255 2412 357 2480 libris
382 2403 597 2499 propheticis
623 2416 656 2472 et
678 2398 878 2491 apostolicis
903 2397 1055 2465 breviter
1081 2422 1177 2468 com·
1229 2396 1490 2484 scriptumest,
1521 2395 1574 2463 Ne
1588 2396 1878 2469 circumferamur
1903 2401 2016 2469 variis
2039 2400 2205 2470 doctrina·
2248 2452 2250 2459 ,

191 2510 361 2606 prehensi
384 2523 478 2579 suut.
547 2500 696 2572 Etcum
726 2501 1000 2568 deliramentum
1031 2498 1175 2591 aliquod
1230 2521 1307 2565 rum
1324 2498 1456 2582 ventis,
1480 2498 1541 2565 sed
1563 2497 1634 2565 sint
1656 2500 1765 2591 aliqui
1784 2514 1887 2569 testes
1905 2526 2014 2571 verae
2037 2501 2206 2571 doctrinar
2247 2542 2250 2565 .

190 2626 325 2707 pugnat
347 2637 426 2682 cum
459 2607 642 2698 perspicuo
676 2603 825 2673 articulo
848 2600 976 2670 tradito
1011 2599 1178 2671 inlibris
1229 2598 1559 2687 siueambignitatc.
1610 2597 1656 2668 Et
1673 2602 1775 2670 iussit
1791 2603 1908 2671 audiri
1927 2600 2131 2673 Ecclesiam
2155 2604 2206 2671 do-
2247 2584 2250 2667 l

191 2710 407 2811 propheticis
428 2723 489 2780 aut
511 2705 731 2799 apostolicis,
764 2716 825 2772 aut
848 2701 1036 2794 symbolis,
1061 2704 1177 2771 mani-
1230 2700 1371 2769 ctricem
1388 2716 1421 2770 et
1438 2699 1681 2785 monitricem,
1706 2703 1794 2771 sicut
1813 2703 1930 2795 inquit
1942 2704 2120 2776 Samson:
2146 2699 2207 2775 Nisi

191 2820 279 2889 leste
297 2829 357 2901 ¹est
378 2812 585 2883 diiudicatio
611 2807 708 2875 ittxta
726 2800 818 2873 hanc
840 2803 1015 2891 regulam:
1043 2803 1080 2876 Si
1098 2806 1177 2898 quis
1229 2802 1388 2871 arassetis
1404 2826 1478 2870 mea
1496 2802 1624 2886 vitula,
1651 2827 1725 2871 nou
1743 2805 1978 2877 invenissetis.
2030 2802 2080 2875 Et
2096 2807 2139 2875 ad
2153 2803 2206 2875 ee-

192 2921 292 2990 aliud
309 2916 541 3005 Evangelium
564 2913 682 2991 docet,
708 2901 976 2986 anathemasti,
1001 2906 1177 2976 utMani-
1231 2919 1323 2975 trum
1339 2905 1473 2997 inquit:
1493 2902 1541 2974 Et
1556 2908 2199 2979 tuconversusconlirmafratrestuot.

190 3017 269 3091 rhai
288 3020 446 3101 lurores,
471 3017 556 3086 item
574 3011 753 3099 Pelagiani
776 3032 857 3077 curn
873 3009 1067 3100 perspicuis
1091 3013 1177 3081 arti·
1331 3005 1519 3075 Audienda
1534 3018 1584 3074 cst
1607 3005 1715 3094 igitur
1737 3031 1818 3077 vera
1833 3005 1993 3079 Ecclesia
2017 3024 2060 3081 ut
2086 3008 2207 3079 doctrix

191 3124 282 3195 ‘ull‘
298 3123 514 3212 pugnabant,
1230 3121 1264 3178 et
1278 3109 1466 3187 monitrix,
1492 3110 1552 3177 sed
1577 3106 1663 3175 fides
1684 3110 1818 3179 nitatur
1845 3114 1955 3180 verbo
1977 3110 2063 3185 Dei.
2116 3109 2208 3183 Com-

292 3222 364 3297 sed
382 3221 439 3292 hic
453 3219 627 3290 obiiciunt
640 3210 846 3305 Sopltistae,
871 3211 982 3281 multa
998 3234 1071 3279 esse
1086 3213 1178 3281 dicta
1230 3211 1417 3281 monelacti
1443 3210 1549 3297 igitur
1571 3212 1617 3277 ab
1631 3206 1787 3279 Ecclesia
1814 3215 2043 3283 conseramus
2064 3214 2208 3283 testimo·

192 3329 339 3398 obscura
356 3339 390 3394 et
404 3324 566 3409 ambigua
587 3320 625 3385 in
641 3318 742 3385 libris
756 3311 971 3406 propheticis
987 3327 1022 3382 et
1036 3329 1177 3402 aposto·
1230 3314 1288 3381 nia
1312 3314 1387 3381 eius
1410 3314 1601 3380 adlontes.
1652 3308 1701 3382 Et
1723 3326 1821 3400 grata
1836 3316 2066 3386 confirmatio
2088 3329 2139 3385 eet
2153 3317 2206 3383 ba.
2248 3300 2252 3455 p

191 3430 280 3499 licis
331 3425 452 3515 Quare
467 3446 586 3491 vocem
604 3420 730 3487 iudicis
744 3418 964 3487 cotttendunt
978 3417 1176 3485 autefereu-
1231 3440 1296 3483 nae
1312 3415 1440 3497 menti,
1467 3415 1556 3481 scire
1570 3436 1606 3480 se
1624 3437 1698 3482 non
1721 3414 1899 3484 discedere
1919 3441 1940 3485 a
1958 3440 2142 3487 consensu
2158 3437 2207 3483 re·

193 3534 276 3600 dam
301 3551 374 3597 esse
394 3526 496 3595 libris
516 3518 732 3613 propheticis
757 3533 793 3588 et
813 3517 1024 3606 apostolicis.
1098 3516 1176 3587 Hoc
1229 3541 1288 3585 rae
1312 3515 1506 3596 Ecclesiae,
1535 3529 1568 3586 et
1589 3540 1661 3583 uno
1685 3517 1811 3604 spiritu
1836 3531 1871 3586 et
1893 3541 1967 3586 una
1995 3542 2087 3587 voce
2107 3517 2207 3587 Deum
2250 3470 2252 3563 l

193 3644 374 3721 praetextu
392 3628 453 3698 alii
474 3628 647 3720 synodos,
672 3621 735 3689 alii
752 3620 882 3713 Papam
900 3619 1103 3690 anteferunt
1121 3616 1176 3689 his
1230 3623 1393 3688 invocare
1410 3644 1488 3687 cum
1508 3641 1587 3683 vera
1604 3614 1783 3702 Ecclesia,
1810 3621 1901 3688 sicut
1916 3618 2064 3689 Psalmo
2081 3623 2143 3693 21.
2162 3617 2208 3687 di·
2250 3664 2253 3677 .

192 3735 314 3817 llbrlsss
348 3733 439 3802 δῖῦΰί
463 3731 500 3797 ῐΙι
524 3726 683 3821 quolibet
705 3746 832 3811 regno,
864 3744 944 3788 cum
974 3721 1012 3787 in
1041 3721 1176 3810 legibus
1229 3722 1341 3792 citur:
1383 3719 1424 3788 ln
1457 3720 1574 3786 medio
1607 3716 1783 3787 Ecclesiae
1817 3721 1972 3791 laudabo
2006 3735 2056 3795 te.
2118 3720 2207 3803 Item,

194 3830 473 3928 deprehenditur
487 3827 683 3900 obscuritas
699 3839 760 3893 atat
773 3822 999 3909 ambiguitas,
1022 3825 1175 3893 antefer·
1229 3823 1369 3894 Psalmo
1389 3822 1490 3890 llO.:
1518 3819 1723 3890 Confitebor
1743 3823 1808 3893 tibi
1821 3820 1978 3891 Domine
2001 3825 2041 3891 in
2068 3823 2208 3895 concilio

196 3954 255 4011 tur
280 3960 354 4005 vox
380 3933 471 4021 regis
495 3930 671 4020 explicans
692 3930 840 3994 obscure
860 3925 914 3992 vel
941 3925 1104 4013 ambigue
1121 3925 1176 3993 di-
1229 3940 1263 3995 et
1287 3923 1557 4011 congregatione
1580 3922 1765 3994 iustorum.
1838 3920 1885 3996 Et
1916 3925 1955 3993 in
1990 3926 2207 3997 sommum

193 4055 303 4112 ctum·
351 4035 396 4105 El
420 4037 458 4102 ln
480 4031 639 4122 imperiis
663 4051 803 4096 neccsse
827 4040 878 4095 est
903 4028 1121 4118 acquiescere
1139 4030 1175 4095 in
1230 4040 1302 4097 tota
1326 4027 1571 4094 narrationum
1594 4025 1684 4092 serie
1709 4025 1812 4093 unica
1836 4040 1869 4095 et
1898 4027 2021 4095 nativa
2045 4028 2208 4099 sententia

195 4167 235 4211 ea
260 4138 509 4230 explicatione,
536 4131 669 4222 alioqui
693 4129 814 4197 nullus
834 4128 915 4195 finis
936 4142 1024 4197 esset
1046 4129 1175 4198 litium.
1230 4132 1424 4220 plerunque
1448 4126 1600 4194 inveniri
1626 4139 1746 4215 potest.
1803 4125 1920 4197 sicet
1944 4132 2208 4201 nunemfiuvg.
2251 4110 2254 4213 l

194 4243 273 4315 lloc
301 4238 498 4327 exemplum
529 4234 713 4325 politicum
747 4230 963 4301 transferunt
992 4227 1177 4322 Sophistae
1230 4255 1311 4299 mur
1333 4231 1371 4297 in
1396 4229 1515 4297 multis
1539 4228 1786 4296 controversiis
1809 4253 1829 4297 a
1855 4232 1964 4298 veteri
1983 4245 2017 4300 et
2034 4228 2208 4302 sinceriori

193 4349 238 4417 ‘d
263 4343 392 4412 ludicii*
410 4336 599 4408 Estlfflffl·
1229 4331 1397 4403 Ecclesia.
1451 4329 1680 4399 Manifestum
1699 4348 1749 4401 est
1770 4331 1807 4397 in
1828 4331 1942 4420 prima
1958 4329 2125 4403 Ecclesia
2147 4354 2209 4403 non

296 4442 366 4515 Sed
391 4439 676 4529 respondendum
698 4448 766 4506 est:
794 4433 848 4502 De
870 4433 1031 4503 doctrina
1055 4456 1176 4503 neces·
1228 4435 1335 4503 luisse
1370 4433 1522 4523 privatas
1551 4432 1689 4502 Missas.
1750 4431 1857 4502 Hunc
1889 4458 2029 4502 morem
2068 4462 2150 4507 cum
2172 4434 2208 4504 ad

192 4548 306 4630 saria,
331 4545 429 4613 nulla
446 4557 497 4612 est
511 4540 720 4627 ambiguitas
735 4537 773 4605 in
795 4537 895 4605 libris
913 4532 1127 4625 propheticis
1141 4549 1176 4606 et
1230 4536 1331 4605 Pauli
1355 4537 1446 4605 dicta
1463 4535 1695 4617 cotelerinsus,
1730 4535 1997 4605 videmuseum
2022 4558 2209 4627 congruere
2252 4556 2255 4561 ·

195 4647 397 4741 apostolicis
413 4661 446 4716 et
464 4644 501 4711 in
528 4641 721 4736 symbolis,
747 4639 776 4705 si
798 4639 875 4707 sine
897 4638 1119 4706 cavillatione
1140 4654 1174 4708 et
1227 4661 1307 4709 cum
1330 4632 1399 4706 hnc
1423 4637 1536 4719 dicto,
1570 4632 1877 4711 l.Corinth.1l.:
1908 4633 2006 4706 Cum
2023 4637 2212 4710 convenitis

193 4755 314 4825 dextre
335 4747 600 4828 intelligantur,
632 4743 787 4828 inspecta
810 4739 1174 4830 perpetuanarratio·
1226 4741 1269 4808 ad
1293 4762 1437 4808 coenam
1460 4735 1630 4816 Domini,
1656 4752 1832 4829 expectate
1852 4752 2022 4810 caeteros.
2079 4741 2135 4811 De
2157 4743 2210 4811 hs.

191 4875 280 4926 nom
298 4851 404 4934 serie,
431 4863 465 4918 et
477 4869 594 4915 secum
610 4843 912 4913 consentientibus
925 4841 1113 4922 membris,
1134 4855 1174 4910 ut
1226 4841 1354 4930 ptismo
1380 4840 1556 4908 infantum
1582 4840 1686 4909 etiam
1713 4840 1939 4929 Augustinus
1965 4844 2055 4915 citat
2090 4846 2210 4935 primae

192 4958 232 5026 in
255 4976 465 5049 quartusque
489 4945 779 5037 interpretatione
806 4943 880 5012 fieri
906 4943 1020 5013 debet.
1088 4939 1172 5010 ldeo
1223 4940 1398 5011 Ecclesiae
1423 4944 1726 5029 consuetudinem.
1782 4940 1829 5014 Et
1854 4936 2039 5032 Origenes
2062 4965 2209 5036 expretoe

178 5049 401 5133 ·2.Corinth.
418 5052 454 5122 λ.
470 5047 616 5119 dicitur:
644 5044 684 5115 Si
702 5046 857 5115 velatum
871 5058 921 5113 est
937 5041 1169 5134 Evangeliurn
1224 5045 1342 5137 inquit
1368 5043 1402 5113 6.
1420 5044 1533 5135 capite
1550 5047 1594 5112 ad
1612 5040 1805 5118 Romanos.
1858 5042 1989 5139 ltaque
2004 5062 2042 5119 et
2059 5044 2205 5119 Ecclesia

180 5148 376 5239 ·¹¹‘l⁸¹¹¹¹¹¹¹l
403 5158 441 5222 5¹¹
460 5149 515 5220 Μ*
530 5148 591 5243 ‘lUi
608 5161 774 5238 pereunt,
799 5148 951 5216 “litium
969 5159 1030 5215 etl·
1223 5147 1268 5215 ab
1287 5143 1468 5233 Apostolis
1492 5146 1717 5215 traditionem
1738 5148 1890 5238 accepit,
1922 5150 2033 5221 ctiam
2057 5145 2205 5241 parvulis

179 5252 184 5261 .
292 5257 381 5347 hem
399 5280 478 5326 cum
495 5274 653 5339 expresse
667 5263 892 5339 praeceptum
906 5247 967 5317 sit:
991 5241 1091 5316 Nihil
1107 5247 1171 5314 ael·
1223 5249 1306 5316 dare
1329 5247 1555 5337 baptismum.
1607 5241 1652 5315 Et
1678 5248 1714 5315 id
1736 5251 1847 5337 magis
1870 5250 2041 5339 congruit
2062 5248 2204 5321 cumdi-

191 5354 398 5449 das,'nihil
422 5349 605 5440 detrahas,
636 5367 671 5423 et
693 5347 932 5435 in..Numeris
957 5350 1069 5439 capite
1096 5346 1169 5425 15.:
1223 5349 1286 5419 ctis
1307 5349 1346 5417 in
1372 5350 1557 5441 scriptura.
1630 5344 1774 5421 Certum
1803 5344 1854 5424 est
1881 5353 2141 5449 promisqiones
2162 5346 2200 5421 sd
