4522 5782
108 222 208 305 sttts
710 214 1604 302 anmmscntttamessttcb·
1727 242 1880 311 erte
2045 40 2166 385 ml

210 393 266 469 Ac
281 417 424 488 prorsus
437 393 653 466 execrandus
667 407 719 464 est
734 418 835 465 error
850 390 1097 477 Stenlseleldii‚
1145 405 1181 463 et
1202 394 1473 485 temperantiam
1490 407 1630 466 -tautsm
1654 396 1782 477 iarisse,
1814 419 1911 490 quse
1930 409 2055 467 tamn
2073 417 2129 465 ns·
2164 414 2166 439 ¹

116 500 178 598 qni
191 522 349 584 expresse
365 497 508 581 scribit,
533 494 649 566 Deum
666 520 740 565 non
757 496 1099 585 esseellicacemper
1147 507 1248 564 turae
1274 509 1502 585 congrueret,
1540 511 1574 568 et
1598 500 1728 570 victum
1753 522 1827 568 non
1847 497 2000 570 sordide
2019 499 2129 579 datum

116 601 354 692 cognitionem
375 596 559 686 Evangelii
583 598 695 667 auditi
718 613 780 668 aut
800 596 900 684 lecti,
932 622 973 668 ac
998 597 1100 685 lingit
1150 620 1224 667 esse
1249 597 1371 669 servis.

117 704 211 776 elias·
234 699 515 771 illuminationes
544 713 641 769 extra
670 695 924 789 Evangelinrn,
963 690 999 769 et
1023 699 1101 766 sins
1250 695 1364 769 Erant
1393 711 1509 769 antem
1539 701 1728 794 praecipue
1757 701 1796 770 in
1829 700 1966 772 ludeee
1997 722 2130 791 magnas

118 801 326 894 Evangelio.
366 800 472 871 Tales
498 802 636 871 furores
659 801 745 870 olim
771 799 987 887 Marcionis,
1018 797 1100 871 Ma·
1152 800 1367 873 calamitates
1381 825 1523 885 eorum,
1548 799 1861 895 quiEvangelinm
1876 805 2129 895 amplecteban-

119 896 723 977 nichaeorumetEnthusiastarnm
746 903 910 983 luerunt,
942 917 978 974 et
1002 925 1102 970 erro-
1151 915 1222 976 tur.
1277 901 1387 973 Multi
1422 904 1518 972 enim
1552 905 1882 991 interficiebantur,
1926 903 2074 999 plurimi
2095 928 2128 974 es

120 1029 183 1078 nes
206 1004 465 1096 Anabaptistae
494 1005 624 1074 similia
656 1017 817 1094 portenta
840 1005 1104 1075 circumferunt.
1152 1004 1432 1096 possessionibus
1456 1007 1609 1094 propriis
1632 1008 1923 1093 excutiebantur,
1959 1006 2129 1098 'cogeban-

120 1108 243 1183 Sciant
259 1123 375 1178 antem
393 1106 506 1174 honae
522 1121 656 1175 mentes
673 1107 847 1198 praecipi,
873 1120 913 1177 ut
927 1107 1104 1175 discamus
1153 1120 1213 1176 tur
1229 1108 1381 1176 excolare.
1434 1108 1490 1175 Ad
1517 1104 1581 1178 has
1598 1109 1756 1177 miserias
1773 1122 1861 1179 tunc
1876 1110 2028 1181 accessit
2047 1131 2129 1178 com-

122 1224 157 1283 et
179 1212 371 1300 cogitemus
395 1209 542 1277 verbum
570 1205 656 1292 Dei,
691 1207 788 1278 iusta
811 1210 962 1278 dictum:
997 1204 1105 1276 Hune
1153 1209 1273 1278 munis
1294 1209 1402 1277 fames
1426 1209 1463 1278 in
1488 1222 1560 1279 tota
1587 1212 1670 1280 Asia
1695 1225 1729 1282 et
1752 1205 1935 1303 Europa..
1967 1208 2018 1282 Ut
2039 1209 2130 1298 igitur

123 1315 255 1385 audite.
308 1309 413 1381 ltem:
440 1303 806 1378 Osculaminililinm.
840 1306 887 1381 Et
904 1323 999 1379 certo
1016 1309 1106 1377 scia·
1154 1310 1286 1379 alicubi
1313 1335 1482 1402 pauperes
1503 1311 1657 1381 faeniliae
1681 1312 1911 1398 iuvarentur,
1953 1309 2084 1383 Paulus
2100 1311 2129 1380 is

123 1436 203 1486 snus
221 1411 336 1483 Deum
362 1436 423 1500 per
441 1405 548 1480 huius
571 1411 691 1502 scripti
708 1408 895 1501 Evangelii
921 1410 1106 1501 cogitatio·
1156 1409 1305 1481 Graecia
1329 1427 1362 1481 et
1383 1414 1469 1481 alibi
1493 1414 1678 1502 pecuniam
1700 1414 1860 1504 collegit,
1894 1436 2007 1508 qnam
2031 1416 2066 1483 in
2084 1411 2129 1483 ln·

123 1540 205 1589 nem
221 1517 393 1584 efficacem
412 1535 503 1595 esse,
529 1526 568 1581 nt
585 1513 716 1582 dicitnr
731 1510 886 1585 Roman.
900 1510 974 1583 10.:
1000 1510 1108 1582 Fides
1156 1515 1278 1582 daeam
1302 1514 1426 1583 attulit.
1492 1512 1564 1584 llas
1583 1531 1781 1603 temporum
1806 1516 2129 1587 circumstantius

123 1619 304 1689 exauditu
319 1628 382 1688 est.
437 1612 542 1683 ltem:
569 1610 673 1683 Pater
688 1614 863 1685 sanctifica
880 1638 939 1684 cus
957 1619 995 1683 in
1014 1611 1108 1683 veri·
1155 1612 1331 1683 Ecclesiae
1347 1639 1552 1695 aerumnas,
1579 1631 1613 1686 et
1631 1617 1887 1706 Apostolorum
1909 1640 2017 1688 encas
2032 1618 2069 1685 in
2086 1616 2128 1684 in·

125 1733 214 1806 use,
237 1741 356 1789 sermo
380 1728 462 1786 tuns
483 1729 536 1785 est
559 1714 697 1784 veritas.
1158 1717 1283 1785 vendis
1302 1717 1534 1806 pauperibus,
1560 1733 1594 1788 et
1612 1719 1737 1789 alenda
1753 1718 2012 1790 benevolentia
2026 1715 2128 1807 Etcle

125 1884 239 1964 Nm
262 1895 385 1958 ,mum
404 1877 617 1985 proficiscor
637 1878 930 1978 lerosolymam,
971 1890 1111 1955 mser·
1157 1841 1289 1889 starum
1314 1822 1536 1887 considerare
1558 1820 1646 1888 ntsle
1671 1835 1734 1892 est.

484 1986 490 2002 ,
740 1987 747 2001 ,
1259 1919 1375 1990 Simul
1406 1933 1522 1989 antem
1555 1920 1680 1992 inlesit
1704 1915 1763 1991 hie
1787 1922 2128 1995 admonitionemde

453 2008 599 2055 viamus
622 1993 779 2056 sanctss-

1159 2022 1320 2091 mercede
1341 2023 1459 2091 debita
1482 2020 1655 2091 ministris
1675 2020 1881 2114 Evangelii,
1935 2029 1983 2096 de
2005 2049 2071 2118 qne
2090 2038 2128 2093 ta·

228 2124 320 2199 Cum
336 2136 435 2194 antea
451 2124 495 2192 de
510 2146 575 2191 suo
593 2121 709 2192 officio
724 2120 870 2206 dixerit,
895 2121 1012 2192 obiter
1027 2144 1110 2190 nar·
1160 2147 1240 2192 men
1257 2123 1488 2197 concionatur
1504 2124 1680 2215 copiosius
1702 2126 1835 2214 primae
1850 2127 1896 2194 ad
1916 2123 2128 2206 Corinthi..

99 2247 184 2311 'rat
214 2243 250 2301 et
282 2225 582 2320 peregrinationes
615 2245 714 2305 snas,
761 2236 796 2293 et
827 2223 1109 2293 benevolentiam
1159 2225 1222 2294 nbi
1250 2248 1408 2313 expresse
1430 2226 1569 2319 inquit:
1596 2225 1656 2297 Sic
1679 2223 1857 2296 Dominus
1877 2229 2082 2312 ordinavit,
2101 2238 2128 2295 nt

128 2359 227 2413 suam
243 2353 324 2417 erga
342 2324 553 2409 Ecclesiam,
585 2349 675 2417 qnae
695 2321 832 2394 Romae
854 2326 940 2404 luit,
977 2324 1111 2415 signib·
1160 2323 1196 2394 hi
1214 2327 1275 2419 qui
1294 2323 1528 2417 Evangelinm
1546 2329 1695 2418 docent,
1721 2352 1762 2397 ex
1786 2325 1992 2419 Evangelio
2017 2331 2128 2400 victum

129 2451 203 2522 cat,
237 2446 271 2502 et
293 2453 389 2518 spem
405 2426 456 2495 eis
473 2428 646 2495 adventus
669 2426 725 2508 sui
748 2426 843 2496 lacit.
898 2424 1001 2495 Nunc
1026 2449 1110 2495 vero
1158 2422 1322 2497 habeant.
1373 2425 1419 2499 Et
1443 2430 1625 2498 adduntur
1646 2430 1756 2501 multa
1781 2447 2009 2520 argumenta.
2059 2430 2129 2520 Quis

128 2542 198 2625 sit,
223 2536 261 2604 in
279 2533 446 2602 Iudaeam
464 2550 499 2596 se
515 2527 766 2618 proficisci,nt
783 2528 911 2599 sanctis
929 2527 1112 2617 egentibus
1158 2530 1288 2599 militat
1330 2532 1401 2599 suis
1436 2530 1651 2619 stipendiis?
1700 2532 1764 2601 ubi
1795 2555 1884 2602 usus
1917 2548 1972 2606 est
2006 2534 2129 2602 nornine

127 2643 264 2717 adierat
282 2631 487 2726 pecuniam,
514 2654 619 2721 quam
642 2628 679 2696 in
695 2627 907 2698 Macedonia
927 2646 960 2698 et
976 2622 1110 2698 Achaia
1158 2625 1339 2726 ὀψώνιον.
1387 2632 1446 2703 Sic
1461 2632 1557 2699 enim
1573 2633 1700 2702 usitate
1714 2634 1892 2724 stipendia
1910 2637 2138 2707 nominabis-s

128 2739 353 2817 contulerant
368 2728 562 2816 Ecclesiae,
589 2744 628 2800 nt
644 2728 827 2820 egentibus
842 2732 879 2800 in
896 2730 988 2800 farne
1006 2755 1109 2819 opem
1159 2749 1235 2817 tur,
1268 2733 1351 2824 quia
1379 2735 1553 2802 militibus
1577 2735 1613 2803 in
1641 2735 1835 2824 provinciis
1859 2737 2037 2831 stipendii
2059 2739 2128 2817 too.

128 2849 274 2921 tenero.
325 2832 555 2905 Notissimum
577 2832 743 2903 estenisn
772 2832 809 2900 in
832 2827 980 2902 historia
1003 2830 1110 2902 Clau·
1156 2836 1393 2918 frumentum,
1420 2859 1560 2912 carnes,
1590 2836 1734 2921 vinnm,
1759 2837 1902 2924 oleum,
1936 2864 2062 2931 poma,
2090 2835 2128 2908 tei

129 2949 182 3021 dii
202 2937 426 3034 imperatoris
446 2935 484 3002 in
500 2935 601 3013 Asia,
629 2931 778 3003 Graecia
794 2948 827 3003 et
846 2932 946 3004 ltalia
963 2957 1005 3001 eo
1021 2947 1111 3002 tem·
1158 2939 1346 3006 dabantur.
1398 2934 1490 3023 Quia
1511 2934 1664 3008 Romani
1685 2940 1845 3029 occupati
1863 2943 2065 3031 provinciis
2079 2941 2127 3011 ini·

130 3072 215 3144 pore
231 3062 393 3132 magnam
411 3036 629 3106 sterilitatem
647 3037 781 3127 aliquot
799 3060 973 3105 annornm
992 3035 1112 3120 luisse,
1160 3039 1208 3108 tio
1228 3053 1364 3108 tantum
1387 3033 1453 3107 hoc
1474 3061 1565 3106 onus
1589 3039 1811 3126 indicebant,
1836 3055 1879 3111 nt
1903 3046 2062 3114 decimas
2080 3045 2126 3113 in·
2164 3086 2166 3114 ι

129 3168 165 3226 et
179 3146 311 3220 multos
327 3137 490 3210 homines
506 3139 633 3227 pressim
655 3138 747 3205 fame
761 3137 932 3207 extinctos
949 3160 1033 3207 esse.
1160 3142 1257 3230 perio
1275 3141 1486 3229 penderent,
1511 3154 1549 3210 nt
1564 3142 1686 3210 scribit
1700 3140 1902 3233 Appianns.
1943 3144 2034 3216 lnde
2050 3167 2126 3238 pras·

230 3250 288 3319 De
310 3270 348 3312 ea
367 3242 459 3310 lame
481 3241 518 3307 in
543 3239 641 3308 Actis
661 3241 792 3307 dicitnr
808 3263 884 3327 cap.
903 3238 1111 3308 undecimo:
1159 3243 1260 3310 cidiis
1281 3243 1460 3311 dabantur
1484 3265 1539 3311 res
1562 3257 1654 3312 terra
1678 3259 1797 3327 natae,
1834 3269 1996 3339 quarum
2020 3268 2125 3320 nonen
2163 3290 2166 3332 Ι

128 3368 164 3427 et
191 3345 367 3422 Eusebius
389 3340 512 3410 scribit
543 3341 702 3409 modium
726 3339 834 3409 tritici
855 3364 912 3409 sex
933 3335 1112 3408 drachmis
1159 3334 1327 3439 ὀψώνιον
1351 3368 1415 3434 pro
1440 3344 1616 3431 stipendio
1637 3361 1846 3437 usurpatum
1871 3363 1939 3419 est.

130 3453 314 3528 venditum
348 3468 431 3517 esse.
482 3440 529 3511 Et
550 3443 587 3511 in
617 3456 713 3511 sesto
742 3441 856 3532 capite
879 3441 1112 3535 Apocalypsis
1256 3440 1318 3516 Est
1337 3460 1453 3512 autem
1470 3442 1624 3538 ὅψονοιι
1640 3442 1738 3542 ἕψω,
1773 3451 1870 3541 qnod
1892 3467 1949 3524 est
1968 3456 2123 3541 elisn,et
2162 3496 2166 3536 a

47 3596 50 3602 ,
129 3559 225 3630 inter
245 3569 375 3646 poenas
398 3558 603 3614 numeratur
624 3545 751 3626 sames,
793 3543 925 3636 inqua
949 3543 1110 3612 lutrarum
1158 3549 1303 3616 averbo
1328 3541 1517 3638 ὠνοῦμαι,
1543 3551 1638 3639 qnod
1663 3564 1713 3619 est
1734 3574 1828 3619 emo:
1855 3555 2121 3643 significatenis

129 3659 237 3747 dicis,
262 3668 302 3724 nt
323 3645 474 3720 choenix
491 3646 637 3714 denario
653 3645 697 3714 sit
715 3646 895 3717 emendus.
947 3642 1032 3715 Fuit
1048 3670 1112 3714 an·
1157 3671 1270 3732 escas,
1311 3673 1401 3741 quae
1429 3663 1567 3736 praeter
1592 3674 1716 3738 panem
1747 3655 1955 3744 adduntur,
1998 3679 2121 3756 quamn
2161 3703 2166 3744 ι

130 3777 201 3836 tem
221 3774 408 3828 commune
432 3747 583 3840 pretinm
610 3747 719 3816 modii
737 3745 976 3816 mediocribus
996 3747 1112 3831 annis,
1157 3751 1324 3843 pleraque
1347 3749 1536 3819 clinatione
1558 3766 1769 3844 coquuntur.

129 3878 202 3938 tres
220 3872 279 3929 aut
297 3867 450 3950 quatuor
472 3849 642 3932 sestertii,
670 3862 707 3917 nt
724 3845 848 3917 Cicero
866 3848 1008 3931 scribit,
1033 3874 1110 3918 mo·
1256 3850 1347 3921 Cum
1371 3864 1486 3919 antem
1505 3848 1600 3921 Deus
1622 3855 1793 3924 immensa
1815 3857 1985 3934 bonitate
2010 3863 2123 3952 collisu
2161 3880 2166 3911 ³

131 3964 184 4039 dii
201 3950 355 4050 pretium
375 3955 449 4043 lege
466 3951 573 4021 luisse
588 3966 658 4020 tres
680 3950 872 4031 sestertios,
898 3950 1020 4036 idest,
1045 3974 1110 4019 no·
1158 3967 1334 4024 aeternam
1354 3951 1544 4021 Ecclesiam
1564 3979 1648 4024 voce
1663 3958 1856 4040 doctrinae,
1885 3977 1922 4032 et
1938 3988 2019 4036 nnn
2035 3967 2121 4047 aliter,

130 4080 255 4141 stc-ates
279 4079 407 4130 numos
428 4052 600 4124 Misuicos
624 4065 776 4146 quatuor
792 4065 825 4120 et
847 4050 985 4139 viginti.
1037 4050 1110 4121 lam
1159 4070 1193 4125 et
1229 4055 1448 4123 severissime
1488 4059 1657 4147 praecipit
1695 4063 1899 4130 conservari
1936 4071 2122 4147 doctrina,
2161 4109 2166 4152 1

130 4171 160 4241 si
182 4165 324 4236 modius
345 4160 384 4228 in
406 4156 501 4224 farne
519 4168 632 4224 enum
652 4166 704 4223 est
722 4176 780 4221 ses
801 4149 979 4221 drachmis
1001 4153 1111 4221 crevit
1159 4159 1254 4249 quod
1273 4173 1311 4226 ut
1326 4157 1383 4224 liat
1391 4206 1402 4238 ,
1422 4181 1560 4225 neeesse
1574 4174 1626 4228 est
1641 4182 1714 4228 esse
1728 4163 1937 4233 docentium
1956 4184 1993 4239 et
2009 4173 2121 4240 disces·
2161 4212 2166 4277 Ι

54 4261 68 4279 .
129 4270 281 4364 pretium
305 4258 518 4356 qnisrtnplo,
548 4280 627 4324 cum
652 4255 888 4324 mediocribus
912 4253 1111 4322 annisnsi-
1160 4260 1247 4327 tium
1274 4272 1404 4328 coetus.
1456 4254 1505 4328 Et
1528 4260 1670 4350 quidem
1699 4262 1774 4350 ipse
1795 4264 1894 4333 lilius
1918 4266 1991 4340 Dei
2022 4274 2121 4342 missst
2161 4316 2166 4356 Ε

130 4382 241 4445 ntum
259 4365 412 4457 pretium
428 4374 515 4430 esset
527 4353 715 4443 drachma,
735 4369 796 4426 aut
813 4355 962 4425 circiter.
998 4351 1108 4425 Erasst
1158 4363 1203 4429 ab
1226 4373 1369 4429 aeterno
1389 4371 1507 4449 patre,
1541 4375 1581 4428 ut
1597 4381 1658 4451 per
1672 4387 1752 4432 eum
1770 4361 1932 4438 Ecclesia
1949 4374 2121 4461 cottigun,

128 4482 245 4543 autem
266 4468 303 4534 in
327 4463 446 4532 modin
469 4475 548 4532 octo
570 4455 771 4529 choenices:
809 4451 1014 4528 etchoenis
1037 4470 1111 4527 erat
1160 4485 1221 4531 sua
1238 4461 1392 4551 potentin
1410 4476 1443 4530 et
1462 4462 1659 4532 doctrinam
1677 4481 1810 4551 servat,
1836 4483 1873 4538 et
1898 4472 2057 4546 instituis
2076 4473 2121 4545 ni·
2163 4520 2166 4551 .

127 4570 236 4644 nnius
256 4567 325 4636 diei
344 4566 467 4637 farina.
519 4561 603 4633 Fuit
628 4561 738 4650 igitur
758 4560 995 4630 mediocribus
1009 4559 1111 4628 annis
1160 4564 1344 4632 scissorium
1363 4564 1532 4646 docendi,
1558 4578 1591 4633 et
1608 4567 1773 4637 omnibns
1789 4574 2022 4657 temporibus
2043 4597 2120 4649 exus·
2163 4624 2166 4657 ,

98 4672 241 4747 =farina
273 4667 381 4737 nnius
410 4665 482 4731 diei
511 4688 575 4754 pro
602 4677 755 4755 quatuor
783 4660 945 4730 Misnicis
974 4663 1109 4732 nnmis:
1158 4665 1278 4734 citavit
1297 4668 1468 4747 «tractores,
1483 4678 1516 4733 et
1531 4668 1711 4751 exuscitas,
1724 4694 1812 4761 qrros
1828 4674 1910 4745 vult
1924 4676 2120 4768 esse'orgast
2163 4726 2166 4765 ,

119 4787 265 4850 tantum
280 4767 414 4835 farinae
429 4765 466 4832 in
484 4766 771 4841 lameemebatnr
786 4762 950 4840 denario,
968 4759 1109 4846 horest,
1158 4766 1320 4835 sonantia
1341 4789 1460 4833 vocem
1476 4763 1681 4856 Evangelii,
1706 4796 1775 4863 qua
1800 4773 1915 4847 llectit
1938 4783 2047 4850 corda
2067 4800 2120 4851 nst
2163 4801 2166 4869 t

122 4874 245 4949 :nmis
260 4866 425 4941 Misuicis
450 4864 591 4954 triginta
609 4866 759 4936 dnobus.
810 4864 978 4939 Creverat
1001 4865 1109 4953 igitur
1157 4867 1430 4958 repugnantium
1450 4861 1644 4959 Evangelio
1662 4873 1705 4940 ad
1723 4897 1840 4943 veram
1859 4873 1929 4946 Dei
1947 4880 2119 4953 invocatis-
2162 4928 2166 4972 ,

35 4988 38 4998 .
120 4979 273 5072 mitium
293 4966 469 5060 ,apstipln
1158 4971 1373 5037 nemetae!
1406 4983 1584 5037 aeternam
1608 4973 1776 5058 salntem,
1820 4979 1921 5049 etin
1948 4976 2018 5052 hac
2045 4996 2117 5057 tants
2163 5033 2166 5071 ,

224 5074 362 5148 Harum
397 5065 707 5157 computationum·
737 5065 972 5138 consideratio
1007 5065 1106 5135 utilis
1156 5069 1281 5138 militia
1304 5068 1457 5139 fideliter
1479 5075 1735 5158 servientibus,
1769 5077 1807 5145 id
1832 5095 1909 5163 est,
1935 5081 2117 5157 l‘astoribvt

121 5197 190 5264 est,
222 5193 256 5249 et
279 5178 322 5244 ad
347 5169 614 5259 intelligendam
639 5165 844 5247 historiam,
887 5181 921 5238 et
945 5168 987 5236 ad
1014 5162 1104 5238 haur
1152 5186 1186 5241 et
1203 5170 1416 5240 Ductoribus
1437 5170 1512 5241 vult
1528 5175 1605 5243 dari
1621 5177 1764 5251 vietum.
1816 5175 2116 5279 llocpraeeepsun
2165 5238 2166 5247 ,

120 5276 484 5357 animadversionem,
512 5270 574 5364 qui
595 5276 684 5341 ordo
704 5271 812 5341 luerit
835 5270 872 5337 in
896 5270 990 5337 victu
1017 5295 1099 5338 con·
1150 5295 1252 5363 saepe
1276 5273 1462 5358 repetitum
1491 5288 1561 5354 est,
1594 5293 1628 5347 et
1649 5278 1790 5348 additae
1811 5296 1901 5353 sum
1932 5288 2115 5373 presumsis-

50 5430 79 5439 „
115 5402 248 5455 eruens
272 5370 425 5448 homini.
476 5371 522 5445 Et
545 5375 693 5463 adparet
716 5371 822 5457 inde,
860 5368 1098 5460 frugalitatem
1149 5398 1213 5444 nes
1237 5376 1475 5467 amplissimae
1496 5379 1881 5476 praemiorum,.,-quas
1903 5389 2115 5462 semissium
