4530 5776
104 234 186 314 tos
450 254 453 259 ·
711 223 838 298 ento.
865 205 1548 305 unnscnrerauxnoancn
1723 270 1726 275 -
2068 231 2141 309 500

108 415 224 495 lacus,
249 407 293 477 de
306 382 479 475 vocabulo
491 396 614 487 litei,
640 395 725 473 item
743 400 788 473 de
802 398 976 473 vocabulo
990 398 1099 472 luati-
1153 398 1289 495 inquit:
1331 399 1406 473 Lex
1429 414 1481 473 est
1503 401 1616 494 posita
1644 402 1803 476 iniustis:
1841 398 1896 477 Ac
1917 407 2024 500 punit
2047 402 2142 482 Deua

110 511 303 594 ficationls,
328 521 362 580 et
378 519 451 578 tota
466 505 525 575 via
541 501 717 576 deerrant.
774 494 941 596 Disputat
961 528 1100 574 mecum
1153 504 1326 574 violantes
1348 504 1578 596 diciplinam,
1603 518 1643 577 ut
1666 501 1829 578 homiues
1848 511 2031 598 periuros,
2057 530 2141 580 cona

112 633 146 688 et
168 615 258 684 alins
276 609 469 705 quispiam,
496 606 596 676 cuius
620 603 659 673 in
676 602 875 696 Republica
900 629 1025 695 magna
1049 618 1102 676 cst
1153 607 1340 677 tumeliose
1363 607 1549 699 loquentes
1575 601 1732 694 de'Dco‚
1764 611 1967 696 seditiosos,
1992 606 2142 683 homici-

111 716 301 797 autoritas,
327 734 373 782 an
390 709 498 780 Fides
519 708 691 798 significet
712 707 877 776 fiduciam
901 709 1102 777 misericor·
1155 711 1237 794 das,
1261 704 1446 794 moechos,
1464 711 1579 792 fures,
1604 714 1800 781 mendaces.
1858 711 1992 783 Verum
2009 727 2062 785 est
2079 737 2144 794 am

113 823 204 892 diae.
279 813 371 904 Quis
406 836 478 881 non
509 810 672 903 deploret
701 805 879 878 Ecclesiae
920 809 1104 880 tenebras?
1155 823 1225 880 tem
1247 812 1344 903 quod
1364 811 1723 903 inquitAristoteles:
1755 813 1828 883 Nec
1848 813 2048 906 Hesperum
2078 839 2141 891 nce

113 923 231 994 Tanta
256 918 323 988 fuit
340 912 598 1007 Episcoporum
621 925 655 982 et
676 912 878 981 docentium
903 911 1041 981 incuria
1064 935 1104 981 ac
1153 911 1358 982 Luciferum
1374 913 1621 983 formosiorem
1644 938 1718 985 esse
1732 915 1891 1001 iusticia,
1917 917 2047 1002 idest,
2075 910 2142 989 ho}

115 1021 299 1110 socordia,
320 1031 361 1088 ut
378 1015 684 1105 illarum-vocum,
709 1036 796 1105 quas
812 1014 972 1105 quotidie
988 1013 1027 1082 in
1043 1037 1105 1083 ore
1155 1027 1253 1084 nesta
1278 1014 1478 1105 disciplina.
1543 1012 1608 1086 Est
1632 1019 1726 1086 enim
1749 1018 1927 1106 egregium
1951 1042 2144 1090 ornamen-

117 1123 315 1202 habehant,
347 1117 619 1209 significationes
652 1115 959 1191 obliviscerentur.
1018 1114 1105 1186 Mu·
1156 1129 1231 1186 tum
1256 1110 1430 1196 hominis,
1465 1140 1529 1186 nec
1553 1118 1650 1187 aliud
1677 1121 1911 1209 praestantius
1935 1124 2042 1192 decus
2068 1123 2155 1191 affici

115 1229 198 1300 tatis
223 1238 342 1296 antem
368 1244 486 1289 rerum
512 1217 626 1301 notis,
653 1217 759 1286 etiarn
777 1241 832 1287 res
847 1219 996 1289 amissae
1010 1231 1105 1301 sunt,
1156 1240 1234 1288 cere
1255 1211 1342 1287 haee
1365 1218 1507 1288 infirma
1531 1234 1656 1291 natura
1682 1216 1839 1291 hominis
1869 1230 1992 1315 potest.
2071 1221 2145 1295 sed

117 1344 151 1400 et
177 1339 294 1398 secuta
318 1336 400 1393 sunt
424 1320 548 1391 deliria
572 1319 796 1411 multiplicia.
847 1318 962 1391 Video
988 1336 1105 1390 autern
1157 1334 1276 1390 tamen
1289 1319 1473 1390 sciendum
1489 1333 1551 1402 est,
1570 1318 1663 1392 hanc
1678 1322 1907 1415 disciplinam
1918 1348 2142 1420 nequaquam

118 1442 153 1503 et
177 1451 273 1499 nunc
302 1423 431 1494 exoriri
456 1422 568 1494 multa
602 1444 710 1513 prava
735 1421 899 1513 ingenia,
938 1446 1028 1517 quae
1049 1423 1107 1491 vel
1156 1421 1355 1493 satisfacere
1377 1422 1466 1511 legi,
1500 1427 1560 1491 sed
1588 1448 1661 1493 esse
1691 1439 1834 1495 tenuem
1856 1429 2036 1518 quandam
2064 1451 2145 1497 um··

120 1545 267 1625 propter
285 1527 547 1612 curiositatem,
570 1524 626 1592 vel
643 1535 788 1616 propter
802 1524 1046 1611 ambitionem,
1068 1548 1107 1594 ea
1158 1526 1258 1594 bram
1280 1524 1386 1613 legis,
1412 1525 1501 1595 sicut
1519 1523 1652 1595 Paulus
1680 1527 1818 1598 erudite
1844 1529 1946 1598 docet
1967 1526 2093 1601 2Cor.
2109 1529 2151 1607 8.·

119 1658 209 1728 quae
226 1655 322 1701 nunc
339 1629 377 1696 in
392 1623 559 1698 Ecclesiis
580 1627 709 1696 nostris
731 1639 823 1696 recte
839 1630 1049 1713 traduntur,
1075 1639 1108 1697 et
1158 1650 1238 1695 cum
1262 1626 1330 1697 ait:
1364 1624 1513 1697 ludaeos
1539 1627 1667 1698 intueri
1686 1627 1813 1698 Mosen
1841 1631 1953 1700 velata
1975 1620 2081 1718 facie,
2106 1633 2144 1702 id

121 1738 256 1834 optima
277 1733 346 1801 lide
369 1754 408 1799 ac
430 1727 637 1820 simpliciter
659 1727 830 1819 explicata
849 1743 951 1816 sunt,
984 1751 1107 1800 rursus
1159 1741 1230 1813 est,
1256 1751 1330 1795 non
1347 1730 1506 1818 perfusos
1523 1750 1597 1798 esse
1612 1730 1750 1821 fulgore
1766 1731 1870 1822 legis,
1897 1726 1965 1802 hoc
1979 1747 2042 1815 est,
2067 1756 2143 1804 nou

121 1839 225 1908 novis
241 1831 435 1926 praestigiis
451 1830 662 1900 conturbare
677 1843 711 1900 et
731 1831 883 1900 obruere
905 1834 1110 1903 studebunt.
1159 1831 1276 1899 lucere
1292 1832 1329 1897 in
1349 1830 1398 1898 eis
1419 1830 1586 1900 noticiam
1606 1829 1691 1913 Dei,
1718 1845 1752 1902 et
1769 1833 1956 1926 perfectam
1973 1835 2143 1906 obedien-

121 1938 243 2029 Quare
274 1936 419 2027 propter
440 1929 623 2002 Christum
655 1954 719 2001 oro
748 1944 782 2000 et
808 1932 965 2004 obtestor
984 1955 1108 2005 omncs
1159 1931 1261 2013 tiam,
1288 1934 1348 2000 sed
1368 1946 1509 2001 externa
1530 1956 1636 2023 opera
1660 1935 1919 2028 qualiacunque
1941 1935 2042 2009 ellici.
2092 1934 2144 2008 At

123 2042 220 2133 pios,
249 2039 309 2131 qui
329 2038 366 2104 in
382 2034 510 2106 studiis
523 2045 726 2113 versantur,
746 2046 787 2104 ut
803 2033 997 2128 simplicem
1015 2034 1109 2105 veri·
1160 2035 1214 2102 leat
1233 2029 1299 2101 Dei
1323 2034 1475 2122 flagitat,
1500 2059 1575 2103 non
1597 2047 1735 2106 tanturn
1757 2049 1898 2107 externa
1922 2060 2047 2131 opera,
2081 2040 2143 2109 sed

120 2157 225 2213 tatem
242 2140 448 2232 patefactam
463 2130 684 2205 inEcclesiis
700 2134 831 2205 nostris
848 2136 967 2217 ament
988 2162 1029 2208 ac
1049 2151 1111 2233 tu-
1160 2136 1348 2228 perfectam
1384 2136 1634 2211 obedientiam.
1700 2135 1819 2208 Facile
1850 2139 1959 2229 igitur
1991 2139 2145 2231 intelligi

120 2258 267 2326 eantur,
299 2262 406 2336 quam
433 2237 599 2331 quidem,
634 2249 810 2330 quantum
834 2263 996 2332 possum,
1023 2239 1110 2309 illu·
1160 2250 1271 2328 potest
1293 2237 1471 2306 neminem
1500 2261 1573 2307 csse
1596 2242 1729 2308 iustum
1753 2263 1871 2310 coram
1893 2239 1990 2333 Deo,
2023 2241 2060 2311 id
2082 2256 2145 2329 eat,

120 2360 232 2416 strare
249 2357 283 2413 et
300 2341 442 2411 munire
457 2338 577 2430 cupio,
597 2351 637 2408 ut
653 2339 697 2407 ad
713 2352 872 2429 posteros
887 2356 1111 2433 propagetur.
1159 2352 1339 2429 acceptum
1372 2352 1514 2430 propter
1541 2340 1763 2432 disciplinam
1796 2356 2003 2429 externam,
2052 2345 2145 2417 sicut

121 2446 213 2520 Cum
235 2459 352 2515 autern
377 2453 624 2531 argumentum
647 2436 829 2531 Epistulae
857 2447 901 2513 ad
926 2441 1110 2531 Romanos
1159 2441 1251 2510 clarc
1267 2441 1383 2533 inquit
1402 2439 1550 2510 Paulus:
1576 2439 1630 2512 Ex
1648 2442 1814 2534 operibus
1834 2442 1921 2532 legis
1944 2468 2018 2515 non
2042 2446 2151 2516 insti-‘

122 2562 303 2641 utcunque
335 2542 577 2619 recitaverim,
618 2554 651 2610 et
691 2542 863 2635 quaedam
897 2546 944 2614 de
983 2569 1108 2614 vocum
1159 2542 1323 2612 ficabitur
1336 2542 1454 2611 omnis
1469 2565 1563 2617 caro.
1617 2542 1656 2613 ld
1674 2546 1808 2614 dictum
1831 2542 1988 2617 detrahit
2002 2549 2146 2618 laudem

124 2648 382 2741 significatione
398 2644 619 2715 observanda
634 2643 899 2732 admonuerim,
922 2645 1038 2717 visum
1060 2660 1111 2717 est
1159 2643 1419 2715 iustificationis
1444 2668 1518 2714 non
1540 2658 1679 2715 tantum
1700 2647 1928 2733 ceremoniis,
1954 2651 2014 2718 sed
2037 2651 2146 2720 etiam

124 2753 277 2824 adiicere
306 2746 635 2839 interpretationem
664 2746 918 2818 vocabulorum
948 2771 1109 2842 quorun·
1159 2745 1354 2815 moralibus
1368 2747 1546 2838 operibus,
1569 2771 1610 2818 ac
1625 2748 1786 2842 loquitur
1800 2751 1843 2819 de
1859 2751 2149 2843 totadisciplina·

125 2860 229 2940 dam,
256 2867 290 2922 et
307 2852 480 2938 lntegram
496 2847 772 2917 controversiam
790 2872 964 2942 exponere
987 2850 1031 2919 de
1053 2850 1109 2920 iu-
1159 2847 1270 2918 Porro
1286 2850 1330 2916 de
1346 2844 1410 2916 hac
1426 2861 1567 2919 externa
1583 2848 1781 2941 disciplina,
1799 2853 1844 2936 de
1859 2852 1919 2921 illa
1930 2853 2149 2924 velataMosi

125 2956 347 3028 stificatione.
388 2948 479 3021 Nam
497 2945 584 3019 haec
599 2942 854 3048 προλεγόμενα
869 2950 1006 3046 aliquid
1021 2952 1110 3022 lucis
1158 2950 1259 3031 facie,
1278 2945 1552 3041 philosophia-et
1569 2952 1659 3041 leges
1670 2947 1846 3022 humanae
1859 2953 2053 3026 disserunt:
2070 2980 2146 3026 nou

123 3060 256 3130 addent
272 3067 493 3146 argumento.
543 3047 591 3122 Et
615 3074 696 3120 cum
712 3052 823 3123 lector
841 3066 952 3124 totam
969 3078 1109 3124 causam
1159 3064 1335 3146 quaerunt
1356 3054 1535 3146 quomodo
1560 3077 1678 3123 coram
1695 3051 1771 3124 Deo
1795 3056 1896 3140 iusti,
1928 3057 1964 3125 id
1989 3072 2059 3141 est,
2087 3082 2148 3128 ac·

123 3160 230 3232 simul
247 3158 366 3228 animo
390 3153 595 3246 complexus
612 3151 741 3238 fuerit,
763 3154 903 3225 facilius
925 3155 1111 3247 perspiciet
1161 3153 1253 3244 cepti
1274 3154 1395 3229 simus.
1448 3154 1521 3225 Nec
1542 3157 1860 3226 comminiscendae
1882 3173 1964 3228 sunt
1978 3154 2148 3230 Philoso-

124 3285 264 3345 veram,
286 3261 423 3328 firmam
447 3271 482 3327 et
505 3255 735 3324 necessariam
757 3254 933 3327 Ecclesiae
954 3279 1045 3327 esse:
1070 3280 1111 3328 ac
1162 3251 1315 3347 phorum
1333 3257 1623 3327 sententiaecum
1643 3256 1805 3334 Paulina.
1845 3258 2147 3333 'l'ribuatursnua

126 3363 385 3432 animadvertet
399 3356 548 3441 rectius,
571 3356 752 3449 quomodo
768 3356 806 3425 in
825 3357 936 3428 Paulo
953 3360 1110 3428 membra
1162 3359 1259 3427 locus
1276 3352 1360 3448 huic
1379 3359 1511 3426 carnali
1528 3359 1706 3444 iustitiae,
1732 3355 1800 3430 hoc
1818 3374 1888 3445 cst,
1914 3365 2149 3435 coerceantur

125 3460 375 3554 disputationis
391 3454 620 3542 cohaereant,
646 3481 726 3526 cum
749 3458 850 3551 prius
871 3461 973 3556 quasi
995 3461 1111 3531 ideam
1162 3460 1260 3549 impii
1278 3457 1342 3529 hac
1360 3449 1556 3551 disciplina,
1576 3475 1749 3550 vagentur
1765 3457 1972 3554 Philosophi
1990 3465 2028 3532 in
2045 3455 2149 3538 coetu

124 3563 276 3637 aedilicii
291 3563 329 3634 in
346 3560 465 3632 mente
481 3557 695 3652 conceperit.
1163 3561 1303 3651 populi,
1331 3576 1365 3631 et
1389 3563 1536 3631 velatam
1554 3560 1648 3631 Mosi
1671 3564 1795 3634 faciem
1821 3564 2044 3651 intueantur,
2071 3592 2147 3645 non

1160 3666 1350 3733 ascendant
1370 3663 1407 3731 in
1424 3676 1580 3732 rnontem
1597 3668 1641 3733 ad
1657 3663 1784 3738 Deum.
1837 3665 2009 3737 Maneant
2024 3670 2062 3738 in
2082 3667 2148 3740 hac

1159 3765 1263 3835 turha
1280 3778 1313 3837 et
1328 3760 1503 3853 Origenes
1518 3779 1551 3836 et
1567 3767 1694 3836 caeteri
1707 3768 1769 3860 qui
1785 3791 1866 3838 eum
1880 3787 2094 3863 sequuntur,
2115 3785 2151 3845 et

1161 3866 1308 3936 velatam
1326 3864 1423 3936 Mosi
1445 3868 1570 3937 faciem
1593 3867 1815 3956 intueantur,
1838 3894 1917 3940 cum
1941 3895 2015 3942 non
2039 3874 2147 3944 aliam

1161 3967 1348 4053 iusticiam,
1365 3968 1433 4038 nisi
1450 3970 1627 4039 carnalem
1637 3972 1798 4047 doceant.
1823 3970 1912 4044 Cum
1930 3975 2038 4064 igitur
2053 3977 2146 4047 ratio

221 4074 380 4148 (boatus
394 4097 473 4144 sum
491 4068 577 4141 alibi
592 4070 630 4139 in
643 4069 732 4140 locis
746 4071 995 4144 communibus
1010 4069 1111 4146 theo·
1162 4093 1235 4139 non
1255 4071 1390 4155 videat,
1411 4073 1590 4165 quomodo
1606 4095 1724 4142 coram
1734 4069 1810 4144 Deo
1829 4075 1911 4145 iusti
1928 4093 2145 4168 reputemur,

128 4179 269 4269 logicis,
294 4189 426 4273 quanta
443 4173 543 4268 potui
560 4171 785 4264 simplicitate
801 4185 835 4243 et
849 4175 1112 4267 perspicuitate,
1161 4169 1379 4262 Evangelum
1395 4173 1574 4264 praedicat
1591 4174 1696 4245 aliam
1714 4176 1904 4263 iusticiam,
1929 4204 2002 4247 non
2020 4194 2145 4250 notam

19 4277 21 4280 ’
127 4280 394 4351 doctrinamde
419 4275 686 4359 iustificatione,
719 4275 884 4344 traditam
911 4276 1111 4372 inscriptis
1161 4274 1313 4360 rationi,
1338 4276 1399 4343 sed
1413 4273 1579 4346 Patribus
1598 4275 1942 4375 revelatamaDeo,
1968 4295 2002 4352 et
2024 4297 2145 4372 postca

126 4372 342 4473 propheticis
361 4395 395 4451 ct
421 4377 642 4470 apostolicis,
673 4376 863 4468 explicare:
899 4375 1022 4472 Neque
1052 4377 1110 4450 hic
1161 4398 1224 4466 per
1256 4371 1452 4468 Prophetas
1478 4376 1591 4468 magis
1618 4379 1800 4473 magisque
1827 4384 2061 4472 patefactam,
2102 4409 2143 4454 ac

122 4481 192 4552 alia
217 4483 344 4553 dicam.
396 4482 467 4550 Sed
481 4478 649 4574 quoniam
667 4470 809 4570 propria
828 4491 880 4551 est
897 4475 1005 4551 huius
1020 4476 1109 4574 Epi·
1159 4479 1300 4548 tandem
1326 4502 1391 4570 per
1420 4475 1604 4550 Christum
1636 4497 1670 4551 et
1700 4479 1891 4572 Apostolos
1918 4508 2075 4575 sparsam
2104 4487 2142 4556 in

123 4583 233 4654 stolae
256 4582 426 4654 Paulinae
451 4575 538 4650 haec
557 4579 727 4664 materia,
764 4590 920 4673 repetam
949 4604 1006 4652 res
1030 4607 1107 4654 eas·
1159 4581 1345 4651 mnndum.
1395 4582 1482 4650 ldeo
1497 4579 1646 4651 loannes
1664 4584 1797 4677 inquit:
1824 4583 1939 4655 Deum
1954 4608 2062 4657 nemo
2088 4589 2143 4657 vi·

123 4687 215 4769 dem,
239 4698 274 4756 et
288 4682 445 4756 fortassis
461 4681 590 4751 alicubi
607 4681 743 4773 aliquid
759 4682 874 4754 dicam
890 4684 1007 4754 verbis
1023 4685 1104 4784 pla·
1155 4680 1209 4751 dit
1226 4704 1402 4775 unquam:
1428 4685 1488 4752 sed
1508 4684 1602 4755 lilius
1620 4681 1703 4765 Dei,
1723 4687 1783 4777 qui
1803 4700 1854 4756 est
1872 4689 1909 4756 in
1925 4688 2005 4761 sinu
2024 4692 2144 4781 patris,

124 4786 298 4860 nioribus.
356 4783 463 4873 Apud
482 4776 717 4873 Philosophus
737 4783 874 4855 iusticia
896 4784 1108 4857 universalia
1157 4781 1230 4873 ipse
1248 4784 1562 4870 enarravitnobis,
1588 4788 1688 4880 quasi
1712 4789 1821 4860 dicat:
1858 4788 1959 4860 Hanc
1976 4793 2144 4866 volunta·

123 4884 490 4962 vocaturohedientia
511 4883 608 4953 iuxta
632 4906 756 4953 omnes
776 4886 944 4984 virtutes,
982 4888 1019 4957 id
1044 4901 1105 4971 est,
1156 4899 1225 4956 tem
1250 4882 1336 4972 Dei,
1372 4890 1468 4980 qnod
1491 4885 1587 4958 Deus
1611 4890 1720 4980 gratis
1751 4891 1835 4960 velit
1868 4892 2068 4982 ignoscere,
2109 4910 2141 4969 et

121 5005 265 5063 externa
281 4987 469 5079 disciplina
495 4977 662 5068 honesta,
688 5008 793 5078 quam
810 4982 917 5057 homo
930 4990 1002 5059 suis
1019 4990 1104 5059 viri·
1153 4987 1239 5057 dare
1263 4988 1369 5058 vitam
1395 5002 1572 5060 aeternam
1596 4998 1741 5082 propter
1761 4992 1894 5077 lilium,
1919 4996 2021 5067 nulla
2045 5023 2141 5070 crea·

120 5095 188 5164 hus
211 5093 346 5163 efficere
366 5100 491 5181 potest.
540 5082 643 5154 Hanc
667 5100 699 5155 et
722 5082 853 5157 Paulus
879 5104 980 5161 vocat
1000 5090 1102 5161 iusti·
1153 5104 1253 5174 tura,
1293 5091 1392 5161 nulla
1415 5091 1506 5164 ratio
1530 5085 1684 5163 humana
1714 5091 1978 5186 deprehendere
2007 5103 2139 5196 potuit:

118 5197 208 5265 ciam
231 5193 334 5283 legis,
368 5215 408 5260 ac
433 5185 606 5258 iusticiam
630 5211 788 5279 operum.
846 5186 957 5282 Saepe
984 5205 1100 5262 autern
1149 5193 1210 5260 sed
1235 5206 1372 5263 tantum
1404 5217 1467 5285 per
1494 5194 1629 5265 Filium
1658 5192 1743 5266 haec
1773 5200 1936 5269 voluntas
1968 5205 2138 5291 patefacta

114 5297 268 5369 diximus
289 5292 404 5364 Deum
428 5288 624 5384 postulare,
669 5303 707 5361 ut
740 5301 880 5361 externa
907 5293 1094 5386 disciplina
1147 5305 1209 5365 est.
1270 5291 1324 5365 De
1353 5291 1420 5365 hoc
1456 5297 1666 5368 admirando
1701 5299 1870 5373 beneficio
1905 5303 2141 5379 concionatur

115 5411 263 5469 nonesta
278 5402 505 5471 coerceantur
519 5413 642 5463 omncs
656 5385 836 5481 homines,
861 5394 950 5470 sicut
964 5393 1098 5469 Paulus
1146 5390 1299 5485 Paulus,
1332 5398 1429 5493 quod
1454 5422 1627 5490 exponam
1652 5401 1819 5475 breviter.
1881 5402 1947 5478 Est
1971 5420 2005 5478 et
2030 5404 2136 5478 Chri·

125 3733 313 3808 Summa
355 3725 610 3802 doctrinae
645 3725 695 3801 in
731 3721 1029 3825 propheticis
1066 3741 1111 3802 ct

126 3832 412 3938 apostolicis
448 3829 653 3928 scriptis
689 3823 906 3903 traditae
945 3831 1000 3906 de
1037 3833 1111 3906 iu·

304 3933 612 4037 stisiootione
641 3929 944 4009 corom'Deo.
