4530 5776
368 201 453 281 ΧΠ.
505 196 890 279 assumtum
922 197 1110 285 stultu.
1143 199 1359 287 lectuls.
1408 204 1515 283 CAP.
1543 206 1625 284 XV.

89 398 140 464 tr,
165 386 208 449 nt
220 374 375 453 sciamus
387 390 523 469 patrem
538 376 605 469 ipsi
623 362 763 461 adesse,
795 389 831 447 et
851 374 993 447 redut
1382 376 1525 490 Caput
1552 377 1653 470 XV,

89 502 199 550 sesae
221 479 330 550 vitam
352 491 388 551 et
410 481 572 569 gloriam.
622 478 698 548 Nec
719 477 973 571 disputandum

89 585 168 651 cde
183 581 352 667 essentia,
379 585 438 650 sed
457 584 503 651 de
518 577 625 652 officii
649 593 818 670 tempore.
867 578 973 651 Hauc

89 685 315 755 ›retationem
331 707 406 754 non
423 684 608 775 fingimus,
635 685 696 752 sed
712 680 874 756 Christus
894 706 971 753 eam
1126 674 1298 751 Doctrina
1312 694 1347 753 et
1362 681 1557 755 consolatio
1572 696 1624 756 est
1638 684 1841 757 dulcissima
1857 688 2014 779 deprae-

90 787 190 858 radit
207 787 246 856 in
268 785 365 858 dicto
388 785 577 856 loansl'la
611 783 782 855 Glorilica
801 808 857 855 me
877 786 970 877 apud
1025 781 1139 854 sentia
1155 784 1336 855 &auxilio
1348 779 1483 857 Christi
1498 787 1652 876 regentis
1666 801 1701 869 ,et
1715 789 1872 861 iuvantis
1885 787 2012 863 Eccle-

89 888 225 977 gloria,
249 901 450 981 quamsnte
465 887 707 958 conditionem
729 885 858 957 mundi
877 889 972 979 apud
1025 887 1163 975 siam3et
1181 884 1341 977 singulos
1355 887 1559 958 invocantes
1573 880 1675 975 eum,
1705 903 1741 961 et
1754 892 1799 960 da
1820 893 2013 965 concordia

89 991 172 1060 bui.
232 986 397 1060 difirmat
425 1012 462 1059 se
490 991 597 1060 luisse
627 1003 709 1059 ante
731 988 973 1077 conditionem
1024 984 1214 1061 Ecclesiae.
1264 983 1319 1059 Ac
1344 989 1461 1080 imago
1482 989 1735 1082 ipsaprimum
1759 993 2012 1069 consideretur.

89 1092 129 1171 li,
155 1103 191 1161 et
212 1091 321 1160 luisse
345 1105 524 1183 potentem
548 1105 582 1163 et
611 1091 818 1181 gloriosum.
867 1089 973 1161 Nunc
1026 1085 1183 1165 Ecclesia
1199 1090 1357 1182 gingitur
1372 1105 1409 1162 ut
1432 1093 1533 1178 vitis,
1565 1118 1607 1162 ex
1631 1117 1700 1186 qua
1723 1096 2013 1188 multipalmites

89 1195 128 1263 td
146 1207 284 1284 tempus
299 1215 337 1263 sc
352 1193 513 1264 futurum
531 1193 569 1263 in
585 1188 651 1263 hac
665 1191 924 1277 imbecillitate,
939 1206 973 1263 ct
1026 1190 1095 1261 late
1109 1206 1344 1284 sparguntur,
1371 1208 1405 1266 et
1420 1195 1563 1265 additur
1581 1196 1734 1288 vinitor,
1761 1198 1823 1288 qui
1845 1197 1953 1268 vitem
1979 1211 2013 1269 et

89 1296 334 1365 leclaraturum
351 1295 546 1385 potentiam
561 1318 683 1376 suam,
709 1297 770 1364 scd
789 1295 972 1389 aliquanto
1026 1294 1189 1383 palmites
1202 1307 1322 1380 curet,
1347 1309 1381 1366 et
1396 1297 1552 1388 decerpit
1568 1298 1714 1369 fructus.
1763 1295 1925 1373 Duarum
1947 1324 2013 1371 au·

89 1412 203 1469 ursus
215 1398 292 1467 lore
306 1410 485 1487 potentem
501 1398 541 1468 in
560 1398 827 1469 resurrectione.
1025 1408 1096 1464 tem
1110 1397 1280 1467 arborum
1294 1397 1494 1488 saepissime
1509 1398 1550 1469 lit
1563 1401 1697 1469 mentio
1715 1399 1754 1468 iu
1771 1395 1827 1471 bis
1849 1401 2013 1474 collatio-

1024 1497 1151 1582 nibus,
1180 1498 1279 1570 oleae
1302 1511 1339 1570 et
1362 1499 1463 1584 vitis,
1494 1523 1646 1593 quarum
1668 1503 1819 1591 duarum
1842 1504 2011 1574 arborum

1024 1610 1158 1669 tantam
1187 1622 1262 1670 esse
1284 1598 1510 1672 concordiam
1535 1601 1712 1688 scribunt,
1742 1617 1783 1675 ut
1804 1604 1881 1675 olea
1905 1605 2011 1677 insita

89 1701 254 1775 lloctrina
272 1715 307 1775 et
321 1704 515 1774 consolatio
530 1702 679 1794 insignis
696 1714 759 1782 est,
775 1725 973 1794 congruens
1023 1700 1107 1784 viti,
1133 1713 1167 1772 et
1182 1703 1294 1773 olivas
1308 1715 1342 1774 et
1357 1726 1444 1775 uvas
1456 1703 1586 1794 gignat.
1637 1701 1735 1775 Haec
1757 1706 1875 1795 imago
1897 1729 2011 1777 venu-

89 1805 374 1879 siccaneas:
409 1804 539 1877 Samen
567 1804 726 1876 mulieris
751 1805 972 1878 conculcabit
1024 1803 1176 1873 ctissime
1199 1804 1316 1896 pingit
1337 1803 1449 1896 legem
1474 1819 1506 1876 et
1524 1801 1780 1896 Evangelium,
1813 1829 1873 1877 seu
1896 1830 2011 1901 popu·

116 1907 313 1998 serpentis,
349 1920 382 1977 et
405 1930 549 1999 serpens
570 1905 747 1977 mordebit
769 1907 970 1977 calcaneum
1024 1905 1100 1976 lum
1115 1905 1201 1996 legis
1215 1921 1249 1977 et
1262 1902 1469 1980 Ecclesiam.
1515 1905 1608 1978 Vitis
1623 1922 1673 1978 est
1689 1910 1788 1979 arida
1804 1923 1838 1980 et
1852 1903 2010 1990 horrida,

119 2007 196 2080 Res
216 2008 390 2099 ostendit,
417 2011 601 2079 diabolum
621 2008 789 2080 odioDei
813 2003 971 2078 horribi·
1022 2020 1064 2077 ut
1093 2009 1249 2106 populus
1277 2008 1381 2098 legis,
1419 2011 1479 2077 sed
1512 2022 1630 2079 tamen
1662 2012 1792 2080 docens
1812 2024 1846 2082 et
1870 2010 2011 2082 discens

89 2111 240 2200 grassari
264 2112 433 2183 adversos
445 2109 658 2196 Ecclesiam,
684 2122 718 2180 et
742 2107 815 2179 suis
837 2112 972 2180 miran-
1022 2110 1400 2181 doctrinamtraditam
1415 2133 1480 2201 per
1491 2105 1704 2201 Prophetas:
1730 2109 1893 2206 Cumque
1912 2135 2011 2184 acce·

89 2211 230 2282 rtiticiis
259 2212 392 2283 multos
422 2227 596 2295 evertere,
633 2226 676 2285 ut
704 2211 809 2282 initio
844 2214 971 2285 evertit
1022 2212 1074 2280 dit
1090 2209 1275 2301 Evangelii
1289 2211 1590 2303 cognitio,gignit
1606 2212 1877 2294 fructus‚docet
1890 2213 2011 2284 Evau-

89 2327 151 2384 tet
164 2305 295 2399 Evam,
321 2327 357 2385 et
380 2327 497 2406 postea
522 2313 617 2384 idola
641 2328 675 2385 et
695 2307 855 2384 haereses
876 2315 971 2384 exci—
1022 2312 1153 2401 gelium
1184 2328 1218 2385 et
1250 2315 1373 2404 legem.
1433 2314 1509 2383 lmo
1529 2327 1614 2384 tunc
1636 2316 1692 2384 lex
1716 2316 1943 2407 intelligitur,
1975 2331 2009 2387 et

135 2412 188 2487 lta
205 2439 279 2486 non
295 2416 445 2488 dubium
460 2428 510 2487 est
526 2415 795 2486 insidiosissime
816 2429 850 2486 et
872 2429 970 2485 astu-
1022 2414 1227 2507 disciplina,
1258 2439 1364 2508 quam
1382 2414 1437 2484 lex
1460 2416 1587 2504 tradit,
1620 2415 1745 2509 incipit
1767 2420 1904 2510 placere
1920 2415 2011 2502 Deo',

89 2538 117 2585 te
149 2518 312 2606 cogitatis
340 2519 527 2590 fraudibus
556 2531 728 2590 tentatum
756 2538 830 2586 esse
850 2542 869 2586 a
891 2519 967 2586 dia·
1021 2529 1057 2587 et
1072 2538 1176 2613 saepe
1191 2518 1313 2586 vinum
1330 2517 1594 2606 significatlegis
1609 2541 1671 2589 seu
1687 2520 1922 2609 poenitentiae
1944 2521 2011 2589 do·

89 2613 274 2691 :hristum
331 2618 408 2690 Etsi
429 2621 552 2714 quales
573 2621 611 2689 in
638 2631 734 2690 tanta
758 2620 969 2710 praestantia
1020 2619 1191 2704 ctrinam,
1218 2620 1337 2690 oleum
1353 2644 1436 2689 vero
1452 2616 1712 2709 Evangelium,
1736 2620 2004 2694 utLucae10.:

92 2719 195 2788 iones
206 2720 359 2802 luserint,
374 2745 439 2793 nos
454 2723 571 2792 dicere
586 2746 661 2791 non
679 2741 877 2813 possumus,
894 2745 969 2790 cer·
1022 2720 1265 2792 Samaritanus
1282 2721 1441 2792 infundit
1458 2723 1665 2792 vulneribus
1682 2724 1804 2792 vinum
1822 2737 1855 2792 et
1876 2722 2008 2794 oleum.

89 2834 128 2891 st
142 2834 280 2902 tamen,
307 2824 486 2895 multaset
501 2825 616 2894 varias
631 2824 758 2906 luisse,
784 2824 844 2892 sed
863 2818 969 2892 Chri·
1020 2820 1112 2891 Nam
1128 2823 1252 2893 vinum
1267 2837 1433 2908 estatre,
1457 2836 1494 2894 et
1509 2838 1654 2914 purgat,
1682 2827 1799 2893 oleum
1824 2847 1907 2893 vero
1929 2825 2009 2914 glu-

89 2920 272 2994 Ecclesism
305 2927 517 2996 consolatur.
576 2923 740 2997 Affirmat
767 2947 803 2993 se
827 2926 969 3017 quidem
1021 2923 1130 3010 tinet,
1160 2940 1280 3006 sanat,
1313 2939 1347 2995 et
1368 2926 1433 2997 alit
1457 2948 1609 2998 carnem.
1673 2925 1797 3017 Longa
1817 2941 1869 2997 est
1891 2941 2008 2996 autem

93 3048 156 3097 um
190 3049 282 3111 esse,
315 3029 375 3099 scd
400 3051 473 3097 non
494 3042 712 3118 superatum:
746 3023 827 3096 Non
852 3022 968 3107 habet,
1021 3038 1113 3096 aetas
1129 3027 1314 3120 utriusque
1330 3028 1484 3111 arboris,
1507 3027 1619 3095 oleam
1643 3028 1744 3100 aiunt
1766 3028 1884 3098 vivere
1907 3050 2010 3119 posse

89 3139 123 3206 t,
150 3127 371 3198 diabolusin
387 3130 659 3224 mequitquam.
711 3125 970 3197 llictliscamus
1021 3130 1136 3197 annos
1149 3129 1337 3199 ducentos:
1362 3130 1468 3198 vitem
1486 3151 1582 3213 vero,
1600 3128 1630 3199 si
1646 3143 1739 3201 recte
1754 3130 1863 3201 fuerit
1875 3142 2007 3220 putata,

89 3226 168 3298 iam
185 3225 337 3316 Christi,
356 3254 429 3301 non
444 3245 580 3304 tantum
594 3233 638 3301 ad
654 3230 766 3322 ipsius
782 3254 968 3319 personam
1022 3231 1135 3301 multo
1150 3231 1298 3304 diutins.

89 3352 181 3414 tere,
206 3333 326 3402 sedad
342 3336 461 3404 omnia
476 3330 655 3404 Ecclesiae
677 3333 848 3405 membra.
902 3330 968 3399 Vi·
1114 3330 1193 3403 'Sed
1223 3327 1393 3403 hocloco
1414 3330 1498 3400 vitis
1519 3326 1700 3403 Christum
1725 3331 1914 3423 significat,
1947 3334 2012 3428 qui

89 3432 238 3502 abolum
262 3433 301 3503 in
323 3457 385 3506 sua
407 3435 618 3518 tentatione,
651 3450 686 3506 et
707 3447 849 3532 superat
871 3457 969 3503 mor·
1020 3438 1061 3503 u't
1074 3433 1157 3505 vitis
1178 3448 1230 3506 est
1252 3429 1440 3505 horridum
1464 3434 1619 3523 lignum,
1646 3434 1793 3524 gignens
1813 3447 1930 3506 tamen
1951 3450 2031 3505 sa-'

96 3547 140 3605 ut
154 3547 300 3607 testetur
315 3560 351 3607 se
374 3538 491 3608 delere
514 3550 694 3627 peccatum
720 3539 758 3605 in
779 3536 902 3618 nobis,
937 3549 970 3607 et
1021 3535 1258 3606 luberrimum
1281 3536 1476 3630 liquorem,
1507 3536 1556 3606 ita
1577 3536 1653 3634 ipse
1671 3536 1741 3607 tuit
1763 3537 1853 3609 tristi
1879 3539 2005 3629 specie,

89 3659 225 3706 taurum
248 3638 389 3708 diaboli
408 3640 599 3730 potentiam
622 3653 656 3708 et
678 3639 848 3722 insidias,
879 3636 969 3706 sicut
1022 3662 1102 3706 cum
1132 3638 1302 3710 sustinuit
1330 3653 1503 3718 mortem,
1534 3652 1568 3710 et
1589 3639 1676 3708 alias
1697 3640 1855 3709 miserias
1876 3640 1915 3709 in
1942 3635 2008 3709 hac

89 3762 154 3808 um
183 3751 250 3809 est:
290 3738 405 3811 Filius
431 3738 499 3810 Dei
529 3741 709 3834 apparuit,
742 3752 782 3812 ut
812 3742 972 3810 destruat
1023 3738 1108 3814 vita.
1165 3738 1335 3812 Palmites
1363 3754 1480 3811 autem
1509 3739 1706 3829 significant
1730 3741 1850 3810 omnia
1874 3755 2009 3811 caetera

91 3839 250 3917 diaboli.
386 3869 389 3873 ·
1022 3841 1180 3912 membra
1195 3837 1387 3912 Ecclesiae.
1438 3838 1549 3913 Docet
1564 3841 1674 3930 igitur
1687 3837 1851 3915 Christus
1866 3842 1913 3912 ita
1930 3865 2009 3912 cae-

89 3938 326 4015 llaucChristi
344 3945 539 4036 potentiam
557 3944 669 4034 magis
683 3942 972 4032 intelligeremus,
1022 3954 1097 4014 tera
1110 3946 1270 4014 membra
1286 3942 1463 4014 Ecclesiae
1481 3942 1613 4028 vivere,
1625 3959 1658 4015 et
1673 3945 1847 4015 foecunda
1860 3965 1952 4029 esse,
1978 3942 2011 4013 si

89 4058 335 4116 taremuscum
358 4048 499 4117 insidiis
520 4047 678 4137 diaboli,
711 4047 773 4139 qui
794 4045 881 4115 alias
902 4045 971 4113 im·
1021 4046 1089 4136 ipsi
1110 4045 1182 4116 siut
1205 4046 1328 4118 inserti
1351 4046 1437 4130 lide,
1470 4040 1539 4116 hoc
1565 4058 1636 4130 est,
1671 4069 1751 4117 cum
1772 4041 2009 4133 Evangelium

108 4147 154 4215 ad
177 4145 246 4216 alia
269 4147 383 4230 mala,
414 4150 594 4220 interdum
616 4148 830 4237 languelacit
852 4147 969 4232 fidem,
1022 4148 1091 4217 lide
1119 4148 1292 4234 retinent,
1335 4162 1370 4219 et
1401 4150 1446 4218 ab
1479 4148 1554 4239 ipso
1577 4143 1717 4218 Christo
1737 4170 1809 4245 per
1832 4147 2008 4239 Spiritum

1313 540 1499 642 Egestam
1516 544 1602 618 vitis
1617 570 1713 623 vcra.

124 1558 173 1642 V
169 1561 243 1637 enit
259 1563 356 1637 enim
375 1560 549 1663 Princeps
565 1562 699 1637 mundi
711 1558 836 1643 huius.

89 4246 184 4317 rudit
199 4248 268 4318 alia
290 4262 422 4341 spectra
446 4252 626 4322 moventia
647 4250 905 4338 dubitationes,
929 4262 970 4320 ut
1021 4262 1180 4321 sanctum
1195 4275 1287 4320 nova
1303 4249 1342 4319 in
1357 4251 1408 4321 eis
1424 4251 1485 4320 lux
1499 4261 1533 4319 et
1550 4250 1622 4318 vita
1637 4250 1861 4335 accenditur,
1894 4264 1929 4320 et
1951 4251 2009 4319 di·
2132 4297 2134 4302 .

89 4349 229 4440 postolis
259 4352 406 4422 dicitur:
441 4352 590 4425 Satanas
619 4375 682 4423 vos
711 4351 898 4442 expetivit,
929 4364 970 4420 ut
1021 4364 1112 4422 serte
1124 4375 1165 4421 ac
1181 4354 1287 4445 plane
1308 4352 1411 4422 dicit:
1441 4349 1523 4421 Non
1545 4365 1727 4422 manentes
1748 4352 1787 4421 in
1810 4353 1905 4444 ipso,
1933 4375 2007 4420 non

89 4463 172 4534 aret,
197 4451 283 4522 alias
304 4454 426 4526 incitat
451 4458 494 4525 ad
520 4456 587 4525 alia
612 4467 768 4546 peccata,
800 4466 842 4523 ut
857 4451 969 4524 Davi·
1020 4454 1162 4544 gignere
1185 4456 1332 4526 fructus.
1389 4446 1557 4536 Ethnici,
1590 4447 1881 4539 Mahometistae,
1912 4451 2007 4523 Hae·

89 4552 354 4624 tdadulterium
379 4555 549 4648 impellit,
582 4561 627 4629 de
651 4552 706 4627 his
730 4555 810 4626 telis
831 4553 965 4625 diaboli
1021 4555 1118 4626 retici
1146 4579 1221 4624 non
1251 4557 1401 4643 gignunt
1423 4553 1517 4624 ullos
1539 4553 1708 4625 salutares
1733 4557 1887 4641 lructus,
1922 4557 2006 4647 quia

103 4655 266 4748 loquitur
283 4655 414 4728 Paulus
435 4661 562 4730 ultimo
587 4660 699 4751 capite
723 4660 768 4725 ad
783 4652 969 4747 Ephesios,
1020 4671 1103 4727 sunt
1120 4657 1266 4749 praecisi
1281 4658 1326 4726 ab
1339 4650 1405 4724 bac
1420 4655 1492 4728 vite
1506 4651 1668 4741 Christo,
1693 4659 1753 4728 sed
1771 4674 1853 4729 suut
1876 4657 2006 4736 reiecti,
2055 4678 2058 4685 ’

89 4770 142 4828 ret
165 4780 205 4827 ea
228 4760 374 4850 repelli,
399 4762 629 4833 meditatione
645 4759 830 4849 Evangelii
856 4771 890 4837 et
912 4759 969 4827 in-
1019 4773 1053 4830 et
1072 4760 1163 4831 sicut
1183 4770 1359 4829 sarmenta
1381 4757 1419 4825 in
1443 4757 1560 4847 ignem
1583 4760 1835 4839 conficientur,
1871 4761 1944 4828 imo
1968 4753 2004 4826 hi

89 4861 167 4931 ioue
179 4854 331 4941 Christi,
366 4863 428 4954 qui
450 4866 547 4934 adest
569 4863 834 4948 invocantibus,
867 4874 902 4932 et
923 4861 968 4929 li·
1019 4861 1081 4954 qui
1096 4883 1170 4931 non
1187 4873 1270 4931 stant
1286 4856 1404 4931 hostes
1417 4855 1623 4950 Evangelii,
1655 4864 1715 4931 sed
1741 4877 1858 4934 tamen
1880 4862 2006 4930 vivunt

97 4984 180 5048 nos,
207 4976 335 5035 etcum
355 4964 611 5039 inextricabilia
635 4964 792 5038 humano
817 4963 966 5034 consilio
1019 4964 1058 5033 iu
1074 4976 1253 5034 contemtu
1268 4960 1352 5047 Dei,
1388 4987 1453 5032 uec
1474 4962 1620 5033 aluntur
1642 4965 1763 5035 nativo
1785 4987 1888 5035 succo
1911 4960 2006 5046 vitis,

89 5079 166 5148 unt,
202 5079 242 5136 ut
256 5089 358 5159 saepe
375 5068 431 5153 fit,
466 5069 539 5161 ipse
564 5093 686 5141 rursus
707 5069 854 5163 praebet
873 5066 968 5138 salu·
1019 5066 1149 5145 idest,
1185 5064 1444 5157 perspiritum
1467 5080 1645 5152 sanctum,
1685 5089 1791 5160 quem
1815 5069 1877 5138 dat
1896 5057 2005 5134 Chri-

89 5167 212 5241 exitus.
1019 5181 1113 5254 stus,
1152 5168 1256 5238 etiam
1279 5191 1353 5237 nou
1375 5167 1525 5257 gignunt
1546 5167 1681 5242 lructus
1706 5170 1891 5250 salutares,
1930 5188 2005 5233 non

1019 5284 1104 5341 sunt
1124 5264 1291 5340 haeredes
1313 5270 1406 5340 vitae
1426 5283 1608 5348 aeternae,
1640 5294 1713 5342 non
1738 5269 1908 5341 resistunt
1926 5265 2004 5337 diass

1020 5372 1123 5459 bolo,
1145 5374 1206 5444 sed
1221 5367 1414 5444 trahuntur
1432 5371 1467 5439 in
1484 5370 1643 5543 cxitssiprp.
1673 5410 1676 5415 -
