4522 5782
177 207 279 291 sstt
740 198 870 274 emt.
895 200 1015 283 Met.
1040 199 1256 279 SCRIPTA
1282 198 1584 283 munuca.
1885 166 1906 255 ,⁶
2071 144 2077 157 ·
2128 210 2212 286 tttt

184 403 294 476 genus
318 374 517 450 humanum
542 385 683 469 pereat,
708 373 815 465 eripit
836 386 872 442 et
895 386 1012 445 servat
1032 376 1178 456 multos,
1230 372 1298 446 hoc
1320 376 1531 448 dictumest
1553 370 1782 448 Martum:
1816 373 1926 449 Hunc
1953 377 2089 451 audite.
2141 377 2214 450 lten

187 501 223 560 et
236 483 388 556 subinde
403 482 578 551 instaurat
595 476 800 561 Ecclesiam,
825 477 908 546 ideo
924 480 968 546 de
984 471 1053 549 boc
1067 502 1177 571 parvo
1233 478 1442 573 ipse-inquit
1459 474 1585 553 luban.
1604 477 1678 552 17.:
1707 477 1813 551 Pater
1829 482 2012 553 sanctifica
2033 505 2095 552 eos
2115 484 2151 552 in
2167 507 2213 552 ve·

189 601 292 660 coetu
309 580 553 655 invocantium
577 580 711 650 dicitur
732 576 895 649 Danielis
915 581 990 654 tt:
1015 576 1063 650 Et
1082 581 1179 651 docti
1230 582 1354 675 ritate,
1387 580 1513 653 Sermo
1531 583 1839 659 tuusestveritas.
1890 583 1983 654 ltem
2000 582 2133 659 Matth.
2151 583 2212 655 te:

188 690 228 765 in
246 687 381 783 populo
401 685 583 757 docebunt
600 682 752 769 multos,
779 696 813 754 et
829 695 936 754 ruent
953 683 992 752 iu
1010 682 1127 773 gladio
1145 696 1178 754 et
1231 681 1376 754 Frustra
1392 684 1516 755 colunt
1531 706 1588 753 me
1601 686 1779 755 mandatis
1794 680 1999 762 bominum.
2041 686 2126 759 ldeo
2142 690 2213 759 falsa

188 793 344 864 flamma.
433 856 436 860 ,
753 806 758 813 ·
1231 800 1264 856 et
1280 786 1388 878 impia
1405 800 1457 858 est
1472 787 1679 877 imaginatio
1695 784 1978 879 Episcoporum,
2006 803 2041 861 et
2055 790 2212 860 similium

291 891 444 964 Manent
464 901 582 959 autem
605 887 643 956 in
665 881 731 955 hac
753 886 843 968 vita,
887 900 922 957 et
945 888 983 956 in
1005 882 1072 957 irae
1095 909 1177 956 vera
1230 888 1293 981 qui
1310 890 1476 961 tribuunt
1492 885 1679 981 Episcopis
1695 904 1756 961 aut
1774 891 1854 961 aliis
1871 906 2085 986 potestatem
2099 895 2213 964 consti·

189 993 350 1071 Ecclesia
369 992 503 1062 multae
519 990 761 1073 infirmitates,
794 1002 830 1061 et
853 990 998 1109 quidem
1021 990 1179 1058 seniores
1232 992 1357 1062 tuendi
1381 1014 1494 1062 novos
1519 992 1646 1066 cultus.

191 1100 303 1191 magis
325 1105 520 1186 agnoscunt
542 1106 577 1163 et
599 1091 785 1183 deplorant
801 1114 898 1162 ruem
913 1094 1119 1182 caliginem,
1144 1104 1180 1163 et
1334 1090 1397 1164 Est
1416 1107 1535 1165 sutem
1558 1096 1676 1165 debita
1699 1094 1904 1166 obedientia
1929 1096 1969 1164 in
2003 1096 2098 1177 illis,
2138 1120 2213 1190 quse

192 1200 366 1283 alienam,
404 1209 439 1266 et
464 1217 546 1267 suas
581 1194 712 1263 sordes.
779 1191 865 1265 Ideo
897 1195 1015 1288 inquit
1047 1191 1180 1265 Paulus
1232 1196 1377 1286 proprie
1395 1199 1441 1265 ad
1462 1196 1688 1267 miniterium
1709 1199 1909 1289 pertinent,
1937 1200 2077 1269 sancita
2099 1200 2136 1268 in
2159 1197 2213 1269 boc

197 1304 232 1376 1.
242 1294 407 1376 Corinth.
422 1299 476 1371 tt:
505 1295 580 1367 Alii
596 1319 704 1391 super
719 1296 992 1368 [undamentum
1010 1310 1180 1367 extruunt
1231 1298 1347 1383 dicto,
1371 1297 1489 1369 Lucae
1510 1298 1585 1373 10.:
1610 1299 1686 1388 Qui
1705 1325 1767 1371 vos
1787 1303 1906 1382 audit,
1932 1324 1995 1370 me
2012 1303 2129 1386 audit,
2154 1300 2214 1390 Qui

194 1427 339 1499 aurum,
372 1401 436 1477 alii
456 1411 662 1487 argentum,
705 1397 768 1466 alii
791 1399 948 1498 stipulas.
1000 1397 1181 1470 Ertruunt
1233 1424 1296 1468 vos
1310 1403 1534 1490 spernit,me
1548 1403 1694 1490 speruit.
1746 1401 1787 1472 lu
1807 1400 1862 1472 bis
1879 1405 1988 1474 dietis
2002 1405 2144 1473 deducit
2161 1428 2212 1473 uos

194 1531 323 1579 aurum
345 1517 380 1575 ct
403 1515 607 1593 argentum,
632 1523 714 1570 cum
737 1501 891 1572 refutant
908 1497 1068 1571 haereses
1082 1514 1116 1572 et
1134 1502 1179 1570 il·
1234 1502 1414 1572 Dominus
1437 1505 1482 1570 ad
1506 1505 1617 1594 ipsam
1636 1501 1822 1593 Evangelii
1845 1528 1991 1587 vocem,
2021 1529 2058 1575 se
2074 1508 2149 1576 vult
2162 1531 2212 1575 an·

193 1610 347 1683 lustrant
359 1605 528 1677 articulos
543 1603 645 1685 lidei,
669 1600 826 1692 Stipulas
842 1604 1005 1675 nominat
1022 1605 1181 1694 contagia
1233 1604 1304 1673 diri
1321 1607 1359 1674 in
1377 1606 1638 1697 praedicatione
1661 1607 1928 1688 ministrorum,
1954 1630 2025 1678 uec
2048 1608 2213 1679 constitnit

192 1710 426 1804 opinionum,
457 1707 497 1775 in
521 1706 651 1798 quibus
669 1704 805 1798 aliquid
823 1707 955 1775 erroris
977 1721 1048 1791 est,
1074 1721 1113 1777 ut
1137 1710 1181 1775 de
1234 1700 1320 1776 haec
1337 1708 1510 1778 sententia
1526 1730 1675 1796 regnum
1691 1709 1837 1802 aliquod
1861 1725 1959 1779 extra
1980 1711 2212 1789 ministeriun,

195 1810 437 1893 Ceremoniis,
481 1820 522 1879 ut
544 1807 697 1877 multum
719 1806 931 1899 stipularum
959 1808 1182 1896 Augustinus
1235 1808 1326 1880 sicut
1346 1807 1517 1901 Episcopi
1541 1810 1723 1901 postulant
1748 1812 1995 1883 obedientiam
2027 1812 2244 1885 traditioni·-

195 1916 306 1988 etalii
323 1909 841 2001 sanetisuperiuudameutum
857 1924 1097 1982 extruxerunt.
1235 1912 1302 1981 bus
1325 1912 1518 2003 praestari,
1550 1936 1641 2007 quae
1661 1925 1746 1984 sunt
1769 1928 1865 1986 extra
1889 1938 2016 1984 vocem
2031 1912 2211 2004 Evangelii.

297 2013 390 2088 Cum
419 2012 530 2104 igitur
551 2010 683 2082 Paulus
706 2011 844 2106 inquit,
882 2010 1077 2084 Ecclesiam
1109 2035 1183 2084 esse
1236 2010 1419 2084 Praeterea
1442 2037 1508 2085 nee
1529 2008 1663 2087 babent
1685 2016 1841 2088 ministri
1863 2012 2056 2108 Evangelii
2077 2032 2211 2110 potesta-

196 2120 399 2191 columnam
415 2116 582 2188 etsedem
599 2113 773 2196 veritatis,
797 2114 950 2185 sciamus
973 2139 1054 2186 cum
1081 2116 1183 2209 loqui
1234 2128 1306 2184 tem
1326 2116 1445 2207 gladio
1460 2129 1523 2188 aut
1534 2117 1571 2186 vi
1586 2118 1764 2211 corporali
1778 2121 1979 2191 coercendi.
2031 2117 2161 2214 Deque
2179 2142 2211 2188 se

197 2225 340 2294 devera
356 2214 514 2290 Ecclesia
534 2216 710 2286 retinente
731 2216 1025 2303 tundamentum,
1051 2232 1085 2290 et
1107 2241 1182 2288 non
1235 2216 1322 2289 alias
1345 2242 1469 2312 saepae
1491 2219 1634 2295 dicitur.

197 2335 444 2417 propugnante
475 2319 705 2412 pertinaciter
730 2318 826 2389 idola
851 2333 885 2389 et
909 2321 1089 2390 mendacia
1116 2344 1183 2412 pu·

197 2426 343 2517 guantia
365 2447 447 2509 cnm
470 2420 628 2511 articulis
648 2420 746 2490 fidei:
772 2421 854 2515 quia
870 2418 967 2492 Deus
986 2446 1124 2514 semper
1146 2424 1182 2490 in

198 2529 317 2622 aliqua
334 2538 434 2618 parte
448 2521 585 2612 generis
600 2518 747 2593 humani
767 2524 844 2596 vult
861 2527 1022 2614 agnosci,
1048 2524 1183 2595 etiamsi
1339 2520 1569 2592 Manifestum
1592 2537 1645 2596 est
1668 2523 1754 2592 oriri
1779 2525 2044 2596 controversias
2065 2524 2164 2596 etism
2183 2526 2211 2596 in

199 2645 253 2703 est
267 2630 403 2721 exigua.
452 2623 533 2695 Huc
558 2625 711 2714 pertinet
725 2638 760 2693 et
782 2626 917 2695 dietum
939 2628 983 2695 ad
1005 2623 1135 2719 Ephes.
1149 2628 1185 2702 5.
1238 2645 1320 2695 vera
1342 2620 1518 2706 Ecclesia,
1546 2639 1585 2719 nt
1608 2623 1780 2696 Actorum
1809 2622 1866 2696 15.
1890 2643 2059 2718 apparet,
2084 2630 2160 2700 ideo
2177 2633 2211 2701 de

200 2730 249 2802 Ut
268 2731 369 2801 sistat
385 2728 454 2801 sibi
472 2722 666 2811 Ecclesiam
689 2750 764 2798 nou
787 2723 977 2799 habentem
1000 2732 1185 2812 maculam,
1238 2726 1381 2796 iudiciis
1404 2727 1606 2821 quaeritur:
1640 2726 1715 2817 Qui
1738 2730 1809 2799 sint
1834 2729 1992 2817 indices,
2015 2745 2051 2802 et
2074 2733 2211 2826 quaesit

200 2848 234 2905 et
249 2846 291 2905 ut
304 2834 350 2904 sit
372 2841 492 2902 sancta
505 2842 539 2898 et
555 2829 754 2918 inculpata,
790 2831 922 2902 scilicet
950 2833 987 2901 in
1013 2856 1095 2903 vera
1120 2836 1185 2902 do-
1239 2852 1364 2899 norma
1390 2828 1487 2898 iuxta
1510 2852 1617 2923 quam
1638 2831 1790 2900 iudicari
1810 2844 1970 2923 oportet,
2003 2830 2053 2905 Et
2074 2837 2211 2928 quaesit

200 2936 332 3016 ctrina,
356 2949 392 3005 et
408 2955 489 3003 vera
506 2932 575 3001 lide
591 2929 706 3001 Deum
723 2933 915 3018 invocans,
942 2948 975 3003 et
997 2934 1086 3007 iusta
1102 2960 1187 3030 pro·
1239 2932 1410 3031 autoritas
1425 2930 1656 3023 iudicum,'et
1673 2934 1856 3027 quomodo
1871 2956 2017 3007 necesse
2030 2937 2080 3007 sit
2091 2938 2211 3008 obtem·

196 3051 277 3135 pter
291 3037 405 3108 lilium
418 3033 505 3117 Dei,
531 3034 766 3125 imputatione
780 3049 815 3104 et
829 3036 1041 3110 incoatione.
1242 3057 1365 3126 perare
1387 3034 1554 3107 iudicato.

1339 3134 1409 3206 Hic
1431 3136 1586 3229 primum
1614 3135 1884 3207 considerentur
1913 3137 2050 3208 iudicia
2079 3140 2213 3230 politica,

1241 3239 1294 3308 ibi
1319 3240 1425 3309 iudex
1452 3251 1503 3308 est
1529 3239 1605 3330 ipse
1630 3262 1692 3307 rex
1717 3253 1778 3310 aut
1805 3254 1948 3331 praetor
1983 3266 2065 3311 cum
2096 3243 2212 3312 maiore

1243 3355 1341 3433 parte
1356 3340 1508 3414 consilii.
1561 3338 1693 3411 Norms
1709 3354 1761 3411 est
1779 3342 1818 3410 in
1833 3343 1997 3436 quolibet
2018 3367 2127 3435 reguo
2144 3369 2212 3436 pro·

1242 3445 1340 3534 prise
1366 3443 1478 3532 leges,
1510 3442 1642 3537 quibus
1658 3444 1904 3535 obtemperare
1926 3459 1962 3515 et
1984 3445 2155 3528 iudicem,
2187 3459 2213 3515 et

1242 3546 1420 3636 litigantes
1446 3567 1585 3615 necesse
1612 3558 1674 3617 est.
1736 3548 1923 3618 Antoritas
1955 3549 2118 3620 iudicum
2150 3550 2214 3620 talis

302 3640 516 3735 Expressum
559 3642 764 3712 mandatum
805 3655 857 3713 est
896 3643 1011 3716 Murci
1045 3646 1188 3718 ultimo:
1242 3662 1311 3733 est,
1329 3663 1368 3718 ut
1386 3671 1464 3716 cum
1481 3648 1519 3715 in
1536 3649 1611 3735 lege
1627 3661 1679 3717 est
1696 3650 2091 3740 ambiguitas,possint
2105 3655 2212 3722 addere

201 3749 405 3824 Praedicate
446 3741 682 3836 Evangelium
726 3747 824 3814 omni
874 3763 1066 3822 creaturae.
1142 3746 1189 3822 Et
1242 3764 1373 3820 certam
1390 3751 1684 3829 declarationem,
1718 3762 1752 3819 et
1768 3746 1856 3821 haec
1877 3753 2018 3823 additio
2033 3768 2151 3845 postea
2163 3750 2210 3824 hs-

201 3843 490 3928 sentinata:
532 3846 664 3919 Sumus
685 3846 840 3918 ministri
869 3852 954 3919 novi
977 3854 1189 3939 testamenti,
1241 3854 1301 3922 bet
1317 3853 1389 3919 vim
1410 3853 1496 3941 legis
1513 3866 1658 3943 propter
1677 3855 1825 3940 gradum
1844 3855 2094 3946 magistratus,
2121 3860 2213 3928 etde

202 3977 278 4029 nnn
317 3953 460 4035 literae,
506 3951 567 4020 sed
599 3946 756 4039 spiritus.
815 3946 862 4021 Et
894 3950 1017 4023 loltau.
1040 3955 1185 4028 ultimo:
1242 3957 1346 4024 betur
1360 3954 1393 4022 ei
1407 3955 1629 4038 obedientia,
1663 3955 1799 4025 etiamsi
1823 3956 1929 4026 alicui
1955 3957 2115 4047 litiganti
2136 3980 2214 4030 secut

202 4060 305 4133 Sicut
328 4054 426 4125 misit
448 4076 504 4122 me
531 4065 648 4145 pater,
687 4052 737 4121 sic
763 4075 827 4141 ego
856 4055 958 4125 mitto
985 4080 1058 4127 vos.
1110 4056 1188 4128 Hoc
1242 4057 1394 4129 videtur.
2154 4077 2159 4083 ·

202 4160 410 4232 mandatum
433 4153 682 4247 complectitur
696 4176 755 4238 ea,
783 4179 872 4249 qnae
891 4160 936 4226 sd
953 4161 1186 4230 substantiam
1347 4157 1397 4229 lta
1419 4159 1550 4231 dicitur
1568 4157 1762 4229 iudicatum
1783 4161 1902 4229 valere
1924 4164 2119 4235 autoritate
2139 4165 2214 4255 regia

203 4260 391 4332 ministerii
415 4257 828 4347 evangelici‘pertinent,
859 4257 1022 4332 videlicet
1047 4264 1187 4353 praedi·
1242 4263 1299 4332 vel
1314 4263 1503 4352 praetoria,
1520 4261 1603 4355 quia
1621 4260 1721 4330 Deus
1736 4263 1887 4333 armavit
1903 4266 2149 4354 magistratum
2165 4290 2214 4358 po·

203 4365 377 4434 catio'nem
392 4356 600 4451 Evangelii,
620 4359 963 4432 administrationem
979 4362 1187 4436 Sacramen·
1241 4365 1377 4435 litieum
1410 4360 1476 4433 hac
1500 4375 1687 4456 potestate,
1729 4379 1762 4434 et
1789 4366 1930 4453 negotia
1961 4381 2047 4437 sunt
2077 4370 2213 4440 subiecta

202 4479 339 4550 torum,
370 4460 771 4535 excommunicationem
795 4466 1075 4551 contumacium,
1111 4467 1188 4538 Ab·
1241 4467 1386 4541 rationi.
1437 4466 1558 4538 Potest
1583 4468 1722 4558 sapiens
1752 4469 1980 4558 magistratus
2011 4473 2213 4560 probabilem

201 4566 415 4642 solutionem
447 4565 627 4656 agentium
661 4565 938 4656 poenitentiam,
977 4568 1108 4640 iudicia
1141 4572 1188 4642 de
1241 4571 1416 4640 rationem
1453 4567 1593 4653 videre,
1642 4592 1706 4638 cur
1739 4569 1787 4639 ita
1821 4572 2138 4661 pronunciandum
2171 4573 2213 4644 sit

201 4668 337 4744 vocatis
374 4668 420 4736 ad
461 4666 699 4740 ministerium
749 4671 1000 4758 evangelicum.
1077 4669 1188 4744 Recte
1242 4673 1404 4743 Debetur
1424 4685 1541 4743 autern
1559 4672 1592 4741 ei
1606 4671 1809 4742 obedientia
1828 4686 1979 4764 propter
2000 4677 2163 4764 gradum,
2183 4685 2214 4744 nt

200 4774 310 4849 etiam
342 4768 429 4842 addi
459 4783 607 4860 possunt
638 4769 771 4842 iudicia
803 4771 849 4842 de
881 4775 1062 4861 doctrina,
1104 4778 1186 4868 quia
1241 4775 1287 4845 sit
1303 4797 1369 4864 par
1388 4785 1423 4843 et
1439 4773 1520 4843 finis
1538 4774 1674 4865 litium,
1701 4787 1736 4844 et
1759 4796 1840 4843 cum
1857 4797 1932 4844 non
1953 4776 2129 4848 obediunt
2143 4799 2211 4846 con·

200 4873 288 4951 haec
314 4895 397 4969 pars
421 4871 616 4943 necessaria
640 4885 692 4944 est
711 4872 751 4943 iu
778 4877 1042 4966 praedicatione
1064 4872 1186 4947 Evan·
1240 4875 1418 4961 demnati,
1457 4876 1591 4948 iustum
1625 4889 1678 4947 est
1710 4899 1771 4947 eos
1808 4899 1945 4967 cogere.
2000 4877 2126 4950 Talem
2154 4898 2209 4948 esse

198 4980 295 5074 gelii.
1239 4979 1401 5049 ordinem
1429 4991 1464 5049 et
1493 4979 1717 5051 autoritatem
1751 4979 1970 5052 iudiciorum
2003 4982 2207 5074 politicorum

299 5077 532 5176 Nequaquam
562 5099 646 5147 vero
677 5075 752 5147 ulla
784 5094 943 5152 creatura
979 5094 1186 5174 potestatem
1238 5082 1400 5152 sciamus.

198 5180 308 5257 babet
328 5206 420 5254 nova
437 5185 602 5272 dogmata
618 5179 796 5251 condendi
812 5184 858 5253 de
878 5184 1027 5254 essentia
1047 5196 1106 5253 aut
1122 5208 1185 5255 vo-
1338 5182 1463 5255 Postea
1480 5184 1741 5269 consideretur,
1759 5198 1937 5278 quatenus
1953 5197 2125 5277 congruat
2138 5179 2206 5255 litet

197 5281 440 5371 luntathei,
478 5297 539 5356 aut
560 5305 674 5354 noros
697 5280 812 5354 cultus
842 5284 1075 5373 instituendi,
1112 5287 1184 5359 Sed
1237 5287 1355 5377 imago
1372 5286 1416 5355 ad
1433 5285 1562 5356 iudicia
1577 5282 1765 5368 Ecclesiae,
1781 5310 1873 5382 quae
1887 5289 2010 5385 aliquo
2028 5285 2203 5363 mododis·

108 5460 115 5463 ,
194 5386 422 5483 filiusquiirs
439 5385 522 5459 sinu
537 5386 646 5480 patris
659 5397 729 5474 est,
761 5387 944 5461 enarravit
962 5389 1079 5461 nobis.
1130 5386 1185 5461 De
1236 5389 1366 5462 similia
1390 5403 1474 5463 suut
1494 5390 1622 5462 indicis
1644 5389 1810 5484 politicis.

1433 2379 1503 2454 Dc
1543 2384 1688 2456 tertia
1732 2379 2043 2481 Quaestione.

363 3287 434 3361 De
473 3274 688 3359 seeundo
718 3283 1020 3385 Quaestione.

428 3486 490 3559 Dc
505 3497 683 3588 potestate
698 3487 965 3563 ministrorum.
