4522 5782
113 170 215 281 qus
279 202 301 275 ς
566 248 572 259 ,
713 139 1555 269 cunnenscntertmuuuca,
1701 106 1748 145 ”
1836 226 1845 237 .
1927 220 1934 229 .
2005 161 2149 239 use

110 351 346 437 conferuntur
374 340 471 418 iusti
499 366 600 417 suam
628 341 838 423 essentiam,
871 341 1102 414 verissimum
1158 341 1259 415 Pauli
1275 337 1343 415 hcc
1359 344 1438 415 loco
1455 356 1549 414 recte
1564 342 1759 435 explicare,
1785 355 1821 413 et
1842 336 1974 411 multis
1997 337 2079 410 aliis
2093 336 2153 408 ob-

7 518 15 526 .
112 468 186 545 est,
209 451 435 524 dilectionem
451 447 518 519 Dei
538 448 644 538 longe
661 447 831 518 omnibus
849 446 930 516 aliis
950 446 1104 519 antecel-
1159 446 1371 519 iectionibus
1389 446 1427 515 iu
1447 441 1683 516 hocarticulo
1699 445 1931 536 respondere.

115 555 200 645 lere.
251 552 358 627 ¹Sicut
383 553 440 621 lex
467 551 572 621 etiam
596 573 768 619 summam
795 548 963 620 virtutem
989 547 1106 619 nomi·

118 669 197 731 nat:
223 652 360 744 Diligas
378 651 576 722 Dominum
591 649 706 722 Deum
725 665 828 722 tuum
844 675 884 720 ex
903 665 978 722 toto
1002 652 1108 720 corde

120 772 195 847 tuo.
248 756 300 829 De
316 781 386 848 quo
406 768 589 846 praecepto
604 778 682 823 cum
702 751 878 824 Dominus
903 754 977 843 ipse
998 752 1109 822 dicat:

88 939 90 943 ,
122 857 202 949 Hoc
223 872 276 931 εει
296 859 459 954 primum⁴
476 869 509 925 et
533 879 700 944 magnum
725 857 951 938 mandatum,
977 854 1112 942 signifi-

126 976 249 1055 catur,
271 974 306 1030 et
321 960 505 1041 virtutem,
530 960 574 1026 de
597 981 665 1050 qua
686 957 863 1048 loquitur,
890 957 1112 1047 praecipuam

127 1086 213 1136 etse.
263 1058 311 1132 Et
332 1063 370 1131 in
394 1061 464 1130 vita
489 1073 629 1128 aeterna
652 1081 776 1127 sensus
801 1059 931 1127 amoris
948 1055 1015 1127 Dei
1032 1080 1114 1145 erga

127 1156 213 1247 nos,
240 1179 275 1234 ct
289 1163 442 1233 vicissim
456 1174 575 1230 noster
589 1184 690 1229 amor
705 1182 785 1249 erga
801 1158 917 1229 Deum
934 1161 1002 1228 erit
1018 1182 1114 1228 sum·

130 1291 210 1345 mus
226 1267 355 1357 gradus
374 1262 616 1336 beatitudinis.
666 1259 716 1333 Et
738 1284 876 1352 semper
896 1285 997 1331 amor
1022 1283 1118 1330 com·

131 1369 299 1463 plectitur
319 1366 508 1444 noticiam,
534 1387 623 1457 quae
644 1364 789 1456 quidem
816 1364 854 1432 in
881 1363 954 1433 vita
978 1377 1119 1432 aeterua

132 1470 200 1541 erit
220 1469 332 1553 multo
355 1467 548 1552 illustrior,
582 1489 657 1535 non
678 1467 847 1548 obscura,
882 1479 923 1536 ut
945 1488 1041 1535 nunc
1067 1475 1122 1532 est

134 1572 218 1651 fidei
243 1570 388 1663 noticia.

236 1668 318 1743 Non
335 1668 525 1762 disputabo
541 1681 657 1739 autem
680 1670 847 1740 subtilius
868 1671 912 1739 de
934 1669 1124 1739 collatione

11 1820 17 1830 ·
134 1768 263 1847 harum
282 1776 467 1845 virtutum.
529 1768 723 1864 Utramque
745 1773 895 1842 sciamus
921 1794 993 1841 esse
1019 1771 1125 1839 flam-

135 1900 230 1947 mam
253 1898 274 1944 a
299 1875 438 1967 Spiritu
459 1887 581 1944 sancto
606 1896 805 1958 accensam,
847 1873 980 1944 scilicet
1005 1896 1124 1942 veram

135 1968 241 2049 iidem
268 1990 303 2048 et
325 1999 444 2047 veram
470 1976 709 2049 dilectionem.
767 1973 853 2046 ldeo
875 1989 1025 2069 utraque
1048 1998 1125 2044 ma-

136 2079 357 2171 gnifacienda
373 2091 444 2163 est,
470 2077 607 2148 etiamsi
623 2078 732 2147 altera
753 2078 942 2150 antecellit.

190 2230 194 2235 -
240 2180 311 2253 Sed
326 2194 574 2271 argumentum
591 2173 650 2248 hic
668 2180 915 2270 explicandum
936 2192 1004 2273 est,
1029 2179 1127 2271 quod

137 2297 326 2376 opponunt
363 2280 477 2376 aliqui
511 2293 635 2352 contra
673 2281 837 2368 dictum,
876 2279 966 2352 Fide
1001 2281 1129 2353 iustifi-

139 2408 280 2457 carum:

240 2482 398 2555 Maxima
414 2483 528 2554 virtus
541 2483 659 2575 potius
675 2482 851 2554 iustificat.
1196 2502 1201 2511 “

240 2583 396 2658 Dilectio
415 2597 466 2656 est
480 2585 631 2655 maxima
647 2586 778 2655 virtus:
1227 2626 1235 2649 ,
1522 2550 1661 2661 Capul
1692 2550 1820 2638 XIV.

1262 594 1403 668 Addam
1419 612 1451 667 et
1470 592 1560 677 hoc,
1584 590 1758 667 usitatam
1774 594 2048 687 responsionem
2075 615 2152 662 esse:

1162 700 1315 773 Dilectio
1348 712 1401 770 est
1429 699 1608 784 maxima,
1660 700 1791 769 scilicet
1826 720 1899 791 quo
1936 697 1984 764 ad
2010 696 2155 767 actiones

1164 807 1256 875 inter
1280 798 1465 886 homines,
1499 801 1581 893 quia
1612 803 1685 869 fere
1714 823 1837 870 omnes
1868 797 2031 868 actiones
2066 822 2154 887 prae·

1165 919 1345 998 ceptorum
1371 906 1545 972 secundae
1569 903 1728 972 Tabulae
1753 916 1836 971 snut
1867 923 1979 990 opera
2003 898 2156 970 dilectio·

1168 1010 1236 1079 nis.
1289 1007 1358 1078 Sed
1380 1002 1471 1075 banc
1488 1006 1752 1095 responsionem
1770 1004 1917 1082 omitto,
1948 1002 2016 1072 etsi
2044 1025 2155 1071 vemm

1169 1126 1239 1195 est,
1264 1123 1304 1178 ut
1328 1107 1543 1197 supradixi,
1569 1108 1795 1178 dilectionem
1824 1105 1985 1196 proximi
2000 1104 2156 1174 virtutem

1171 1210 1379 1301 simpliciter
1396 1210 1626 1278 necessariam
1645 1232 1718 1277 esse
1737 1208 1906 1297 singulis,
1936 1209 2036 1275 dona
2060 1207 2165 1291 mira·¹

1173 1313 1333 1383 culorum
1352 1335 1424 1380 non
1441 1324 1523 1380 sunt
1539 1311 1688 1400 siugulis
1712 1310 1919 1382 necessaria.
1975 1305 2024 1378 Et
2042 1309 2087 1376 de
2102 1303 2157 1377 hae

1174 1416 1263 1498 lide,
1310 1437 1400 1504 quae
1427 1426 1476 1480 est
1502 1414 1636 1481 donum
1662 1412 1941 1493 miraculorum,
1983 1411 2159 1502 praecipue
2202 1494 2204 1505 Ι

1175 1514 1235 1587 hic
1260 1515 1390 1585 Pacilus
1414 1514 1593 1606 loquitur,
1633 1529 1673 1583 ut
1695 1540 1776 1582 rnox
1803 1513 1911 1582 initio
1942 1509 2159 1604 insequenti
2202 1508 2204 1551 :

1177 1619 1289 1709 capite
1308 1617 1478 1686 ostendit:
1507 1614 1699 1687 Sectamini
1723 1616 1979 1696 dilectionem,
2005 1613 2159 1704 suscipite
2202 1604 2204 1613 ’

1178 1745 1261 1791 vero
1288 1718 1496 1811 spiritualia.
1571 1715 1659 1786 Vult
1683 1718 1842 1805 singulos
1865 1718 2015 1795 sectari,
2050 1717 2087 1783 id
2110 1727 2160 1796 est,
2202 1790 2204 1807 Ι

1179 1837 1341 1914 appetere
1364 1819 1611 1904 dilectionem,
1637 1843 1727 1910 quae
1750 1832 1801 1888 est
1824 1818 1943 1887 virtus
1964 1817 2161 1916 simpliciter
2202 1832 2204 1845 '

1178 1923 1371 1994 necessaria
1403 1921 1564 2008 singulis.
1624 1915 1765 1991 Deinde
1793 1920 1871 1990 vult
1896 1920 1998 1989 dona
2030 1933 2161 1997 caetera,

1180 2049 1269 2121 quae
1287 2037 1435 2117 prosunt
1452 2021 1651 2104 Ecclesiae,
1677 2037 1713 2093 et
1730 2036 1813 2092 sunt
1829 2036 1952 2091 motus
1966 2035 2002 2093 et
2015 2022 2160 2092 testimo·

1181 2130 1240 2199 nia
1264 2126 1574 2218 Spiritussancti,
1608 2125 1825 2215 magnifieri,
1858 2124 2101 2194 etiamsinon
2122 2134 2161 2190 est

1181 2253 1320 2302 neccsse
1334 2228 1484 2319 singulis
1499 2251 1538 2297 ea
1559 2228 1648 2302 dari.

295 2685 409 2776 lgitur
424 2688 567 2758 dilectio
586 2688 703 2777 potius
717 2687 892 2770 iustificat.

166 2858 170 2863 .
244 2787 478 2879 Respondeu:
503 2787 625 2858 Maior
644 2812 726 2859 vera
745 2803 851 2873 esset,
877 2789 905 2858 si
932 2788 1016 2859 iusti
1039 2811 1131 2857 esse-

142 2913 223 2965 mus
238 2891 446 2982 impletione
468 2891 564 2979 legis.
615 2889 686 2962 Sed
708 2890 791 2984 quia
813 2891 889 2980 lege
913 2915 987 2961 nou
1011 2913 1132 2961 sumus

144 2993 249 3080 iusti,
284 2993 380 3063 etin
405 2993 639 3085 promissione
667 2992 866 3064 ostenditur
889 2994 959 3064 alia
981 2994 1133 3078 iusticia,
1286 2993 1430 3070 Dictum
1451 3004 1502 3061 est
1524 3012 1649 3083 snpra,
1676 2989 1981 3060 considerandum
2009 2989 2164 3061 essedis·

144 3097 278 3169 scilicet
304 3096 565 3187 quodpropter
590 3092 1036 3180 filiumDeiiustisimus,
1062 3096 1132 3164 im·
1186 3097 1318 3167 crimen
1350 3096 1442 3176 inter
1473 3093 1667 3161 necessaria
1698 3092 1868 3179 siugulis,
1909 3106 1949 3163 et
1980 3092 2166 3163 interulis

144 3211 269 3292 putata
286 3197 391 3267 uobis
407 3198 519 3287 ipsius
535 3197 689 3266 iusticia:
717 3197 924 3267 nominatur
940 3198 1134 3289 fides,quae
1186 3202 1299 3283 dona,
1326 3220 1416 3290 quae
1436 3196 1572 3266 etiamsi
1588 3209 1737 3286 prosunt
1752 3190 1954 3279 Ecclesiae,
1972 3208 2094 3265 tamen
2106 3216 2167 3263 nou

144 3295 381 3392 adprehendit
411 3299 660 3381 mediatorem,
710 3299 783 3366 sive
809 3293 909 3367 'haec
943 3300 1055 3368 virtus
1089 3300 1134 3368 sit
1187 3304 1317 3371 dantur
1333 3297 1518 3381 omuibus,
1545 3312 1583 3367 ut
1599 3301 1692 3366 dona
1712 3291 1837 3385 loseph
1859 3311 1894 3366 ει
1910 3293 2080 3366 Danielis
2098 3311 2167 3367 sunt

146 3403 282 3485 maior,
306 3400 379 3467 sive
395 3400 732 3483 miuordilectione‚
757 3400 792 3468 id
811 3398 854 3469 ad
871 3424 945 3468 rem
965 3424 1038 3469 non
1056 3424 1135 3491 per·
1188 3401 1415 3482 excellentia,
1455 3413 1490 3468 et
1519 3399 1705 3469 universae
1728 3394 1906 3467 Ecclesiae
1931 3417 2107 3490 prosunt,
2141 3411 2169 3467 et

149 3503 253 3574 tinet.
289 3497 370 3571 Non
388 3503 481 3568 enim
498 3523 619 3569 sumus
636 3501 718 3570 iusti
736 3514 879 3592 propter
894 3516 1031 3571 nostras
1048 3526 1136 3596 qua·
1188 3518 1271 3576 suut
1287 3502 1439 3572 illustria
1461 3499 1663 3570 testimonia
1687 3503 1730 3569 de
1747 3501 1944 3590 praeseutia
1962 3496 2033 3570 Dei
2058 3505 2097 3573 iu
2110 3497 2168 3571 Et·

149 3604 284 3685 litates,
310 3602 369 3670 sed
388 3615 532 3693 propter
546 3601 658 3670 filium
674 3603 755 3672 Dei.
808 3599 856 3674 Et
871 3617 989 3672 tamen
1012 3628 1135 3673 verum
1189 3608 1304 3678 etesia.
1355 3602 1426 3674 Sed
1443 3618 1561 3674 tamen
1579 3627 1652 3670 nou
1669 3603 1836 3672 omnibus
1851 3615 1951 3672 tanta
1967 3616 2168 3674 ornamenta

150 3719 213 3789 est,
238 3705 334 3797 quod
353 3729 434 3772 cum
450 3704 518 3772 fide
531 3699 811 3794 apprehenditur
825 3706 918 3775 filius
934 3704 1012 3791 Dei,
1029 3708 1136 3777 corda
1190 3710 1408 3782 tribuuntur.
1468 3701 1508 3772 ld
1532 3703 1721 3772 discrimen
1746 3699 1803 3772 hie
1826 3703 1982 3788 indicat,
2009 3731 2093 3775 cum
2114 3706 2168 3775 ait:

151 3806 395 3890 vivificantur,
421 3820 455 3875 et
477 3803 571 3876 filius
588 3803 653 3874 Dei
668 3831 749 3875 vere
766 3808 804 3875 in
821 3808 925 3876 nobis
939 3809 1058 3877 efficax
1076 3822 1138 3893 est,
1190 3809 1383 3884 sectamini
1420 3806 1663 3888 dilectionem,
1704 3807 1740 3874 id
1774 3819 1843 3888 est,
1886 3790 1975 3875 hacc
2010 3809 2094 3877 talis
2118 3819 2169 3889 εει,

154 3924 187 3979 ει
206 3908 366 3978 accendit
381 3905 519 3998 Spiritu
537 3920 657 3976 sancto
674 3931 803 3976 novam
821 3909 952 3992 lucem,
978 3909 1138 3980 dilectio·
1191 3938 1296 4007 quam
1323 3923 1484 3998 expetere
1506 3922 1539 3977 et
1560 3909 1740 3998 possidere
1764 3931 1826 3976 vos
1848 3907 2013 3997 singulos
2032 3922 2169 4001 oportet.

154 4033 236 4080 nem
258 4024 292 4078 ει
314 4023 469 4080 caeteras
491 4010 661 4095 virtutes,
687 4032 776 4101 quae
800 4024 884 4080 suut
906 4011 1043 4080 incoata
1070 4013 1137 4079 im·
1192 4017 1260 4088 Sed
1287 4015 1378 4081 dona
1404 4010 1548 4101 spiritus
1572 4009 1828 4091 admiramini,
1866 4011 2119 4098 magnifacite,
2146 4022 2171 4080 ει

154 4113 264 4206 pletiu
280 4112 378 4200 legis.
428 4106 475 4180 Et
497 4124 614 4180 tamen
639 4111 720 4202 quia
741 4107 857 4181 adhuc
876 4112 912 4180 iu
931 4108 995 4182 hac
1011 4114 1138 4183 misera
1193 4116 1367 4206 agnoscite
1384 4113 1550 4180 beneficia
1568 4108 1632 4179 Dei
1651 4135 1742 4194 esse,
1768 4126 1800 4180 et
1819 4112 2008 4182 doctrinae
2025 4116 2171 4185 testimo·

156 4227 282 4283 natura
306 4227 390 4284 suut
410 4213 580 4305 reliquiae
601 4213 755 4302 peccati,
789 4236 937 4302 persona
962 4228 1012 4284 εει
1036 4216 1140 4297 iusta,
1194 4221 1273 4302 nia,
1312 4231 1346 4285 et
1367 4213 1442 4284 Deo
1467 4238 1531 4304 pro
1564 4208 1629 4282 hac
1656 4213 1888 4303 patefactione
1918 4216 2054 4302 gratias
2082 4219 2169 4306 agite.

158 4317 281 4398 idest,
309 4327 448 4403 accepta
467 4312 542 4383 Deo
564 4330 708 4405 propter
729 4315 961 4384 mediatorem
983 4341 1047 4407 pro
1074 4342 1141 4386 no·
1193 4319 1346 4392 Etsicut
1360 4318 1404 4387 ad
1422 4311 1555 4407 Ephes.
1572 4311 1607 4387 4.
1628 4317 1776 4384 dicitur:
1814 4317 1885 4383 Dat
1909 4317 2001 4386 alios
2023 4317 2172 4411 Prophe·

156 4416 215 4485 bis
230 4415 513 4508 interpellantem
532 4416 625 4506 apud
644 4429 825 4485 aeternum
843 4429 1000 4508 patrem,
1026 4433 1059 4488 et
1073 4420 1141 4488 im·
1195 4439 1264 4507 tas,
1290 4421 1380 4491 alios
1395 4414 1604 4507 Apostolos,
1630 4419 1752 4486 scitote
1768 4413 1841 4486 non
1864 4417 1998 4487 similia
2020 4442 2095 4490 esse
2117 4421 2172 4489 mi-

161 4530 280 4608 putata
306 4519 409 4587 nobis
436 4518 573 4587 iusticia
605 4518 826 4598 mediatoris,
861 4543 934 4588 nou
968 4535 1020 4591 est
1050 4521 1143 4591 iusta
1196 4525 1341 4594 nisteria
1366 4536 1400 4592 et
1425 4522 1520 4588 dona
1547 4519 1779 4605 singulorum.
1836 4516 1921 4587 ldeo
1947 4522 1993 4589 de
2022 4516 2173 4594 hisusus

161 4632 307 4715 propter
334 4619 515 4709 propriam
544 4618 762 4711 dignitatern.
834 4617 944 4691 Recte
967 4622 1076 4710 igitur
1100 4625 1143 4691 de
1198 4640 1246 4698 est
1265 4626 1375 4694 verbo
1398 4618 1570 4714 ζηλοῦτε,
1597 4622 1634 4689 id
1659 4635 1730 4705 est,
1757 4620 1989 4692 admiramini
2006 4648 2048 4694 ea
2064 4640 2174 4695 etma-

162 4734 314 4818 utroque
338 4719 507 4805 dicimus,
550 4723 593 4788 de
619 4722 846 4789 renovatione
868 4725 966 4792 etde
991 4722 1144 4815 imputa-
1198 4727 1383 4818 gnifacite,
1409 4738 1442 4792 ει
1460 4748 1523 4792 suo
1541 4723 1619 4793 loco
1635 4724 1784 4816 quisque
1799 4745 1863 4791 suo
1879 4722 2087 4798 ministerio
2105 4728 2174 4797 fun·

163 4824 277 4894 tione:
305 4820 452 4895 Necesse
475 4822 619 4892 estfieri
642 4824 919 4893 renovationem.
978 4821 1027 4895 Et
1051 4828 1144 4896 lilius
1198 4845 1317 4920 gatur,
1353 4842 1386 4897 et
1411 4848 1474 4895 suo
1497 4826 1592 4895 dono
1614 4825 1742 4895 serviat
1762 4820 1957 4895 Ecclesiae.
2015 4825 2176 4898 Conside-

163 4924 230 4998 Dei
253 4939 305 4995 est
328 4924 367 4992 in
394 4923 514 5006 nobis,
550 4936 646 4992 etex
668 4925 797 4994 efficax.
847 4922 896 4996 Et
919 4939 1036 4996 tamen
1059 4925 1145 4997 haec
1199 4933 1310 5001 randa
1330 4941 1509 5000 estautem
1526 4925 1629 4996 Pauli
1653 4925 1853 5017 prudentia.
1907 4923 2098 5001 Corinthii
2112 4945 2175 5002 stu·

165 5028 359 5097 consolatio
383 5025 552 5095 omuibus
575 5027 767 5096 necessaria
791 5040 858 5110 est,
885 5030 979 5120 quod
1003 5045 1147 5121 propter
1199 5035 1258 5103 dio
1274 5035 1450 5101 donorum
1468 5030 1599 5100 fiebant
1614 5028 1883 5113 insolentiores,
1909 5043 1948 5100 et
1961 5034 2175 5122 negligebant

166 5129 281 5219 ipsum
297 5129 410 5198 filium
428 5127 500 5196 Dei
516 5140 610 5196 certo
625 5128 823 5217 placeamus
838 5127 933 5212 Deo,
958 5130 1045 5213 fide,
1072 5156 1145 5201 non
1199 5135 1436 5205 dilectionem.
1500 5130 1605 5200 Nunc
1630 5155 1709 5200 cum
1729 5130 1878 5200 audiant
1901 5134 2077 5203 anteferri
2098 5135 2176 5204 dile·

166 5244 310 5321 propter
338 5230 545 5317 dignitatem
581 5243 751 5299 nostram.
827 5227 901 5317 Qui
935 5227 999 5301 hos
1032 5234 1146 5303 sontes
1200 5238 1372 5318 ctionem,
1398 5257 1442 5301 ne
1459 5234 1616 5302 studium
1637 5247 1668 5302 ει
1685 5231 1849 5301 exercitia
1870 5233 2056 5305 donorum
2076 5236 2174 5325 negli-

166 5325 272 5399 huius
295 5331 476 5401 doctrinae
498 5331 743 5416 considerant,
785 5346 932 5421 possunt
955 5347 989 5403 et
1011 5335 1144 5408 dictum
1199 5352 1301 5429 gant,
1328 5337 1454 5409 tribuit
1471 5335 1611 5428 utrique
1629 5334 1748 5425 generi
1766 5335 1887 5406 locum
1903 5339 2174 5414 convenientem.

1221 2729 1382 2810 Διώκετε
1407 2732 1478 2830 τὴν
1499 2729 1669 2835 ἀγάπην,
1706 2730 1860 2856 ζηλοῦτε
1888 2727 1933 2807 δὲ
1957 2729 2007 2806 τὰ
2029 2757 2135 2807 πνευ-

1594 2861 1745 2931 ματικα.
