4522 5782
80 242 116 320 a
259 247 342 328 xa.
399 251 431 329 ι.
460 245 864 328 ausorarroms
891 249 941 327 n
972 234 1224 327 crurum
1250 233 1321 317 ao
1342 233 1606 324 soumos.
1656 246 1763 329 car.
1790 177 1881 330 m·
2001 260 2079 339 ιιι

79 434 202 505 nctus,
248 423 312 518 qui
337 446 451 497 nom
484 436 602 496 motus
633 425 671 494 iu
709 425 840 499 gnimig
882 438 916 499 et
945 449 1039 498 non
1064 424 1069 445 ¹
1091 438 1189 487 mre
1213 414 1384 487 auxillum
1399 438 1419 485 ἃ
1435 417 1530 491 Deo·
1581 420 1681 495 Tulli
1702 425 1957 504 eratAbrahae
1980 436 2077 512 fides.

79 548 147 596 sera
164 525 269 617 parit,
1000 528 1003 533 '
1090 513 1139 590 Et
1151 540 1291 609 semper
1304 518 1370 588 ista
1385 517 1471 589 fides
1486 524 1734 615 complectitur
1746 526 1880 605 Christi
1898 538 2077 624 noticiam,

1090 623 1185 715 quod
1202 635 1302 713 pater
1326 642 1391 689 nos
1411 624 1557 717 recipiat
1582 626 1619 695 iu
1644 632 1811 719 gratiam,
1837 660 1911 708 non
1933 656 2077 731 propter

250 741 559 859 confirmatio·
613 742 720 855 cap·
743 743 819 831 lv·
1090 736 1209 794 nostra
1223 722 1368 807 merita,
1393 724 1461 840 ,sed
1485 742 1630 819 propter
1653 726 1848 812 Christum.
1901 736 1950 811 Et
1972 757 2075 814 norat

1088 818 1271 896 Abraham
1289 848 1500 916 promissum
1520 852 1639 901 semen
1656 857 1746 914 esse,
1773 837 1810 906 iu
1832 863 1903 933 quo
1926 845 2074 914 benedi-

145 927 189 998 ln
205 929 304 999 omni
314 929 554 1021 disputatione
569 930 848 1022 propositionem
864 929 962 1025 sequi
974 931 1036 1001 de·
1087 938 1226 997 ceretur
1244 927 1417 1015 gentibus.
1472 926 1593 1024 ltaque
1616 959 1695 1004 cum
1712 937 1877 1010 landatur
1898 944 1984 1014 fides
2005 945 2074 1016 Pa-

79 1043 101 1102 ·t
127 1033 369 1116 confirmatio,
402 1033 441 1103 in
464 1054 534 1126 qua
561 1050 788 1124 exponuntur
817 1047 1035 1122 argumenta,
1059 1028 1063 1125 j
1088 1043 1182 1099 trum
1199 1051 1305 1122 quam
1322 1029 1359 1096 in
1375 1033 1617 1121 corporalibus
1634 1038 1734 1107 bonis
1749 1060 1991 1130 exercuerunt,
2019 1061 2073 1118 ta-

79 1158 132 1204 tae
147 1134 384 1226 propositioni
402 1135 506 1203 tidem
522 1135 668 1205 faciunt.
721 1133 769 1205 Et
795 1130 887 1205 hanc
901 1137 1033 1205 docen·
1085 1154 1167 1202 men
1186 1153 1326 1223 semper
1343 1132 1511 1222 coniungi
1528 1137 1632 1208 debet
1647 1140 1774 1211 fiducia
1797 1145 1929 1233 gratiae
1945 1172 1985 1219 ac
2003 1150 2072 1218 mi-

79 1238 443 1307 rmeonsuetudinem
458 1234 590 1306 Paulus
608 1249 746 1306 secutus
772 1251 833 1306 est.
883 1234 946 1308 Sic
965 1237 1035 1328 igi·
1084 1231 1391 1307 sericordiaeDei.
1443 1232 1634 1323 Quomodo
1659 1242 1754 1311 euim
1775 1262 1923 1336 possunt
1944 1274 2072 1341 corpo·

79 1362 98 1408 r
113 1334 183 1408 hoc
197 1350 304 1437 eaput
327 1339 397 1427 legi
412 1338 534 1423 debet,
561 1350 600 1408 ut
619 1362 691 1408 non
709 1338 902 1410 divellatur
915 1362 935 1409 a
949 1363 1033 1432 pro-
1084 1335 1172 1405 ralia
1188 1336 1281 1406 bona
1297 1359 1316 1403 a
1334 1333 1410 1404 Deo
1436 1353 1617 1429 expectare
1634 1343 1709 1429 isti,
1746 1346 1807 1438 qui
1825 1372 1899 1418 uon
1912 1353 2071 1425 sentiunt

79 1440 233 1510 uitione:
259 1463 397 1532 semper
419 1441 515 1510 enim
532 1454 672 1539 oportet
687 1441 967 1532 propositionem
984 1442 1032 1513 oh
1084 1459 1120 1507 se
1135 1432 1266 1509 babere
1280 1433 1396 1506 Deum
1412 1441 1608 1531 propicium
1626 1469 1665 1513 ae
1688 1447 1874 1536 placatum.
1931 1450 2071 1526 Norant

81 1543 161 1612 ulos
177 1542 323 1626 versari,
349 1557 388 1614 ut
405 1543 584 1615 dialectica
602 1543 859 1614 consuetudine
876 1568 956 1614 cum
973 1566 1033 1614 ar·
1083 1551 1200 1611 autem
1232 1555 1350 1638 patres
1380 1563 1503 1610 onanes
1528 1566 1565 1613 se
1585 1546 1692 1637 recipi
1724 1549 1760 1616 iu
1785 1553 1933 1640 gratiam
1956 1554 2069 1627 aDeo

79 1645 217 1714 mentis
231 1645 485 1734 coniungatur,
510 1668 620 1738 eaque
636 1645 788 1717 claudat.
829 1644 919 1715 Nam
935 1644 1030 1718 Pau·
1083 1653 1229 1735 propter
1250 1641 1463 1734 promissum
1480 1640 1679 1731 Christum,
1709 1653 1867 1725 sciebant
1890 1679 1962 1727 non
1989 1659 2066 1748 pla·

79 1747 211 1816 sbrevi
229 1768 356 1834 genere
371 1746 544 1818 orationis
558 1769 644 1817 usus
659 1759 732 1832 est,
754 1770 864 1842 quare
881 1748 938 1817 vix
955 1771 1025 1818 nn·
1082 1744 1153 1814 cari
1171 1743 1260 1813 iram
1274 1741 1344 1813 Dei
1359 1745 1490 1814 nostris
1506 1749 1640 1820 meritis
1659 1767 1719 1822 aut
1734 1755 1912 1844 operibus.
1965 1757 2069 1848 Quo·

79 1871 144 1917 um
168 1849 323 1939 reperias
343 1850 438 1940 apud
456 1856 542 1919 'enm
560 1849 739 1939 integrum
771 1850 1027 1944 syllogismum,
1080 1846 1147 1917 ties
1160 1846 1270 1937 igitur
1286 1840 1343 1915 hic
1357 1846 1439 1914 fidei
1457 1873 1588 1920 rtomeu
1606 1867 1812 1942 usurpatur,
1839 1858 1988 1949 intelligi
2005 1865 2068 1930 de-

79 1950 146 2021 abet
163 1950 288 2020 crebra
304 1965 337 2021 et
353 1953 462 2020 densa
478 1946 753 2046 enthymemata,
768 1975 887 2045 quaea
899 1952 1030 2022 lectore
1079 1948 1159 2032 bet,
1187 1971 1263 2018 non
1286 1960 1424 2017 tautum
1450 1944 1617 2022 historiae
1636 1957 1767 2025 noticia
1788 1961 1885 2051 quod
1903 1957 2067 2034 Christus

80 2076 163 2121 rum
179 2065 316 2122 attento
333 2077 406 2122 uon
419 2054 538 2122 statim
554 2053 651 2123 cerni
673 2068 839 2145 possunt,
865 2054 934 2126 nisi
949 2054 1029 2125 dia-
1079 2072 1202 2141 passus
1216 2050 1278 2134 sit,
1302 2053 1364 2119 sed
1387 2051 1494 2119 etiam
1511 2076 1634 2124 causae
1648 2059 1822 2147 cognitio,
1848 2087 1912 2131 cur
1926 2064 1971 2134 sit
1987 2089 2064 2156 pas·

78 2154 162 2225 :tiro
180 2177 279 2244 more
295 2155 562 2245 distinguantur
575 2169 611 2226 et
627 2155 857 2247 explicentur.
1079 2174 1140 2221 sus
1157 2146 1330 2226 Christus.
1382 2148 1471 2221 Nam
1496 2154 1532 2223 id
1557 2181 1699 2250 quoque
1721 2162 1766 2229 ad
1787 2157 1970 2232 historiam
1985 2190 2067 2256 per·

137 2255 203 2324 Est
215 2268 332 2325 autem
348 2278 492 2326 exorsus
514 2256 816 2329 confirmationem
834 2281 854 2326 a
873 2257 1027 2349 quadam
1077 2255 1179 2325 tinet.
1230 2251 1375 2324 Norunt
1398 2253 1589 2327 daemones
1611 2260 1715 2328 etiam
1733 2277 1768 2331 et
1783 2264 1885 2354 impii
1904 2260 2066 2340 homines

78 2357 290 2450 copatione,
329 2372 368 2429 ut
390 2359 484 2427 viam
507 2358 575 2429 sibi
597 2371 768 2430 sterneret
791 2360 835 2427 ad
860 2353 1027 2429 Abrahae
1077 2350 1258 2428 Christum
1275 2378 1414 2447 passum
1432 2381 1524 2442 esse,
1556 2363 1616 2430 sed
1643 2386 1716 2432 non
1740 2369 1888 2437 credunt
1910 2369 1978 2437 sibi
2002 2395 2084 2471 pan

78 2460 249 2552 emplum.
291 2459 412 2530 ludaei
429 2460 525 2529 enim
540 2460 739 2530 sentiebant
756 2455 937 2529 Abraham
955 2461 1025 2530 cir·
1077 2470 1167 2527 trem
1183 2470 1327 2551 propter
1340 2453 1524 2529 Christum
1539 2463 1714 2553 placatum
1737 2490 1831 2552 esse,
1856 2492 1892 2538 se
1906 2470 2008 2559 diligi
2024 2498 2065 2544 ac

78 2562 249 2633 maisione
272 2576 304 2632 et
323 2563 403 2631 aliis
427 2563 531 2632 bonis
560 2562 727 2653 operibus
759 2563 925 2633 meritum
951 2585 1026 2633 esse
1076 2555 1363 2635 defendiaDeo.
1420 2558 1492 2633 Sed
1518 2568 1624 2637 redeo
1648 2568 1692 2635 ad
1714 2564 1819 2638 Pauli
1841 2589 2065 2661 argumenta-

78 2664 224 2735 stiriam.
276 2662 366 2733 Nam
385 2687 466 2733 cnm
482 2664 700 2734 circumcisio
715 2666 939 2749 nominatur,
968 2680 1024 2735 to·
1077 2661 1221 2735 tionem.

78 2766 225 2837 stultus
240 2766 393 2856 intelligi
421 2766 549 2857 debet,
582 2779 618 2838 et
641 2767 679 2834 in
707 2761 762 2834 his
787 2767 891 2835 etiam
917 2790 1024 2855 opera
1178 2779 1368 2873 Postquam
1400 2784 1577 2854 recensuit
1602 2789 1708 2858 verba
1732 2791 1901 2874 Genesis,
1938 2792 2064 2885 incipit
2163 2758 2166 2763 ¹

78 2869 196 2939 oralia.
250 2866 371 2961 ltaque
386 2869 593 2961 neutiquam
616 2868 776 2939 obscuris
793 2867 909 2937 verbis
926 2868 1022 2936 affir-
1076 2904 1199 2971 urgere
1224 2878 1410 2974 emphasin
1436 2885 1550 2970 vocis,
1576 2886 1768 2979 imputare,
1794 2894 1970 2965 “definit
1995 2897 2063 2964 im.

78 2983 126 3056 ιι,
151 2964 339 3041 Abraham
355 2994 429 3040 non
446 2965 613 3041 babuisse
636 2971 777 3039 laudem
802 2992 919 3039 totam
945 2967 1023 3039 Det)
1074 2984 1294 3075 putationem
1311 3008 1383 3054 esse
1399 2987 1600 3074 gratuitam.
1650 2995 1758 3062 Itaex
1775 2994 1838 3064 illo
1855 2992 2062 3067 locoGeue-

78 3084 181 3163 opter
196 3071 372 3142 iusticiam
389 3071 527 3157 caruis,
552 3072 589 3140 id
612 3085 681 3157 etl,
707 3084 851 3162 propler
875 3066 1022 3161 lt⁰¹¹⁰⁸lit
1074 3086 1124 3157 sis
1139 3109 1231 3154 nova
1257 3100 1463 3175 argumenta
1488 3104 1702 3179 nascuntur,
1734 3098 1820 3165 dum
1846 3120 1928 3165 eum
1951 3098 2061 3168 iuter·
2130 3136 2139 3145 ·
2207 3069 2235 3117 '⁶

78 3197 163 3257 era,
195 3198 285 3267 quae
311 3188 438 3243 natura
461 3176 534 3243 suis
561 3174 698 3243 viribus
719 3173 836 3241 efficit.
893 3170 1022 3243 Coram
1074 3201 1251 3278 pretatur,
1284 3203 1318 3258 01
1339 3189 1540 3279 amplificat,
1599 3192 1707 3282 Quod
1728 3212 1845 3267 ,mem
1872 3200 2061 3290 imputatio

78 3277 256 3355 »minibus
274 3276 439 3346 iustificat
467 3275 582 3347 civilis
608 3276 766 3360 iusticia,
803 3298 878 3344 non
901 3298 1022 3345 coram
1073 3289 1304 3378 angastuna,
1334 3291 1717 3371 ossandirexpsalma,
1776 3295 1857 3369 Erit
1876 3301 1984 3391 igitur
2007 3326 2062 3373 aa.

78 3401 121 3452 2⁰⁰
543 3452 547 3465 ι

135 3478 299 3549 Primum
330 3491 577 3569 argumentum
609 3478 656 3546 ab
686 3479 846 3569 exemplo
873 3479 1019 3547 doctum

77 3593 107 3667 t,
131 3577 316 3651 Abraham
339 3595 437 3673 pater
453 3595 504 3650 est
522 3580 645 3671 populi
656 3577 743 3664 Dei,
767 3582 892 3671 inquo
908 3580 1021 3647 forma

77 3684 297 3753 stificationis
314 3684 491 3774 proposita
515 3689 579 3755 e'st.
620 3681 733 3750 Porro
748 3676 929 3751 Abraham
952 3681 1022 3749 fide

77 3785 243 3856 stificatus
259 3792 329 3871 e'st,
361 3786 469 3873 igitur
484 3798 518 3856 et
534 3784 660 3853 caeteri
683 3782 752 3851 fide
775 3784 1022 3866 iustificantur,

77 3912 108 3957 m
125 3887 305 3980 operibus.
357 3883 403 3957 Et
425 3886 559 3955 accedit
573 3884 816 3956 testimouium
831 3908 872 3952 es
886 3884 1020 3974 genesi:

77 3990 195 4060 edidit
212 3985 392 4058 Abraham
406 3986 500 4075 Deo,
522 4004 555 4057 et
570 3999 768 4078 reputatum
788 4001 838 4056 est
853 3987 885 4054 ei
902 3988 945 4054 ad
965 3986 1021 4054 iu-

77 4093 182 4162 riam.
235 4090 486 4160 Definitionem
511 4090 646 4177 colligit
668 4113 709 4157 ex
731 4089 848 4156 verbis
869 4089 1020 4175 scriptu·
1173 4082 1456 4182 consequentiae
1485 4087 1575 4161 ratio
1609 4105 1678 4178 est,
1715 4096 1797 4188 quia
1835 4119 1974 4168 necesse
2005 4111 2057 4169 est

76 4215 107 4265 e.
156 4192 249 4263 Nam
266 4194 304 4261 in
320 4193 427 4263 sacris
442 4192 554 4262 literis
571 4189 762 4282 plurimum
778 4190 896 4258 valent
921 4189 1020 4258 testi-
1072 4190 1191 4259 omnia
1208 4213 1315 4282 opera
1328 4188 1501 4262 eiusmodi
1521 4215 1612 4278 esse,
1638 4218 1727 4286 quae
1740 4221 1805 4288 pro
1824 4198 1972 4287 peccatis
1987 4199 2056 4269 im-

77 4295 157 4366 onia
183 4297 388 4384 scripturae.
439 4291 512 4363 Nec
530 4295 573 4362 de
590 4293 772 4363 voluntate
787 4287 856 4360 Dei
870 4290 1020 4360 iudicari
1072 4292 1191 4390 putari
1209 4304 1368 4384 possent,
1392 4292 1569 4387 siquidem
1590 4288 1682 4363 nihil
1699 4311 1750 4369 est
1770 4299 1867 4369 aliud
1886 4298 2055 4371 iustifica-

77 4410 168 4478 uest,
195 4398 265 4466 nisi
281 4422 321 4466 ex
338 4397 444 4466 verbo
461 4393 541 4465 Dei.
593 4393 678 4464 ldeo
693 4393 859 4464 convenit
874 4393 1019 4481 allegari
1072 4394 1144 4478 tio,
1177 4417 1283 4487 quam
1305 4417 1379 4464 non
1402 4393 1571 4486 imputari
1593 4411 1741 4487 peccata.
1794 4396 1943 4473 Etiamsi
1961 4403 2057 4473 hona

77 4498 245 4592 ripturam
269 4511 304 4568 et
325 4522 388 4589 per
407 4522 483 4567 eam
505 4497 664 4586 ostendi,
699 4496 793 4588 quod
816 4493 913 4564 Deus
937 4517 1021 4584 pro-
1072 4517 1179 4587 opera
1195 4492 1321 4566 haheat
1337 4496 1531 4589 quispiam,
1563 4510 1681 4567 tamen
1706 4501 1753 4570 ita
1775 4502 1888 4574 iustus
1912 4505 1997 4589 erit,
2023 4505 2055 4574 si

77 4603 180 4672 societ
204 4602 309 4670 fidem
332 4622 405 4670 esse
427 4599 603 4669 iusticiam
631 4611 808 4678 nostram,
840 4620 930 4689 quae
952 4595 1020 4686 ipsi
1072 4622 1147 4667 non
1164 4598 1360 4688 imputetur
1374 4610 1575 4688 peccatum,
1600 4599 1694 4672 iuxta
1710 4602 1858 4674 Davidis
1876 4607 2055 4676 delinitio-

77 4718 181 4776 ateat.
215 4701 373 4792 Quidam
386 4697 538 4797 βέβηλοι
552 4701 764 4770 cavillantur
780 4693 877 4767 hunc
891 4698 1022 4782 locum,
1072 4724 1165 4772 nem.
1221 4695 1317 4788 Ergo
1341 4698 1402 4767 illa
1421 4699 1495 4790 ipsa
1517 4701 1610 4771 bona
1632 4728 1739 4795 opera
1762 4722 1845 4779 sunt
1867 4708 2054 4793 eiusmodi,

96 4806 281 4897 disputant
311 4802 461 4873 Paulum
498 4804 596 4871 abuti
628 4800 778 4872 Genesis
807 4799 1031 4882 testimonio,¹
1072 4815 1111 4871 ut
1126 4824 1191 4891 pro
1206 4798 1355 4890 peccatis
1371 4800 1538 4893 imputari
1556 4806 1702 4894 possint.
1753 4806 1849 4879 Mira
1873 4805 2053 4881 huiusar·

76 4909 116 4980 tia
133 4911 345 5000 detorqueat
359 4907 404 4976 acl
424 4905 538 4988 fidem,
553 4905 592 4972 in
605 4901 807 4984 Christum,
841 4925 921 4971 cum
945 4901 1020 4970 illic
1071 4903 1230 4993 gumenti
1248 4902 1424 4973 subtilitas
1441 4917 1511 4990 est,
1547 4920 1580 4975 et
1604 4909 1647 4977 ad
1671 4911 1903 4982 consolandas
1926 4925 1961 4980 et
1983 4911 2054 4979 eri.

76 5034 109 5081 sn
122 5010 185 5083 liat
200 5005 335 5079 Christi
352 5008 506 5091 mentio,
538 5008 599 5075 sed
618 5003 842 5097 posteritatis.
876 5005 946 5073 Sed
965 5004 1020 5071 illi
1071 5004 1202 5092 gendes
1216 5005 1354 5074 territas
1370 5018 1502 5074 mentes
1518 5029 1730 5103 magnopere
1743 5013 1920 5096 conducit,
1945 5013 2052 5082 intel-

79 5113 311 5185 lnmniatores
335 5104 429 5178 nihil
453 5108 658 5198 intelligunt
678 5107 783 5176 fidem
815 5127 908 5190 esse,
948 5105 1018 5173 nisi
1071 5106 1182 5193 ligere
1198 5100 1290 5174 hanc
1306 5106 1566 5178 iustificationis
1588 5113 1849 5197 definitionem,
1882 5114 2061 5207 quadiu:

77 5217 205 5287 sturiae
237 5211 419 5285 noticiam.
485 5207 535 5281 At
564 5209 737 5300 scriptura
770 5220 874 5278 vocat
903 5206 1020 5293 iidem,
1071 5207 1233 5278 stificatio
1261 5209 1404 5300 pmprie
1430 5209 1476 5279 sit
1504 5212 1664 5284 remissio
1690 5229 1923 5305 peccatorum.
1974 5210 2053 5294 'Nec

76 5342 123 5390 rae
137 5314 377 5390 creditDenm
393 5313 669 5405 esseplacatum,
694 5309 907 5401 propicium,
928 5330 1019 5401 quae
1070 5308 1224 5400 intelligi
1246 5310 1312 5380 ista
1335 5323 1500 5400 possum,
1534 5311 1605 5382 uisi
1626 5314 1666 5384 iu
1687 5315 1780 5384 veris
1803 5318 1994 5405 peoribus
2018 5333 2053 5388 et

78 5420 180 5494 nlidit
195 5416 333 5491 anxilio
346 5413 433 5504 Dei,
464 5438 555 5510 quae
577 5415 684 5486 audet
705 5420 889 5505 expectare
904 5422 937 5481 ct
953 5432 1019 5504 po·
1071 5432 1155 5484 vcra
1168 5411 1491 5585 poenitentgadoubi
1512 5411 1615 5486 facile
1632 5428 1683 5486 est
1696 5416 1848 5505 sentire,
1872 5416 2053 5513 quocnodo

1073 3394 1231 3461 cundum
1245 3405 1492 3482 argumentum
1509 3419 1550 3463 ex
1563 3394 1704 3468 Psalmo
1721 3401 1886 3473 ductum:

1174 3508 1378 3582 lustiticatio
1392 3525 1444 3583 est
1460 3515 1621 3586 remissio
1638 3533 1887 3610 peccatorum:

1226 3626 1321 3719 Ergo
1348 3631 1551 3704 iustificatio
1570 3659 1645 3706 non
1670 3640 1846 3729 contingit
1869 3664 1909 3710 ex
1930 3641 2060 3710 nostris

1276 3732 1458 3821 operibus.

1175 3845 1284 3938 ltem,
1305 3850 1507 3922 iustificatin
1521 3868 1591 3938 est,
1624 3879 1698 3926 non
1716 3858 1884 3949 imputari
1902 3871 2057 3950 peccata:

1071 3947 1168 4040 Ergo
1181 3951 1382 4022 iustificatio
1396 3975 1469 4022 non
1484 3968 1591 4025 estex
1607 3961 1739 4030 nostris
1755 3963 1933 4052 operibus.
