4522 5782
192 203 291 285 11³5
510 254 516 273 ‚
661 252 670 279 .-
775 194 1049 305 Pttth-tdffl.
1074 194 1922 299 ssslttttTh-jffltttllttssda·ttffxa‚a
1978 214 2079 283 ,ιτα
2132 204 2215 285 tttt

294 387 342 457 Et
360 376 651 457 Matthultimo:
674 372 1180 451 Ducenteseosservareom-
1231 376 1441 465 cessarium,
1466 377 1834 473 uteffcctus'ssqnem
1850 375 2139 457 mundanam.
2176 379 2216 454 lit

192 491 271 575 nia,
297 513 387 583 quae
405 480 571 553 mandavi
588 478 701 549 vobis.
1230 481 1259 549 si
1276 479 1410 551 dicam:
1438 479 1552 553 Aliud
1571 492 1621 551 cst
1640 481 1732 551 ritae
1753 504 1880 562 cama,
1903 478 2009 551 atiud
2036 495 2090 565 cst
2110 507 2217 553 neces-

294 589 340 661 Et
355 589 393 657 in
408 585 521 677 capite
538 580 924 655 ultimoEcclesiastae:
953 578 1068 653 Deum
1086 581 1182 663 time,
1232 582 1364 651 sarium
1386 582 1425 650 in
1451 583 1611 661 vivente,
1637 596 1677 652 ut
1699 582 1844 655 effectus
1865 605 2035 676 aqueas.
2089 583 2214 657 Utmo·

194 708 227 765 et
242 689 495 763 mandatarius
514 699 665 759 servato.
697 680 794 754 .Hoc
809 686 853 754 ad
876 706 1000 754 ornnes
1019 680 1182 755 homines
1230 698 1291 757 tus
1306 684 1345 753 in
1362 686 1502 755 virente
1519 687 1734 756 necessarius
1748 699 1819 765 est,
1844 710 1921 757 uon
1946 698 1988 757 ut
2002 684 2102 755 virae
2114 710 2214 765 unsa

193 794 358 889 pertinet,
479 782 498 791 ”
1231 788 1294 855 sed
1316 799 1356 855 ut
1378 786 1523 857 effectus
1543 809 1704 878 sequens.
1756 784 1835 857 Hoc
1857 785 2069 876 exemplum
2092 787 2214 883 aliquid

296 887 458 965 Michea'e
481 885 533 961 5.:
568 886 738 959 lndicabo
760 913 782 957 o
806 883 913 957 homo
937 887 1023 982 qnid
1048 888 1092 957 sit
1118 889 1184 959 bo·
1233 889 1321 957 lucis
1352 890 1453 958 addit
1482 884 1567 958 huic
1591 888 1847 961 declarationi:
1888 886 2214 961 Manifestissimura

194 1022 301 1076 num,
330 1009 362 1065 et
388 994 472 1087 quid
497 989 674 1062 Dominus
698 991 851 1080 postulet
872 991 934 1059 abs
961 1004 1015 1059 te:
1054 988 1183 1061 Facere
1234 1005 1305 1068 est,
1331 991 1604 1074 contritionem,
1630 991 1880 1071 dilectionem,
1903 991 2049 1059 bonum
2068 995 2212 1083 proposi·

197 1100 369 1170 indicium
396 1108 431 1165 et
452 1093 599 1182 diligere
624 1092 926 1178 misericordiam,
952 1106 987 1164 et
1005 1090 1183 1163 solicitum
1234 1107 1309 1162 tum
1329 1116 1399 1159 non
1416 1116 1489 1159 esse
1507 1114 1628 1161 causas
1645 1093 1922 1175 iustificationis,
1951 1092 2080 1175 idest,
2105 1098 2212 1166 remis·

197 1201 378 1272 ambulare
392 1217 509 1267 coram
528 1193 605 1266 Deo
627 1208 700 1264 tuo.
1233 1194 1344 1263 sionis
1361 1210 1579 1283 peccatorum
1599 1208 1632 1264 et
1649 1195 1893 1283 imputationis
1906 1193 2089 1278 inuictae,
2114 1210 2146 1268 et
2160 1200 2211 1266 da-

300 1296 346 1371 Et
363 1294 558 1368 Ezechielis
574 1296 657 1370 20.:
685 1291 726 1362 ln
744 1294 938 1387 praereptis
954 1294 1042 1364 meis
1060 1297 1186 1366 ambu-
1236 1296 1390 1364 nationis
1413 1294 1567 1387 Spiritus
1590 1296 1702 1364 sancti
1726 1313 1760 1367 et
1783 1296 1875 1367 vitae
1899 1308 2081 1367 aeternae.
2156 1296 2211 1369 Sed

198 1408 278 1477 late.
323 1402 377 1471 Ac
392 1397 504 1487 magis
521 1396 673 1469 illustria
691 1409 773 1464 sunt
788 1396 881 1466 dieta
899 1398 1071 1486 negativa.
1236 1422 1339 1467 cansa
1373 1398 1553 1480 alliciens,
1597 1398 1760 1469 videlicet
1792 1398 2011 1480 iustificans,
2054 1414 2104 1472 est
2135 1398 2211 1472 Deru

301 1504 342 1572 ln
368 1502 481 1591 prima
499 1495 660 1591 Epistola
685 1493 854 1566 lobannis
876 1501 989 1589 capite
1006 1499 1057 1574 3.:
1093 1495 1186 1569 Om-
1237 1514 1381 1591 propter
1395 1501 1505 1568 solius
1526 1500 1590 1567 salii
1609 1500 1788 1574 meritum.
1841 1500 2088 1571 Fidenatem
2110 1504 2212 1573 estin·

197 1608 256 1678 nis
271 1607 332 1700 qui
350 1604 428 1673 odic
443 1604 601 1686 fratrem,
618 1596 796 1670 homicida
813 1615 875 1675 est.
908 1598 1187 1696 Etscitis,quod
1237 1616 1493 1680 strumentum,
1520 1628 1591 1695 quo
1612 1602 1650 1673 ht
1672 1602 1874 1692 applicatio.
1931 1602 2028 1673 Nam
2054 1604 2122 1671 fide
2139 1606 2212 1674 acci·

198 1709 315 1781 omnis
330 1703 508 1775 homicida
531 1726 605 1771 non
629 1697 737 1772 habet
762 1701 870 1772 vitam
895 1718 1072 1773 aeternam
1092 1706 1130 1773 in
1152 1727 1188 1773 se
1240 1704 1387 1795 pinntnr
1405 1704 1563 1773 remissio
1582 1720 1821 1793 peccatorum,
1845 1706 2040 1797 imputatio
2065 1704 2214 1792 iusticias,

153 1796 159 1807 ’
198 1821 414 1882 manentem.
877 1822 882 1833 ·
1240 1808 1385 1876 dondio
1405 1804 1560 1896 Spiritus
1576 1808 1707 1890 sancti,
1736 1819 1769 1876 et
1788 1807 2073 1877 vitaeaeternae.

240 1926 244 1935 '
302 1907 353 1980 Et
377 1909 501 1977 eudem
532 1905 645 1996 capite
675 1927 836 1994 expresse
857 1906 1026 1977 recitatur
1049 1931 1129 1976 vera
1155 1921 1192 1978 et
1319 1906 1533 2001 'l‘ostquarn
1562 1924 1677 1977 antem
1707 1922 1943 1999 acceptusest
1966 1906 2128 2001 Spiritus
2148 1933 2213 1978 san·

201 2014 388 2084 artificiose
419 2008 609 2080 constituta
641 2006 980 2100 definitiosspeccati:
1023 2004 1191 2101 ἁμαρτία
1240 2024 1318 2092 tus,
1345 2011 1470 2077 iamin
1495 2011 1628 2080 renatis
1652 2024 1735 2080 stant
1757 2025 1873 2083 motus
1896 2010 2011 2101 tales,
2039 2013 2157 2105 quales
2175 2026 2213 2081 est

203 2111 304 2189 ἐστὶν
333 2107 504 2203 ἀνομία,
544 2122 724 2201 peceatum
755 2123 805 2181 est
838 2112 1084 2180 nonnbedire
1110 2112 1189 2198 legi.
1241 2112 1396 2201 Spiritus
1411 2127 1564 2182 sanctus.
1615 2108 1662 2181 Et
1678 2113 1708 2182 si
1726 2112 1806 2206 quis
1828 2112 1929 2203 fingit
1951 2112 1993 2180 in
2017 2114 2137 2206 aliquo
2150 2110 2214 2203 Spi-

201 2218 267 2289 Est
287 2216 381 2286 enim
409 2214 582 2303 privative
612 2213 773 2304 opposita
804 2213 1004 2285 definitioni
1032 2214 1192 2283 institiae
1242 2217 1351 2281 ritum
1370 2228 1529 2282 saccetum
1552 2236 1643 2297 esse,
1671 2228 1705 2283 et
1731 2237 1805 2283 non
1827 2237 1900 2285 esse
1916 2214 1971 2283 ibi
1996 2216 2213 2295 dilectionem,

201 2316 430 2391 universalis:
455 2309 498 2385 τὸ
514 2308 662 2386 δίκαιον
677 2309 913 2406 νόμιμον,ιιι
932 2314 1196 2401 Plato,Xenn-'
1243 2317 1436 2406 pugnantia
1466 2317 1586 2404 lingit,
1622 2328 1660 2384 ιιι
1693 2317 1722 2384 si
1758 2317 1837 2408 quis
1863 2314 2016 2406 fingeret
2052 2318 2091 2385 in
2116 2318 2213 2410 aliquo

203 2416 302 2514 phon
326 2433 358 2489 et
382 2416 592 2487 Aristoteles
615 2416 825 2508 loquuntur.
879 2418 1020 2487 lusticia
1033 2433 1087 2488 est
1105 2422 1191 2488 ohe·
1243 2444 1371 2512 aquam
1388 2441 1479 2501 esse,
1503 2431 1536 2488 et
1554 2413 1645 2487 nihil
1662 2411 1821 2489 humoris
1837 2442 1924 2489 esse.

204 2521 337 2593 dieutia
353 2520 491 2608 legibus
506 2516 674 2588 omnibus
695 2518 825 2588 dehita.
1345 2519 1546 2589 Necessaria
1570 2534 1621 2591 est
1647 2520 1754 2607 igitur
1775 2521 1922 2591 dilectio
1946 2519 1986 2588 in
2013 2521 2161 2606 renatis,
2189 2534 2214 2590 ut

305 2620 353 2693 Et
369 2614 549 2694 Galata:
578 2617 730 2690 Fructus
743 2620 901 2710 spiritus,
928 2622 1084 2706 dilectio,
1106 2645 1193 2710 gnu-
1244 2623 1388 2692 ellectns
1417 2623 1612 2692 necessario
1634 2645 1795 2714 sequens.
1846 2621 1895 2696 Ut
1917 2622 1956 2691 in
1982 2624 2127 2692 virente
2148 2623 2214 2692 diti·

205 2727 329 2816 dium,
356 2746 441 2814 pax,
467 2720 649 2814 patientia,
676 2722 886 2813 benignitas,
914 2724 1067 2807 bonitas,
1092 2722 1192 2808 fides,
1244 2747 1324 2792 rnus
1347 2725 1542 2793 necessario
1565 2735 1818 2805 molummis,
1859 2724 1923 2817 qtri
1946 2736 2069 2795 tamen
2093 2751 2161 2795 non
2180 2740 2215 2793 est

203 2822 703 2907 mansuetndo‚coutinentia.
754 2820 889 2896 Contra
906 2827 991 2896 talia
1007 2827 1103 2895 enim
1119 2852 1194 2896 non
1245 2828 1336 2896 ritae
1358 2848 1472 2896 causa.
1527 2824 1624 2894 llaec
1647 2827 1828 2916 perspicua
1849 2840 1933 2899 sunt
1957 2829 2087 2899 dextre
2110 2845 2213 2902 etnan

207 2942 258 3002 est
272 2930 337 2999 lex.
382 2925 454 2998 Ubi
471 2928 574 2998 etiarn
589 2948 751 2996 normam
767 2928 895 3012 tradit,
919 2928 1051 2998 scilicet
1067 2929 1195 3019 legem,
1243 2928 1461 2999 calumniose
1484 2927 1735 2998 iudicantibus.

208 3046 242 3103 et
255 3031 431 3123 'adprobat
445 3031 601 3117 actiones
614 3042 848 3117 congruentes
858 3033 899 3099 ad
915 3025 1006 3099 hanc
1021 3054 1195 3115 normam,
1346 3028 1414 3099 Sed
1439 3030 1677 3099 vociferantur
1702 3028 1813 3122 aliqui
1836 3030 1951 3101 multo
1979 3026 2215 3105 vehementius.

206 3148 240 3204 et
256 3136 401 3202 damnat
423 3131 636 3213 contrarias,
670 3133 849 3200 nteodem
871 3133 951 3203 loco
973 3133 1075 3203 dicit:
1112 3132 1193 3203 Ma·
1245 3130 1335 3203 Cum
1353 3131 1485 3201 Paulus
1500 3133 1605 3221 dicat,
1623 3128 1774 3201 Etiamsi
1788 3155 1932 3201 omnem
1948 3134 2059 3204 fidem
2079 3131 2214 3207 habeam.

170 3240 175 3251 ’
204 3236 353 3305 nifestae
370 3247 452 3301 sunt
470 3234 624 3303 actiones
640 3233 776 3327 carnis,
796 3234 1034 3319 adulterium,
1061 3249 1193 3305 scorta·
1246 3231 1337 3303 nihil
1363 3259 1459 3302 snm:
1492 3249 1594 3324 negat
1618 3227 1797 3302 hominem
1819 3234 1951 3305 iustum
1975 3259 2071 3323 esse,
2103 3236 2215 3308 etiarnsi

206 3338 275 3416 tio,
299 3334 488 3403 'idolorum
514 3335 646 3418 cultus,
674 3335 757 3405 talia
783 3350 923 3427 agentes
952 3360 1102 3427 regnum
1126 3335 1194 3408 Dei
1245 3338 1334 3408 adsit
1353 3337 1454 3420 fides,
1480 3360 1544 3405 nec
1559 3349 1675 3404 tamen
1695 3338 1835 3407 accedat
1849 3336 2008 3407 dileetio.
2051 3337 2214 3411 Necalinl

205 3461 279 3508 non
299 3436 540 3527 possidebunt.
1244 3452 1490 3525 argumentum
1516 3437 1707 3528 speciosius
1729 3437 1927 3530 opponitur
1942 3455 2070 3511 contra
2090 3444 2214 3515 exclusi·

309 3538 522 3606 Constitutis
545 3536 653 3625 igitur
667 3531 724 3606 his
741 3539 889 3627 regulis:
922 3537 1123 3610 Necessaria
1141 3543 1192 3610 la·
1244 3566 1341 3612 vam:
1370 3540 1453 3610 Sola
1472 3541 1540 3608 fide
1559 3538 1800 3614 iustificamnr.

207 3641 330 3712 cienda
355 3662 447 3729 esse,
473 3651 506 3708 et
529 3652 713 3730 praecepta
735 3640 812 3735 lege
832 3640 973 3726 divina,
1000 3644 1194 3713 necessaria
1346 3640 1482 3713 Usitata
1498 3640 1680 3735 responsio
1696 3655 1766 3727 est,
1790 3640 1942 3714 Paulum
1961 3644 2066 3740 loqni
2084 3647 2129 3714 de
2143 3646 2214 3714 dono

208 3766 302 3813 esse:
345 3740 529 3835 perspicue
562 3740 740 3833 sequitur,
780 3743 1006 3813 dilectionem
1042 3746 1194 3834 proximi
1246 3745 1519 3827 miraculorum,
1546 3767 1619 3812 non
1643 3746 1688 3812 de
1710 3744 2024 3821 fideiustificante.
2085 3748 2153 3819 Sed
2177 3742 2214 3815 hic

208 3845 439 3916 necessariam
467 3864 560 3927 esse,
594 3856 629 3914 et
649 3844 912 3915 anteferendam
939 3846 1065 3931 donis,
1104 3871 1194 3941 quae
1246 3871 1367 3916 rursus
1390 3846 1588 3940 quaeritur,
1633 3870 1679 3914 an
1704 3849 1839 3917 donum
1865 3848 1980 3937 possit
2005 3873 2082 3919 esse
2108 3851 2144 3919 in
2169 3843 2214 3923 lis,

207 3960 290 4019 sunt
312 3958 519 4017 ornamenta
546 3967 620 4015 non
642 3945 792 4035 singulis
817 3950 1030 4033 necessaria,
1060 3962 1099 4021 ut
1118 3971 1192 4018 non
1245 3950 1306 4045 qui
1349 3973 1420 4018 non
1462 3962 1545 4019 sunt
1582 3948 1689 4031 iusti,
1728 3948 1791 4047 qui
1834 3950 2022 4024 excutiunt
2065 3951 2214 4043 spiriru

208 4071 347 4121 necesse
363 4060 413 4117 est
429 4048 588 4138 singulos
605 4048 695 4116 scire
709 4050 836 4118 multas
852 4048 1000 4138 linguas.
1245 4050 1428 4121 sanctum?

308 4147 412 4220 Hanc
434 4149 717 4220 admonitionem
748 4153 792 4220 de
822 4154 1027 4222 necessitate
1058 4151 1194 4223 utiliter
1348 4151 1461 4220 Valde
1477 4151 1695 4244 deploranda
1718 4166 1751 4225 et
1771 4153 1982 4226 detestanda
2001 4172 2055 4227 est
2072 4151 2156 4227 haee
2170 4150 2213 4225 be

206 4252 266 4324 bie
282 4251 408 4322 inserit
424 4250 574 4331 Paulus,
601 4265 723 4321 taxans
738 4274 817 4337 eos,
839 4254 901 4345 qui
926 4255 1123 4326 libertatem
1147 4255 1193 4325 ita
1246 4254 1382 4323 minum
1399 4255 1625 4347 perversitas,
1651 4258 1746 4349 quad
1772 4269 1969 4328 monstrata
1992 4260 2161 4341 veritate,
2182 4270 2214 4326 ta·

207 4357 391 4438 laxabant,
415 4365 456 4422 ut
473 4354 731 4423 arbitrarentur
752 4376 789 4423 se
812 4378 885 4424 non
902 4379 1062 4446 peccare,
1087 4356 1192 4426 etiam
1246 4381 1325 4425 men
1341 4379 1415 4426 non
1435 4357 1678 4451 acquiescunt,
1705 4382 1768 4427 nec
1784 4356 1859 4451 Deo
1873 4360 2008 4447 gratias
2026 4375 2150 4453 agunt,
2172 4379 2214 4429 net

208 4480 288 4528 rum
303 4458 452 4527 seientes
466 4455 643 4524 faciebant
655 4469 778 4525 contra
793 4458 956 4527 mandata
969 4458 1048 4528 Dei.
1084 4456 1194 4528 Seve-
1246 4460 1464 4529 transferunt
1489 4483 1564 4527 eam
1588 4460 1631 4528 ad
1657 4485 1780 4544 casiam,
1805 4464 1865 4531 sed
1888 4481 2072 4554 quaeruut
2097 4463 2214 4533 carilla·

209 4560 349 4628 rissime
365 4557 473 4646 igitur
489 4557 747 4627 concionantur
762 4561 806 4626 de
825 4561 1044 4628 necessitate:
1073 4557 1209 4630 sitin-¹
1246 4562 1360 4631 tiones
1383 4562 1459 4630 sine
1485 4561 1566 4632 line.
1642 4562 1726 4633 Sive
1749 4564 1842 4632 dona
1872 4579 2023 4635 manent
2046 4568 2164 4658 aliqua
2191 4584 2215 4629 et

208 4657 540 4750 guishominumet
563 4659 769 4747 angelornm
796 4660 940 4752 loquar,
966 4662 1194 4733 dilectionem
1245 4678 1361 4752 parte,
1396 4665 1469 4733 sire
1491 4687 1564 4734 uon
1581 4679 1745 4750 manent,
1779 4689 1861 4735 vera
1882 4678 1936 4735 est
1959 4670 2171 4759 propositio:
2192 4662 2216 4733 si

207 4777 325 4835 autem
348 4786 421 4830 non
445 4757 616 4846 habeam,
648 4783 725 4830 snm
751 4785 969 4835 aessonans.
1021 4760 1098 4833 Etsi
1113 4790 1194 4835 orn·
1244 4766 1468 4835 dilectionem
1484 4790 1556 4835 non
1574 4762 1741 4847 habeam,
1768 4764 1859 4837 nihil
1874 4789 1966 4835 sum.
2024 4768 2216 4859 Quianam

207 4889 289 4935 nem
312 4866 417 4934 ladem
444 4858 619 4947 habeam,
657 4863 705 4932 ita
725 4877 793 4934 -aut
816 4878 954 4934 montes
973 4867 1194 4954 transferam,
1245 4882 1298 4939 est
1314 4868 1426 4939 iustus
1444 4882 1587 4958 propter
1602 4873 1738 4939 donum
1761 4869 2037 4946 miraculorum.
2093 4870 2217 4946 Eteon-

206 4968 433 5038 dilectionem
449 4978 564 5033 autem
582 4988 655 5033 non
674 4960 840 5047 habeam,
866 4963 958 5035 nihil
975 4989 1064 5041 sum.
1244 4984 1519 5041 consentaneum
1538 4984 1609 5055 est,
1635 4971 1752 5066 aliqua
1770 4974 1865 5042 dona
1889 4997 2041 5045 manere
2064 4978 2103 5046 in
2128 4973 2218 5071 hypo

307 5068 377 5143 Hic
398 5089 544 5155 magnae
564 5068 811 5161 contentiones
826 5083 928 5155 sunt,
953 5071 998 5139 de
1023 5070 1192 5147 iustihca·
1243 5072 1360 5159 critis,
1396 5086 1436 5143 ut
1460 5071 1500 5142 in
1525 5068 1709 5145 Matthaeo
1738 5074 1887 5147 dicitur:
1921 5076 1969 5147 ln
2000 5081 2147 5149 nomine
2172 5092 2217 5146 tuo

205 5172 327 5245 tionc.·
364 5166 673 5261 Cumuecessaria
694 5170 740 5239 sit
762 5169 925 5256 dilectio,
952 5195 1016 5242 cur
1036 5197 1112 5257 non
1136 5174 1194 5245 ‹li-
1244 5174 1373 5245 multas
1391 5175 1542 5247 virtutes
1555 5176 1715 5249 fecimus·

206 5271 319 5342 cimus
340 5266 505 5341 homines
528 5269 716 5359 dilectione
744 5272 854 5344 iustos
877 5277 975 5345 esse?
1027 5272 1191 5367 Respon·
1345 5273 1531 5348 Caeterum
1548 5301 1762 5374 quacunque
1781 5279 1891 5350 modo
1916 5284 2132 5355 vocabulum
2154 5278 2215 5351 fidei

206 5372 291 5442 deo:
320 5373 430 5441 Aliud
448 5386 499 5444 est
513 5395 617 5445 causa
632 5371 909 5461 iustificationis,
934 5374 1035 5449 aliud
1058 5391 1110 5450 est
1127 5400 1192 5449 ne·
1241 5372 1300 5449 bic
1326 5377 1556 5469 intelligitur,
1579 5403 1724 5472 prorsus
1741 5404 1824 5452 vera
1842 5397 1878 5456 et
1895 5383 2048 5458 immota
2071 5402 2120 5460 est
2132 5382 2214 5455 Pauli
