4522 5782
197 176 276 256 sto

222 341 465 424 Commendat
482 361 604 425 autem
619 349 725 424 Deus
741 349 849 423 nobis
863 376 971 424 suum
988 376 1163 428 amorem.

284 490 590 564 ‚commemorata
607 492 798 563 dilectione
819 492 912 561 redit
933 493 976 561 ad
993 491 1089 561 illam
1108 515 1189 582 par·

201 608 272 665 tem
296 594 445 684 epilogi,
473 618 577 688 quarn
603 595 803 664 instituerat
819 595 864 662 de
885 593 1100 676 salvatione,
1127 616 1188 663 seu
1278 657 1286 672 ,

203 698 247 763 de
264 701 569 766 consummatione
592 697 753 767 beneficii
778 696 842 763 lilii
859 694 935 767 Dei.
987 693 1077 764 Cum
1092 692 1189 764 Deus
1242 758 1250 774 ,

203 819 269 866 nos
286 812 431 888 propter
447 795 628 870 Christum
645 799 816 866 immensa
834 798 1074 866 misericordia
1093 821 1187 865 rece-

203 900 314 990 perit,
339 925 419 970 cum
440 924 592 969 essemus
614 901 759 984 iniusti,
785 912 919 994 quanto
942 901 1054 987 magis
1076 914 1186 968 aeter-

204 1026 288 1070 nam
322 1004 469 1071 salutern
501 1004 628 1087 dabit,
667 1018 853 1095 postquam
883 1025 979 1071 rtunc
1009 1001 1186 1073 iustificati

206 1128 328 1173 sumus
352 1105 433 1173 iusti
457 1105 627 1192 sanguine
649 1101 794 1178 Christi.
861 1100 965 1172 Hanc
989 1104 1200 1172 doctrinam·

205 1207 249 1274 de
266 1208 569 1275 consummatione
585 1206 743 1274 beneficii
761 1228 900 1275 necesse
916 1221 966 1275 est
983 1206 1084 1284 addi,
1105 1205 1188 1297 quia

208 1308 292 1400 quid
318 1311 495 1397 prodesset
518 1314 676 1401 receptos
706 1332 797 1392 esse,
834 1308 864 1377 si
890 1331 962 1377 oon
984 1321 1190 1402 sequeretur

206 1424 346 1501 aeterua
363 1409 469 1479 solus.
514 1407 612 1478 Haec
626 1411 809 1501 perspicua
828 1422 923 1480 sunt.

305 1527 465 1599 Sciamus
494 1543 608 1602 autem
638 1529 945 1600 et’dulcissimam
974 1526 1189 1599 consolatio-

203 1654 284 1698 nem
304 1633 395 1700 tradi
412 1635 578 1701 adversus
593 1632 771 1720 ingentem
788 1632 1078 1712 imbecillitatem,
1100 1652 1189 1720 quae

147 1794 150 1799 .
204 1733 340 1826 reliqua
356 1735 460 1804 estin
477 1731 548 1818 his,
574 1735 636 1827 qui
654 1733 830 1804 iustificati
848 1733 982 1802 suntin
999 1727 1066 1800 hac
1081 1734 1162 1804 vita.

305 1847 470 1931 Affirmat
485 1854 578 1921 enim
596 1845 661 1921 hos
675 1866 771 1921 certo
788 1844 954 1920 haeredes
970 1851 1061 1920 vitae
1075 1864 1189 1919 aeter-

204 1977 287 2021 nae:
321 1978 523 2046 quanquam
550 1948 696 2023 haerent
721 1954 758 2021 in
784 1954 888 2020 nobis
911 1953 1081 2045 reliquiae
1106 1976 1184 2040 pec·

204 2057 293 2140 cati,
319 2071 436 2125 tamen
454 2057 628 2126 iustificati
645 2079 767 2125 sumus
786 2050 956 2143 sauguine
971 2049 1123 2137 Christi,
1150 2055 1185 2121 id

203 2172 265 2239 est,
285 2172 465 2228 teneamus
481 2154 572 2227 hanc
583 2157 873 2235 consolationem,
894 2180 957 2225 nos
975 2179 1047 2224 esse
1062 2180 1187 2224 recon-

201 2260 357 2339 ciliatos,
383 2262 418 2327 id
437 2276 503 2345 est,
531 2262 667 2350 placere
683 2258 759 2329 Deo
780 2272 923 2347 propter
940 2260 1184 2341 mediatorem,

203 2384 404 2454 quanquam
428 2384 549 2431 sumus
574 2363 712 2450 indigni
737 2375 772 2430 et
794 2361 944 2439 infirmi,
971 2374 1005 2430 et
1028 2383 1187 2450 expresse

202 2464 348 2532 dicitur:
383 2463 563 2533 lustiticati
587 2464 786 2553 sanguine,
821 2464 950 2546 idest,
984 2462 1184 2531 obedientia

202 2561 355 2648 Christi,
380 2565 470 2634 sicut
494 2567 587 2634 insra
610 2566 759 2634 dicitur:
789 2563 857 2632 Per
882 2565 989 2632 unius
1015 2565 1186 2632 ohedien-

201 2667 286 2736 tiam
305 2668 387 2736 iusti
410 2669 676 2739 constituuntur
697 2667 812 2736 multi.
867 2662 909 2734 Et
936 2667 1187 2755 interpretatur

200 2769 275 2858 ipse
292 2765 351 2840 hic
372 2772 585 2839 vocabulum
609 2770 805 2850 iustificati,
830 2769 1003 2837 vocabulo
1027 2768 1185 2836 reconci-

201 2869 297 2957 liati,
324 2886 363 2943 ut
378 2874 528 2943 sciamus
543 2875 583 2942 in
597 2874 790 2956 uocabulo,
817 2871 922 2953 lusti,
949 2883 1113 2959 oportere
1129 2870 1185 2938 io-

204 2976 315 3065 telligi
339 2975 565 3056 relationem,
594 2975 757 3046 videlicet
780 2972 1102 3044 reconciliationem
1125 2995 1186 3040 seu

199 3077 487 3167 acceptationem,
512 3103 601 3174 quae
614 3081 652 3148 lit
665 3090 811 3169 propter
827 3076 1056 3146 mediatorem
1071 3072 1185 3144 Deum

199 3194 234 3249 et
252 3176 447 3249 hominem.

301 3295 348 3368 Et
371 3313 490 3367 tamen
524 3322 645 3367 verum
675 3312 747 3382 est,
786 3298 876 3368 sicut
909 3297 1001 3366 infra
1034 3297 1183 3366 dicitur:

199 3397 268 3468 Per
284 3398 467 3471 Christum
491 3401 569 3468 dari
590 3401 738 3488 gratiam
763 3414 797 3470 et
820 3401 974 3495 donum:
1001 3396 1091 3469 Cum
1116 3399 1184 3466 lide

199 3504 525 3573 reconciliationem
557 3497 875 3593 apprehendimus,
915 3501 1085 3570 vivificari
1117 3523 1182 3569 nos

199 3629 262 3696 per
276 3606 410 3689 lilium,
432 3609 522 3674 sicut
539 3605 613 3693 ipse
628 3605 761 3695 inquit:
788 3599 863 3692 Ego
880 3603 987 3674 vitam
1005 3617 1183 3673 aeternam

198 3712 244 3775 do
267 3709 327 3778 eis.
392 3704 496 3778 ltem:
532 3704 604 3794 Qui
630 3704 891 3794 habetfilium,
925 3703 1034 3775 habet
1063 3706 1184 3775 vitam.

18 3836 21 3855 ⁵
123 3804 125 3809 ’
197 3807 305 3880 ltem:
338 3804 409 3881 Dat
430 3811 535 3882 nobis
560 3815 604 3882 de
624 3807 761 3900 Spiritu
789 3830 864 3876 suo.
926 3807 996 3879 sed
1025 3808 1185 3897 praeclu-

198 3937 275 3982 cere
308 3911 406 3982 illam
440 3915 717 3985 consolationem
752 3922 908 4002 oportet,
942 3935 1032 4002 quae
1063 3908 1184 3981 statuit

194 4039 262 4086 nos
283 4031 426 4106 propter
449 4017 676 4085 mediatorem
699 4012 814 4083 Deum
836 4025 869 4081 et
892 4008 1098 4095 hominem,
1129 4034 1184 4080 re-

194 4119 266 4208 cipi
288 4133 322 4190 et
344 4119 498 4209 placere,
528 4119 619 4190 sicut
643 4111 702 4184 hie
722 4114 855 4208 inquit:
890 4112 1071 4187 lustilicati
1100 4136 1182 4183 sao·

192 4244 312 4314 gutne.
352 4284 356 4293 .

487 4387 705 4465 Gloriantes
722 4389 761 4460 in
778 4384 872 4460 Deo.

296 4545 377 4617 Non
400 4549 592 4637 gloriantes
613 4549 650 4615 in
674 4544 898 4634 nobisipsis,
925 4539 1075 4628 horest,
1100 4569 1175 4616 non

190 4649 385 4719 tribuentes
410 4652 531 4741 nohis,
566 4652 659 4742 quod
685 4669 825 4718 nostrae
848 4647 1021 4728 virtutes,
1054 4670 1173 4739 nostra

189 4753 348 4838 novitas,
372 4766 490 4822 nostra
516 4753 640 4821 merita
657 4752 731 4820 sint
752 4773 853 4821 causa
878 4746 983 4818 huius
1006 4754 1094 4821 tanti
1112 4759 1172 4826 be.

188 4855 324 4939 neficii,
348 4859 406 4924 sed
424 4856 524 4925 Deus
539 4869 682 4945 propter
697 4854 810 4922 filium
827 4855 888 4922 dat
902 4850 1041 4934 Gratis,
1066 4869 1101 4926 et
1116 4884 1170 4928 re-

186 4958 469 5028 conciliationem
502 4970 537 5025 et
567 4957 674 5026 vitam
702 4970 892 5025 aeternam.
961 4957 1060 5027 Sicut
1083 4960 1168 5032 alibi

185 5057 315 5151 inquit:
345 5058 417 5147 Qui
433 5058 615 5146 gloriatur,
637 5058 675 5126 in
687 5056 840 5137 Domino
851 5057 1029 5146 glorietur.
1061 5060 1167 5134 Item:

184 5154 353 5229 Gaudens
379 5161 538 5248 gaudebo
562 5160 598 5227 in
625 5157 799 5242 Domino,
827 5160 922 5250 quod
949 5163 1166 5236 vestimentis

181 5260 338 5330 iustitiae
362 5263 480 5333 induit
504 5286 578 5345 me,
609 5276 646 5331 et
670 5261 880 5333 vestimento
908 5261 1032 5333 salutis
1058 5269 1164 5338 vesti-

178 5376 229 5431 Vtt
253 5385 319 5430 me.

796 176 924 252 rum
946 110 1632 258 unc.scu1era·ttttttuurtca
1921 198 1927 209 ·

2157 199 2229 273 stt-

1342 347 1587 443 Opponantur
1603 371 1720 429 autem
1736 373 1770 431 et
1787 354 1874 436 haec
1890 365 1986 437 dicta
2009 380 2153 440 nostrae
2174 373 2223 443 io·

1240 452 1415 536 firmitati,
1450 472 1484 528 et
1512 474 1705 531 statuamus
1734 477 1870 534 certum
1903 491 1980 538 esse
2009 471 2223 560 beneficium,

1239 556 1467 627 donationem
1498 563 1589 631 vitae
1623 579 1785 634 aeternae
1818 582 1965 658 propter
1987 574 2222 661 mediatorem,

1241 659 1378 726 etiamsi
1402 658 1519 731 adhue
1544 661 1693 736 liaerent
1716 666 1755 736 in
1777 671 1882 738 nobis
1900 674 2078 767 reliquiae
2096 681 2224 764 peccati,

1240 773 1336 828 tuxta
1359 763 1511 861 dictum:
1547 764 1654 834 Nulla
1676 792 1773 839 nunc
1788 774 1972 845 damnatio
1998 792 2051 848 est
2076 773 2149 863 his,
2173 784 2223 872 qui

1240 860 1277 929 in
1297 856 1439 934 Christo
1458 864 1537 938 lesu
1559 870 1754 939 ambulant.

1240 1023 1343 1099 Sicut
1364 1052 1431 1125 per
1454 1056 1568 1102 unum
1595 1027 1779 1106 hominem
1794 1049 1978 1134 peccatum
1995 1039 2038 1114 iit
2056 1042 2237 1116 mundum·

1609 1135 1764 1208 t'ntraeit
1787 1151 1848 1216 etc.

1339 1265 1515 1359 Superior
1535 1296 1614 1362 pars
1631 1271 1813 1366 Epistolae
1831 1283 1994 1371 exposuit
2020 1288 2220 1376 propositio

1242 1392 1345 1452 nem,
1379 1370 1563 1443 iustificari
1589 1370 1752 1450 homines
1775 1381 1845 1449 fide
1864 1399 2010 1474 propter
2035 1387 2149 1457 lilium
2167 1389 2219 1459 Dei
2250 1404 2253 1469 ζ

1243 1472 1497 1557 mediatorem,
1536 1500 1610 1547 non
1640 1497 1785 1572 propter
1815 1483 1949 1573 legem,
1987 1502 2055 1558 aut
2087 1507 2216 1583 proptu

1241 1587 1360 1692 nostra
1402 1597 1529 1664 opera,
1578 1594 1613 1650 et
1645 1585 1882 1675 propositioni
1921 1590 2066 1661 addidit
2109 1594 2219 1663 confir·

1242 1691 1446 1748 mattonettt.

1342 1776 1446 1847 Natuc
1468 1781 1567 1851 velut
1590 1806 1724 1855 novum
1750 1786 1882 1859 librum
1906 1791 2058 1862 incoans
2079 1793 2218 1867 instituit

1240 1871 1431 1965 ἀνάλυσιν,
1458 1881 1496 1949 in
1512 1909 1580 1976 qua
1595 1889 1740 1976 exponit
1757 1891 1893 1979 singula
1910 1895 2104 1982 vocabula,
2129 1901 2213 1968 vide·

1240 1981 1320 2050 licet
1361 1985 1512 2070 peccati,
1545 1985 1667 2077 Legis,
1706 1988 1871 2079 Gratiae,
1904 2012 1938 2068 et
1963 1998 2110 2087 copiose
2132 2001 2216 2071 docet

1243 2078 1456 2168 Ecclesiam,
1491 2090 1586 2156 unde
1610 2091 1655 2160 sit
1679 2109 1857 2181 peccatum
1868 2145 1881 2180 ,
1916 2101 2041 2192 etqui
2064 2102 2136 2172 sint
2156 2104 2216 2172 eius

1240 2184 1394 2258 effectus.
1436 2184 1576 2258 Deinde
1592 2192 1670 2285 quis
1688 2194 1732 2264 sit
1747 2196 1891 2267 effectus
1906 2201 2119 2293 principalis
2132 2205 2214 2291 legis.

1240 2285 1361 2354 l’ostea
1378 2292 1475 2358 unde
1489 2292 1536 2361 sit
1551 2294 1682 2383 gratia,
1709 2298 1795 2390 quid
1811 2300 1875 2386 sit,
1902 2317 1939 2375 et
1954 2326 2050 2397 quae
2066 2307 2215 2377 beneficit

1240 2390 1501 2479 complectatur.

1583 2560 1691 2661 Quid
1712 2569 1763 2637 sit
1787 2563 1884 2647 Lex.

1339 2694 1412 2765 Lex
1430 2701 1574 2770 moralis
1597 2721 1647 2774 est
1671 2720 1811 2776 aeterna
1834 2722 1868 2779 et
1886 2712 2037 2783 immota
2061 2716 2213 2806 sapientia

1238 2810 1272 2867 ct
1286 2820 1410 2866 norma
1435 2801 1592 2872 iustitiae
1616 2806 1652 2874 in
1678 2807 1774 2887 Deo,
1811 2814 1982 2901 patefacta
2009 2810 2213 2901 hominibus,

1239 2901 1412 2969 transfusa
1436 2903 1473 2970 in
1491 2928 1555 2973 nos
1578 2907 1686 2976 simili
1712 2910 1790 2980 luce
1816 2912 1852 2980 iu
1878 2916 2084 3003 creatione,
2111 2936 2143 2990 et
2165 2945 2212 3009 po

1239 3014 1308 3070 stea
1325 3005 1544 3095 promulgata
1563 3008 1600 3074 in
1616 3005 1813 3108 Decalogo,
1844 3029 1884 3085 ut
1897 3017 2053 3089 sciamus
2072 3027 2166 3115 quod
2181 3022 2212 3090 sit

1240 3101 1352 3184 Deus,
1379 3118 1412 3175 et
1435 3109 1548 3199 qualis
1572 3110 1636 3187 sit,
1660 3128 1694 3182 et
1718 3117 1961 3187 discernamus
1984 3146 2067 3191 eum
2091 3123 2211 3193 amalis

1239 3206 1393 3288 naturis,
1428 3223 1462 3277 et
1487 3211 1726 3297 intelligamus
1749 3241 1813 3284 uos
1837 3235 2002 3309 oportere
2029 3226 2061 3292 ei
2086 3228 2208 3295 confor-

1238 3331 1309 3374 mes
1326 3330 1417 3392 esse,
1443 3334 1566 3380 omnes
1583 3329 1758 3386 creaturas
1774 3320 1965 3390 rationales
1983 3321 2162 3416 obligans,
2181 3343 2207 3395 ut

1238 3408 1309 3477 sint
1333 3409 1438 3494 tales,
1464 3414 1584 3502 quales
1610 3415 1670 3485 illa
1688 3421 1857 3507 sapientia
1875 3424 1940 3494 Dei
1957 3448 2035 3494 esse
2047 3429 2211 3519 praecipit,

1238 3511 1419 3600 postulans
1451 3513 1623 3604 integram
1653 3522 1909 3608 obedientiam,
1949 3541 1984 3596 et
2007 3531 2209 3600 deriuariaut

1236 3625 1412 3680 aeternam
1438 3615 1526 3685 iram
1550 3616 1616 3685 Dei
1639 3625 1824 3708 omnibus,
1852 3628 1912 3720 qui
1936 3653 2012 3698 non
2036 3646 2124 3703 sttnt
2142 3633 2209 3701 tales

1236 3713 1330 3785 ittxta
1357 3716 1528 3805 integram
1559 3722 1824 3807 obedientiam,
1866 3729 1936 3799 nisi
1965 3732 2029 3802 liat
2061 3734 2205 3803 remissio

1236 3818 1379 3906 propter
1405 3818 1531 3892 hlium.

1336 3933 1433 4006 Haec
1465 3940 1625 4010 delinitio
1652 3945 1806 4015 sumitur
1835 3971 1875 4017 ex
1905 3952 2025 4022 verbis
2058 3952 2203 4043 Deralogi

1236 4031 1348 4108 Exod.
1370 4039 1431 4113 20.
1467 4056 1564 4112 etex
1588 4041 1712 4135 Capite
1737 4063 1862 4140 quarto
1885 4048 2010 4127 Deut:
2050 4052 2147 4128 Haec
2166 4070 2204 4125 est

1235 4139 1405 4227 sapientia
1430 4158 1542 4213 vestra
1563 4160 1597 4215 et
1622 4146 1822 4219 intellectus
1843 4165 1909 4226 etc.
1978 4155 2092 4228 ltem:
2125 4158 2202 4229 ltus

1234 4241 1325 4329 iguis
1349 4267 1560 4314 consumens
1581 4263 1644 4320 est.
1715 4249 1820 4322 ltem:
1854 4253 2074 4329 Maledictus
2105 4260 2203 4332 omnit

1232 4343 1293 4432 qui
1319 4368 1391 4411 non
1416 4361 1533 4419 manet
1561 4349 1598 4417 io
1631 4353 1818 4436 omnibus,
1854 4381 1944 4450 quae
1970 4360 2010 4429 in
2035 4362 2113 4454 lege
2133 4365 2203 4434 scri-

1230 4460 1287 4535 pta
1304 4459 1397 4518 sunt.

1325 4562 1525 4634 Prudenter
1542 4582 1657 4639 autem
1677 4572 1925 4648 discernantur
1946 4603 1966 4648 a
1993 4582 2071 4673 lege
2093 4582 2202 4655 morali

1225 4660 1486 4737 Cercmoniales
1502 4683 1535 4738 et
1552 4668 1734 4744 Forenses.
1787 4676 1880 4767 Quia
1905 4685 2002 4752 enim
2019 4684 2120 4759 Deus
2134 4710 2202 4758 coo·

1223 4767 1337 4836 stituit
1360 4770 1518 4859 politiam
1546 4771 1670 4858 lsrael,
1706 4790 1745 4846 ut
1771 4797 1886 4852 certus
1910 4770 2011 4856 locus
2036 4806 2143 4873 essct,
2172 4787 2200 4855 in

1222 4893 1292 4959 quo
1315 4894 1356 4938 ex
1387 4887 1479 4941 certa
1509 4875 1618 4964 stirpe
1638 4895 1839 4950 nasceretur
1861 4881 2049 4972 Christus,
2091 4908 2124 4965 et
2151 4888 2199 4963 ubi

1221 4973 1498 5060 conspiceretur,
1526 4978 1684 5057 doceret,
1712 4984 1830 5053 ederet
1855 4989 2084 5080 testimonia,
2119 5009 2198 5083 pete·

1220 5086 1335 5158 retur,
1369 5089 1401 5143 et
1423 5077 1615 5165 refugeret,
1655 5098 1737 5152 sunt
1759 5087 1901 5156 additae
1930 5090 2027 5180 leges
2058 5120 2198 5167 ceremo-

1217 5175 1329 5244 niales
1352 5190 1385 5247 et
1411 5179 1570 5248 forenses
1598 5183 1641 5250 ad
1662 5200 1795 5256 certum
1812 5202 1972 5280 tempus,
2001 5199 2085 5288 quia
2102 5200 2197 5268 socie·

1215 5288 1266 5343 tas
1286 5273 1439 5347 humana
1461 5282 1498 5347 in
1517 5275 1582 5351 hac
1599 5285 1696 5352 civili
1714 5294 1972 5363 consuetudine
1997 5320 2072 5369 non
2099 5311 2198 5393 potest

1212 5399 1285 5445 esse
1307 5381 1384 5451 sine
1405 5383 1532 5454 ordine
1559 5399 1592 5455 et
1615 5389 1692 5458 sine
1715 5390 1869 5464 iudiciis.
1936 5396 2067 5474 Voluit
2092 5416 2197 5473 auten
