<?xml version="1.0" encoding="UTF-8"?>
<!DOCTYPE html PUBLIC "-//W3C//DTD XHTML 1.0 Transitional//EN"
    "http://www.w3.org/TR/xhtml1/DTD/xhtml1-transitional.dtd">
<html xmlns="http://www.w3.org/1999/xhtml" xml:lang="en" lang="en">
 <head>
  <title>
</title>
<meta http-equiv="Content-Type" content="text/html;charset=utf-8" />
  <meta name='ocr-system' content='tesseract 3.04.00' />
  <meta name='ocr-capabilities' content='ocr_page ocr_carea ocr_par ocr_line ocrx_word'/>
</head>
<body>
  <div class='ocr_page' id='page_1' title='image "./corpusreformato01melagoog/corpusreformato01melagoog_0627.png"; bbox 0 0 4522 5782; ppageno 0'>
   <div class='ocr_carea' id='block_1_1' title="bbox 105 153 2169 283">
    <p class='ocr_par' dir='ltr' id='par_1_1' title="bbox 105 153 2169 283">
     <span class='ocr_line' id='line_1_1' title="bbox 105 153 2169 283; baseline -0.031 1"><span class='ocrx_word' id='word_1_1' title='bbox 105 204 206 283; x_wconf 79' lang='lat' dir='ltr'>use</span> <span class='ocrx_word' id='word_1_2' title='bbox 694 181 823 257; x_wconf 74' lang='lat' dir='ltr'>autc.</span> <span class='ocrx_word' id='word_1_3' title='bbox 849 178 967 257; x_wconf 79' lang='lat' dir='ltr'>nar.</span> <span class='ocrx_word' id='word_1_4' title='bbox 991 170 1530 259; x_wconf 70' lang='lat' dir='ltr'>uutrraaxacuuca.</span> <span class='ocrx_word' id='word_1_5' title='bbox 1773 276 1777 283; x_wconf 22' lang='grc' dir='ltr'>Ι</span> <span class='ocrx_word' id='word_1_6' title='bbox 2034 153 2169 255; x_wconf 59' lang='lat' dir='ltr'>,mi</span> 
     </span>
    </p>
   </div>
   <div class='ocr_carea' id='block_1_2' title="bbox 109 337 2171 875">
    <p class='ocr_par' dir='ltr' id='par_1_2' title="bbox 109 337 2171 875">
     <span class='ocr_line' id='line_1_2' title="bbox 109 337 2171 454; baseline -0.014 0"><span class='ocrx_word' id='word_1_7' title='bbox 109 391 163 454; x_wconf 86' lang='lat' dir='ltr'>est</span> <span class='ocrx_word' id='word_1_8' title='bbox 183 373 308 447; x_wconf 87' lang='lat' dir='ltr'>melior</span> <span class='ocrx_word' id='word_1_9' title='bbox 324 357 548 441; x_wconf 75' lang='lat' dir='ltr'>olsedientia,</span> <span class='ocrx_word' id='word_1_10' title='bbox 579 355 676 427; x_wconf 84' lang='lat' dir='ltr'>iuxta</span> <span class='ocrx_word' id='word_1_11' title='bbox 700 350 785 423; x_wconf 89' lang='lat' dir='ltr'>haec</span> <span class='ocrx_word' id='word_1_12' title='bbox 808 354 920 425; x_wconf 86' lang='lat' dir='ltr'>dicta:</span> <span class='ocrx_word' id='word_1_13' title='bbox 952 349 1098 422; x_wconf 88' lang='lat' dir='ltr'>Miseri·</span> <span class='ocrx_word' id='word_1_14' title='bbox 1150 375 1219 446; x_wconf 88' lang='lat' dir='ltr'>que</span> <span class='ocrx_word' id='word_1_15' title='bbox 1236 346 1378 440; x_wconf 73' lang='lat' dir='ltr'>agnosci</span> <span class='ocrx_word' id='word_1_16' title='bbox 1391 347 1589 442; x_wconf 76' lang='lat' dir='ltr'>aequalem.</span> <span class='ocrx_word' id='word_1_17' title='bbox 1641 346 1731 421; x_wconf 86' lang='lat' dir='ltr'>Item</span> <span class='ocrx_word' id='word_1_18' title='bbox 1752 347 1919 422; x_wconf 84' lang='lat' dir='ltr'>irascitur</span> <span class='ocrx_word' id='word_1_19' title='bbox 1935 366 2067 443; x_wconf 86' lang='lat' dir='ltr'>peccato</span> <span class='ocrx_word' id='word_1_20' title='bbox 2085 356 2118 425; x_wconf 92' lang='lat' dir='ltr'>in</span> <span class='ocrx_word' id='word_1_21' title='bbox 2150 337 2171 417; x_wconf 60' lang='grc' dir='ltr'>ιἐ</span> 
     </span>
     <span class='ocr_line' id='line_1_3' title="bbox 114 440 2171 557; baseline -0.004 -22"><span class='ocrx_word' id='word_1_22' title='bbox 114 479 271 557; x_wconf 60' lang='lat' dir='ltr'>cordiam</span> <span class='ocrx_word' id='word_1_23' title='bbox 295 469 377 538; x_wconf 86' lang='lat' dir='ltr'>volo</span> <span class='ocrx_word' id='word_1_24' title='bbox 404 487 477 533; x_wconf 89' lang='lat' dir='ltr'>non</span> <span class='ocrx_word' id='word_1_25' title='bbox 504 458 733 539; x_wconf 84' lang='lat' dir='ltr'>sacrificium,</span> <span class='ocrx_word' id='word_1_26' title='bbox 766 469 800 526; x_wconf 96' lang='lat' dir='ltr'>et</span> <span class='ocrx_word' id='word_1_27' title='bbox 821 454 1003 557; x_wconf 79' lang='lat' dir='ltr'>scientiam</span> <span class='ocrx_word' id='word_1_28' title='bbox 1023 450 1099 523; x_wconf 92' lang='lat' dir='ltr'>Do·</span> <span class='ocrx_word' id='word_1_29' title='bbox 1152 453 1339 534; x_wconf 86' lang='lat' dir='ltr'>omnibus,</span> <span class='ocrx_word' id='word_1_30' title='bbox 1363 464 1398 521; x_wconf 90' lang='lat' dir='ltr'>et</span> <span class='ocrx_word' id='word_1_31' title='bbox 1411 473 1535 520; x_wconf 90' lang='lat' dir='ltr'>omnes</span> <span class='ocrx_word' id='word_1_32' title='bbox 1552 450 1675 541; x_wconf 89' lang='lat' dir='ltr'>recipit</span> <span class='ocrx_word' id='word_1_33' title='bbox 1692 453 1941 541; x_wconf 77' lang='lat' dir='ltr'>confugientes</span> <span class='ocrx_word' id='word_1_34' title='bbox 1952 456 1996 523; x_wconf 86' lang='lat' dir='ltr'>sd</span> <span class='ocrx_word' id='word_1_35' title='bbox 2012 455 2119 528; x_wconf 76' lang='lat' dir='ltr'>filium.</span> <span class='ocrx_word' id='word_1_36' title='bbox 2149 440 2171 502; x_wconf 73' lang='lat' dir='ltr'>&#39;l</span> 
     </span>
     <span class='ocr_line' id='line_1_4' title="bbox 117 552 2171 662; baseline -0.003 -22"><span class='ocrx_word' id='word_1_37' title='bbox 117 580 228 662; x_wconf 65' lang='lat' dir='ltr'>mini,</span> <span class='ocrx_word' id='word_1_38' title='bbox 252 596 326 643; x_wconf 91' lang='lat' dir='ltr'>non</span> <span class='ocrx_word' id='word_1_39' title='bbox 343 566 558 639; x_wconf 89' lang='lat' dir='ltr'>holocausta.</span> <span class='ocrx_word' id='word_1_40' title='bbox 611 557 713 629; x_wconf 90' lang='lat' dir='ltr'>ltem:</span> <span class='ocrx_word' id='word_1_41' title='bbox 740 556 884 627; x_wconf 84' lang='lat' dir='ltr'>Frustra</span> <span class='ocrx_word' id='word_1_42' title='bbox 902 557 1025 626; x_wconf 90' lang='lat' dir='ltr'>colunt</span> <span class='ocrx_word' id='word_1_43' title='bbox 1046 577 1103 623; x_wconf 84' lang='lat' dir='ltr'>me</span> <span class='ocrx_word' id='word_1_44' title='bbox 1152 554 1227 626; x_wconf 86' lang='lat' dir='ltr'>llas</span> <span class='ocrx_word' id='word_1_45' title='bbox 1251 553 1389 642; x_wconf 75' lang='lat' dir='ltr'>regulas</span> <span class='ocrx_word' id='word_1_46' title='bbox 1411 552 1488 622; x_wconf 86' lang='lat' dir='ltr'>vult</span> <span class='ocrx_word' id='word_1_47' title='bbox 1511 575 1584 622; x_wconf 86' lang='lat' dir='ltr'>esse</span> <span class='ocrx_word' id='word_1_48' title='bbox 1605 553 1832 628; x_wconf 78' lang='lat' dir='ltr'>firmissimas.</span> <span class='ocrx_word' id='word_1_49' title='bbox 2163 565 2171 603; x_wconf 83' lang='lat'>¹</span> 
     </span>
     <span class='ocr_line' id='line_1_5' title="bbox 120 636 2171 758; baseline -0.011 -6"><span class='ocrx_word' id='word_1_50' title='bbox 120 679 297 758; x_wconf 87' lang='lat' dir='ltr'>mandatis</span> <span class='ocrx_word' id='word_1_51' title='bbox 320 668 520 742; x_wconf 90' lang='lat' dir='ltr'>hominum.</span> <span class='ocrx_word' id='word_1_52' title='bbox 572 658 678 731; x_wconf 89' lang='lat' dir='ltr'>ltem:</span> <span class='ocrx_word' id='word_1_53' title='bbox 706 657 838 729; x_wconf 87' lang='lat' dir='ltr'>Melior</span> <span class='ocrx_word' id='word_1_54' title='bbox 862 671 914 729; x_wconf 89' lang='lat' dir='ltr'>est</span> <span class='ocrx_word' id='word_1_55' title='bbox 935 657 1106 727; x_wconf 88' lang='lat' dir='ltr'>obedien·</span> <span class='ocrx_word' id='word_1_56' title='bbox 1257 653 1531 725; x_wconf 84' lang='lat' dir='ltr'>Haecdoctrina</span> <span class='ocrx_word' id='word_1_57' title='bbox 1549 653 1770 726; x_wconf 85' lang='lat' dir='ltr'>utilisestad</span> <span class='ocrx_word' id='word_1_58' title='bbox 1792 657 2122 731; x_wconf 80' lang='lat' dir='ltr'>confirmandumti·</span> <span class='ocrx_word' id='word_1_59' title='bbox 2163 636 2171 707; x_wconf 78' lang='lat' dir='ltr'>l</span> 
     </span>
     <span class='ocr_line' id='line_1_6' title="bbox 121 752 2124 875; baseline -0.013 -17"><span class='ocrx_word' id='word_1_60' title='bbox 121 789 291 875; x_wconf 86' lang='lat' dir='ltr'>tiaquam</span> <span class='ocrx_word' id='word_1_61' title='bbox 309 772 471 842; x_wconf 85' lang='lat' dir='ltr'>victimae</span> <span class='ocrx_word' id='word_1_62' title='bbox 489 763 692 836; x_wconf 87' lang='lat' dir='ltr'>stultorum.</span> <span class='ocrx_word' id='word_1_63' title='bbox 744 756 840 849; x_wconf 75' lang='lat' dir='ltr'>Ergo</span> <span class='ocrx_word' id='word_1_64' title='bbox 854 759 1021 851; x_wconf 86' lang='lat' dir='ltr'>perfectio</span> <span class='ocrx_word' id='word_1_65' title='bbox 1039 752 1107 827; x_wconf 86' lang='lat' dir='ltr'>hoc</span> <span class='ocrx_word' id='word_1_66' title='bbox 1158 782 1292 829; x_wconf 88' lang='lat' dir='ltr'>morem</span> <span class='ocrx_word' id='word_1_67' title='bbox 1309 757 1387 836; x_wconf 90' lang='lat' dir='ltr'>Dei,</span> <span class='ocrx_word' id='word_1_68' title='bbox 1403 771 1437 828; x_wconf 87' lang='lat' dir='ltr'>et</span> <span class='ocrx_word' id='word_1_69' title='bbox 1453 757 1497 826; x_wconf 85' lang='lat' dir='ltr'>ad</span> <span class='ocrx_word' id='word_1_70' title='bbox 1512 756 1790 827; x_wconf 87' lang='lat' dir='ltr'>confirmandam</span> <span class='ocrx_word' id='word_1_71' title='bbox 1804 757 2020 844; x_wconf 89' lang='lat' dir='ltr'>tidem,non</span> <span class='ocrx_word' id='word_1_72' title='bbox 2037 762 2124 831; x_wconf 90' lang='lat' dir='ltr'>blan·</span> 
     </span>
    </p>
   </div>
   <div class='ocr_carea' id='block_1_3' title="bbox 46 855 2176 5223">
    <p class='ocr_par' dir='ltr' id='par_1_3' title="bbox 46 855 2176 5223">
     <span class='ocr_line' id='line_1_7' title="bbox 124 855 2125 963; baseline -0.014 -2"><span class='ocrx_word' id='word_1_73' title='bbox 124 891 204 960; x_wconf 90' lang='lat' dir='ltr'>loco</span> <span class='ocrx_word' id='word_1_74' title='bbox 219 876 438 963; x_wconf 73' lang='lat' dir='ltr'>intelligatur</span> <span class='ocrx_word' id='word_1_75' title='bbox 451 871 495 938; x_wconf 88' lang='lat' dir='ltr'>de</span> <span class='ocrx_word' id='word_1_76' title='bbox 514 887 620 956; x_wconf 92' lang='lat' dir='ltr'>opere</span> <span class='ocrx_word' id='word_1_77' title='bbox 636 875 837 953; x_wconf 90' lang='lat' dir='ltr'>praerepto,</span> <span class='ocrx_word' id='word_1_78' title='bbox 864 860 1016 944; x_wconf 88' lang='lat' dir='ltr'>scilicet,</span> <span class='ocrx_word' id='word_1_79' title='bbox 1042 856 1107 931; x_wconf 83' lang='lat' dir='ltr'>Se·</span> <span class='ocrx_word' id='word_1_80' title='bbox 1160 863 1278 933; x_wconf 90' lang='lat' dir='ltr'>diatur</span> <span class='ocrx_word' id='word_1_81' title='bbox 1293 859 1362 929; x_wconf 92' lang='lat' dir='ltr'>sibi</span> <span class='ocrx_word' id='word_1_82' title='bbox 1378 855 1494 929; x_wconf 84' lang='lat' dir='ltr'>David</span> <span class='ocrx_word' id='word_1_83' title='bbox 1511 858 1670 947; x_wconf 70' lang='lat' dir='ltr'>cogitans</span> <span class='ocrx_word' id='word_1_84' title='bbox 1685 859 1798 931; x_wconf 85' lang='lat' dir='ltr'>Deum</span> <span class='ocrx_word' id='word_1_85' title='bbox 1814 884 1889 928; x_wconf 93' lang='lat' dir='ltr'>non</span> <span class='ocrx_word' id='word_1_86' title='bbox 1906 886 1981 932; x_wconf 88' lang='lat' dir='ltr'>esse</span> <span class='ocrx_word' id='word_1_87' title='bbox 1996 864 2125 953; x_wconf 89' lang='lat' dir='ltr'>punitu-</span> 
     </span>
     <span class='ocr_line' id='line_1_8' title="bbox 124 960 2127 1084; baseline -0.011 -27"><span class='ocrx_word' id='word_1_88' title='bbox 124 1006 232 1084; x_wconf 85' lang='lat' dir='ltr'>quere</span> <span class='ocrx_word' id='word_1_89' title='bbox 248 1005 323 1062; x_wconf 89' lang='lat' dir='ltr'>me,</span> <span class='ocrx_word' id='word_1_90' title='bbox 348 988 383 1044; x_wconf 91' lang='lat' dir='ltr'>et</span> <span class='ocrx_word' id='word_1_91' title='bbox 399 969 616 1057; x_wconf 75' lang='lat' dir='ltr'>intelligatur</span> <span class='ocrx_word' id='word_1_92' title='bbox 632 964 821 1055; x_wconf 88' lang='lat' dir='ltr'>perfectum</span> <span class='ocrx_word' id='word_1_93' title='bbox 841 963 1110 1052; x_wconf 78' lang='lat' dir='ltr'>nougradibus,</span> <span class='ocrx_word' id='word_1_94' title='bbox 1162 987 1242 1035; x_wconf 86' lang='lat' dir='ltr'>rum</span> <span class='ocrx_word' id='word_1_95' title='bbox 1264 960 1477 1032; x_wconf 73' lang='lat' dir='ltr'><strong>adulterium</strong></span> <span class='ocrx_word' id='word_1_96' title='bbox 1503 960 1632 1051; x_wconf 86' lang='lat' dir='ltr'>ipsius,</span> <span class='ocrx_word' id='word_1_97' title='bbox 1672 961 1754 1053; x_wconf 89' lang='lat' dir='ltr'>quia</span> <span class='ocrx_word' id='word_1_98' title='bbox 1787 964 1968 1051; x_wconf 85' lang='lat' dir='ltr'>praeclare</span> <span class='ocrx_word' id='word_1_99' title='bbox 1998 966 2127 1036; x_wconf 88' lang='lat' dir='ltr'>meritus</span> 
     </span>
     <span class='ocr_line' id='line_1_9' title="bbox 128 1059 2127 1162; baseline -0.012 -3"><span class='ocrx_word' id='word_1_100' title='bbox 128 1093 189 1162; x_wconf 89' lang='lat' dir='ltr'>sed</span> <span class='ocrx_word' id='word_1_101' title='bbox 204 1077 420 1159; x_wconf 85' lang='lat' dir='ltr'>substantia,</span> <span class='ocrx_word' id='word_1_102' title='bbox 445 1085 484 1142; x_wconf 94' lang='lat' dir='ltr'>ut</span> <span class='ocrx_word' id='word_1_103' title='bbox 498 1094 578 1139; x_wconf 89' lang='lat' dir='ltr'>cum</span> <span class='ocrx_word' id='word_1_104' title='bbox 591 1066 721 1136; x_wconf 90' lang='lat' dir='ltr'>dicitur</span> <span class='ocrx_word' id='word_1_105' title='bbox 738 1068 781 1135; x_wconf 90' lang='lat' dir='ltr'>ad</span> <span class='ocrx_word' id='word_1_106' title='bbox 799 1060 999 1135; x_wconf 81' lang='lat' dir='ltr'>Abrabam:</span> <span class='ocrx_word' id='word_1_107' title='bbox 1024 1062 1111 1132; x_wconf 83' lang='lat' dir='ltr'>Esto</span> <span class='ocrx_word' id='word_1_108' title='bbox 1163 1065 1219 1139; x_wconf 86' lang='lat' dir='ltr'>sit.</span> <span class='ocrx_word' id='word_1_109' title='bbox 1270 1062 1342 1133; x_wconf 89' lang='lat' dir='ltr'>Nec</span> <span class='ocrx_word' id='word_1_110' title='bbox 1357 1065 1543 1154; x_wconf 73' lang='lat' dir='ltr'>desperent</span> <span class='ocrx_word' id='word_1_111' title='bbox 1559 1059 1703 1148; x_wconf 74' lang='lat' dir='ltr'>Aaron,</span> <span class='ocrx_word' id='word_1_112' title='bbox 1728 1062 1931 1144; x_wconf 84' lang='lat' dir='ltr'>Manasses,</span> <span class='ocrx_word' id='word_1_113' title='bbox 1955 1063 2127 1136; x_wconf 81' lang='lat' dir='ltr'>Nabucho-</span> 
     </span>
     <span class='ocr_line' id='line_1_10' title="bbox 128 1162 2129 1287; baseline -0.011 -28"><span class='ocrx_word' id='word_1_114' title='bbox 128 1189 322 1287; x_wconf 88' lang='lat' dir='ltr'>perlectus,</span> <span class='ocrx_word' id='word_1_115' title='bbox 348 1177 501 1257; x_wconf 89' lang='lat' dir='ltr'>scilicet,</span> <span class='ocrx_word' id='word_1_116' title='bbox 527 1170 684 1242; x_wconf 88' lang='lat' dir='ltr'>retinens</span> <span class='ocrx_word' id='word_1_117' title='bbox 700 1167 804 1235; x_wconf 87' lang='lat' dir='ltr'>fidem</span> <span class='ocrx_word' id='word_1_118' title='bbox 821 1181 856 1237; x_wconf 92' lang='lat' dir='ltr'>et</span> <span class='ocrx_word' id='word_1_119' title='bbox 876 1168 1008 1237; x_wconf 84' lang='lat' dir='ltr'>bonam</span> <span class='ocrx_word' id='word_1_120' title='bbox 1027 1187 1113 1234; x_wconf 89' lang='lat' dir='ltr'>con·</span> <span class='ocrx_word' id='word_1_121' title='bbox 1165 1170 1341 1248; x_wconf 90' lang='lat' dir='ltr'>donosor,</span> <span class='ocrx_word' id='word_1_122' title='bbox 1365 1162 1509 1248; x_wconf 88' lang='lat' dir='ltr'>Petrus,</span> <span class='ocrx_word' id='word_1_123' title='bbox 1534 1165 1625 1235; x_wconf 91' lang='lat' dir='ltr'>latro</span> <span class='ocrx_word' id='word_1_124' title='bbox 1642 1166 1679 1235; x_wconf 89' lang='lat' dir='ltr'>iu</span> <span class='ocrx_word' id='word_1_125' title='bbox 1696 1189 1816 1247; x_wconf 87' lang='lat' dir='ltr'>cruce,</span> <span class='ocrx_word' id='word_1_126' title='bbox 1840 1167 1926 1258; x_wconf 85' lang='lat' dir='ltr'>quia</span> <span class='ocrx_word' id='word_1_127' title='bbox 1945 1168 2052 1236; x_wconf 87' lang='lat' dir='ltr'>multa</span> <span class='ocrx_word' id='word_1_128' title='bbox 2068 1193 2129 1236; x_wconf 69' lang='lat' dir='ltr'>ma</span> 
     </span>
     <span class='ocr_line' id='line_1_11' title="bbox 130 1262 2129 1363; baseline -0.012 0"><span class='ocrx_word' id='word_1_129' title='bbox 130 1289 325 1363; x_wconf 88' lang='lat' dir='ltr'>scientiam.</span> <span class='ocrx_word' id='word_1_130' title='bbox 377 1274 436 1348; x_wconf 77' lang='lat' dir='ltr'>ad</span> <span class='ocrx_word' id='word_1_131' title='bbox 459 1269 551 1343; x_wconf 88' lang='lat' dir='ltr'>banc</span> <span class='ocrx_word' id='word_1_132' title='bbox 572 1271 744 1362; x_wconf 75' lang='lat' dir='ltr'>pertinet,</span> <span class='ocrx_word' id='word_1_133' title='bbox 774 1269 920 1338; x_wconf 89' lang='lat' dir='ltr'>obedire</span> <span class='ocrx_word' id='word_1_134' title='bbox 940 1287 1117 1360; x_wconf 81' lang='lat' dir='ltr'>quemque</span> <span class='ocrx_word' id='word_1_135' title='bbox 1166 1292 1233 1358; x_wconf 74' lang='lat' dir='ltr'>gna</span> <span class='ocrx_word' id='word_1_136' title='bbox 1250 1268 1378 1338; x_wconf 88' lang='lat' dir='ltr'>delicta</span> <span class='ocrx_word' id='word_1_137' title='bbox 1394 1262 1543 1346; x_wconf 84' lang='lat' dir='ltr'>habent,</span> <span class='ocrx_word' id='word_1_138' title='bbox 1568 1268 1628 1334; x_wconf 90' lang='lat' dir='ltr'>sed</span> <span class='ocrx_word' id='word_1_139' title='bbox 1644 1280 1787 1338; x_wconf 89' lang='lat' dir='ltr'>teneant</span> <span class='ocrx_word' id='word_1_140' title='bbox 1809 1269 1989 1356; x_wconf 80' lang='lat' dir='ltr'>regulam:</span> <span class='ocrx_word' id='word_1_141' title='bbox 2024 1266 2129 1340; x_wconf 84' lang='lat' dir='ltr'>Gratia</span> 
     </span>
     <span class='ocr_line' id='line_1_12' title="bbox 133 1362 2131 1465; baseline -0.012 -1"><span class='ocrx_word' id='word_1_142' title='bbox 133 1416 216 1465; x_wconf 88' lang='lat' dir='ltr'>suae</span> <span class='ocrx_word' id='word_1_143' title='bbox 240 1379 429 1457; x_wconf 86' lang='lat' dir='ltr'>vocationi.</span> <span class='ocrx_word' id='word_1_144' title='bbox 479 1372 596 1445; x_wconf 84' lang='lat' dir='ltr'>David</span> <span class='ocrx_word' id='word_1_145' title='bbox 619 1385 766 1440; x_wconf 82' lang='lat' dir='ltr'>vocatur</span> <span class='ocrx_word' id='word_1_146' title='bbox 786 1372 831 1439; x_wconf 89' lang='lat' dir='ltr'>ad</span> <span class='ocrx_word' id='word_1_147' title='bbox 858 1392 1027 1460; x_wconf 79' lang='lat' dir='ltr'>regnum,</span> <span class='ocrx_word' id='word_1_148' title='bbox 1058 1362 1117 1435; x_wconf 89' lang='lat' dir='ltr'>bic</span> <span class='ocrx_word' id='word_1_149' title='bbox 1169 1372 1336 1440; x_wconf 76' lang='lat' dir='ltr'>exulrerat</span> <span class='ocrx_word' id='word_1_150' title='bbox 1352 1392 1458 1456; x_wconf 88' lang='lat' dir='ltr'>supra</span> <span class='ocrx_word' id='word_1_151' title='bbox 1472 1369 1662 1453; x_wconf 86' lang='lat' dir='ltr'>delictum,</span> <span class='ocrx_word' id='word_1_152' title='bbox 1688 1384 1738 1440; x_wconf 79' lang='lat' dir='ltr'>et:</span> <span class='ocrx_word' id='word_1_153' title='bbox 1764 1364 1896 1438; x_wconf 88' lang='lat' dir='ltr'>Coram</span> <span class='ocrx_word' id='word_1_154' title='bbox 1916 1367 1994 1439; x_wconf 89' lang='lat' dir='ltr'>Deo</span> <span class='ocrx_word' id='word_1_155' title='bbox 2011 1385 2131 1442; x_wconf 78' lang='lat' dir='ltr'>nouat</span> 
     </span>
     <span class='ocr_line' id='line_1_13' title="bbox 135 1467 1602 1565; baseline -0.017 -3"><span class='ocrx_word' id='word_1_156' title='bbox 135 1492 338 1565; x_wconf 84' lang='lat' dir='ltr'>adolescens</span> <span class='ocrx_word' id='word_1_157' title='bbox 378 1491 524 1549; x_wconf 86' lang='lat' dir='ltr'>vocatur</span> <span class='ocrx_word' id='word_1_158' title='bbox 555 1476 602 1544; x_wconf 91' lang='lat' dir='ltr'>ad</span> <span class='ocrx_word' id='word_1_159' title='bbox 643 1471 879 1555; x_wconf 80' lang='lat' dir='ltr'>ministerium</span> <span class='ocrx_word' id='word_1_160' title='bbox 911 1467 1119 1561; x_wconf 70' lang='lat' dir='ltr'>&#39;Evangelii</span> <span class='ocrx_word' id='word_1_161' title='bbox 1175 1494 1406 1564; x_wconf 90' lang='lat' dir='ltr'>personarum</span> <span class='ocrx_word' id='word_1_162' title='bbox 1431 1469 1602 1561; x_wconf 88' lang='lat' dir='ltr'>acceptio.</span> 
     </span>
     <span class='ocr_line' id='line_1_14' title="bbox 132 1562 2133 1678; baseline -0.01 -12"><span class='ocrx_word' id='word_1_163' title='bbox 132 1595 212 1667; x_wconf 84' lang='lat' dir='ltr'>Hae</span> <span class='ocrx_word' id='word_1_164' title='bbox 228 1581 536 1678; x_wconf 69' lang='lat' dir='ltr'>interpretationes</span> <span class='ocrx_word' id='word_1_165' title='bbox 558 1572 721 1646; x_wconf 81' lang='lat' dir='ltr'>vocabuli</span> <span class='ocrx_word' id='word_1_166' title='bbox 743 1572 922 1643; x_wconf 74' lang='lat' dir='ltr'>Perfectus</span> <span class='ocrx_word' id='word_1_167' title='bbox 944 1570 1120 1643; x_wconf 85' lang='lat' dir='ltr'>tenendae</span> <span class='ocrx_word' id='word_1_168' title='bbox 1273 1569 1361 1643; x_wconf 85' lang='lat' dir='ltr'>Vult</span> <span class='ocrx_word' id='word_1_169' title='bbox 1378 1585 1503 1643; x_wconf 85' lang='lat' dir='ltr'>¹nutem</span> <span class='ocrx_word' id='word_1_170' title='bbox 1527 1568 1623 1641; x_wconf 87' lang='lat' dir='ltr'>Deus</span> <span class='ocrx_word' id='word_1_171' title='bbox 1646 1571 1691 1640; x_wconf 90' lang='lat' dir='ltr'>de</span> <span class='ocrx_word' id='word_1_172' title='bbox 1712 1562 1875 1643; x_wconf 77' lang='lat' dir='ltr'>Essentia</span> <span class='ocrx_word' id='word_1_173' title='bbox 1898 1586 1935 1644; x_wconf 89' lang='lat' dir='ltr'>et</span> <span class='ocrx_word' id='word_1_174' title='bbox 1963 1572 2133 1646; x_wconf 72' lang='lat' dir='ltr'>voluntate</span> 
     </span>
     <span class='ocr_line' id='line_1_15' title="bbox 136 1670 2135 1775; baseline -0.011 -7"><span class='ocrx_word' id='word_1_175' title='bbox 136 1709 240 1775; x_wconf 85' lang='lat' dir='ltr'>saut,</span> <span class='ocrx_word' id='word_1_176' title='bbox 288 1691 331 1758; x_wconf 92' lang='lat' dir='ltr'>ad</span> <span class='ocrx_word' id='word_1_177' title='bbox 367 1680 553 1754; x_wconf 90' lang='lat' dir='ltr'>refutanda</span> <span class='ocrx_word' id='word_1_178' title='bbox 584 1675 710 1748; x_wconf 90' lang='lat' dir='ltr'>deliria</span> <span class='ocrx_word' id='word_1_179' title='bbox 742 1670 1017 1757; x_wconf 89' lang='lat' dir='ltr'>monachorum,</span> <span class='ocrx_word' id='word_1_180' title='bbox 1058 1670 1120 1763; x_wconf 91' lang='lat' dir='ltr'>qui</span> <span class='ocrx_word' id='word_1_181' title='bbox 1172 1697 1234 1745; x_wconf 90' lang='lat' dir='ltr'>sua</span> <span class='ocrx_word' id='word_1_182' title='bbox 1259 1673 1613 1764; x_wconf 83' lang='lat' dir='ltr'>iudicariexverbo,</span> <span class='ocrx_word' id='word_1_183' title='bbox 1649 1671 1689 1741; x_wconf 88' lang='lat' dir='ltr'>iu</span> <span class='ocrx_word' id='word_1_184' title='bbox 1702 1675 2020 1766; x_wconf 86' lang='lat' dir='ltr'>quosepatefecit.</span> <span class='ocrx_word' id='word_1_185' title='bbox 2069 1677 2135 1748; x_wconf 86' lang='lat' dir='ltr'>Tri·</span> 
     </span>
     <span class='ocr_line' id='line_1_16' title="bbox 137 1770 2173 1890; baseline -0.011 -19"><span class='ocrx_word' id='word_1_186' title='bbox 137 1820 245 1890; x_wconf 89' lang='lat' dir='ltr'>opera</span> <span class='ocrx_word' id='word_1_187' title='bbox 275 1813 349 1861; x_wconf 94' lang='lat' dir='ltr'>non</span> <span class='ocrx_word' id='word_1_188' title='bbox 380 1784 546 1854; x_wconf 83' lang='lat' dir='ltr'>mandata</span> <span class='ocrx_word' id='word_1_189' title='bbox 569 1801 589 1849; x_wconf 93' lang='lat' dir='ltr'>a</span> <span class='ocrx_word' id='word_1_190' title='bbox 611 1774 707 1860; x_wconf 88' lang='lat' dir='ltr'>Deo,</span> <span class='ocrx_word' id='word_1_191' title='bbox 747 1770 1000 1870; x_wconf 61' lang='lat' dir='ltr'>hypocriticam</span> <span class='ocrx_word' id='word_1_192' title='bbox 1033 1794 1124 1865; x_wconf 72' lang='lat' dir='ltr'>pou·</span> <span class='ocrx_word' id='word_1_193' title='bbox 1173 1778 1314 1849; x_wconf 75' lang='lat' dir='ltr'>linenda</span> <span class='ocrx_word' id='word_1_194' title='bbox 1338 1790 1389 1846; x_wconf 89' lang='lat' dir='ltr'>est</span> <span class='ocrx_word' id='word_1_195' title='bbox 1415 1775 1524 1865; x_wconf 71' lang='lat' dir='ltr'>igitur</span> <span class='ocrx_word' id='word_1_196' title='bbox 1544 1776 1575 1844; x_wconf 92' lang='lat' dir='ltr'>ei</span> <span class='ocrx_word' id='word_1_197' title='bbox 1599 1777 1811 1865; x_wconf 87' lang='lat' dir='ltr'>aequalitas,</span> <span class='ocrx_word' id='word_1_198' title='bbox 1835 1775 1929 1847; x_wconf 90' lang='lat' dir='ltr'>sicut</span> <span class='ocrx_word' id='word_1_199' title='bbox 1944 1778 2046 1848; x_wconf 90' lang='lat' dir='ltr'>toties</span> <span class='ocrx_word' id='word_1_200' title='bbox 2060 1781 2136 1850; x_wconf 86' lang='lat' dir='ltr'>affir-</span> <span class='ocrx_word' id='word_1_201' title='bbox 2170 1830 2173 1839; x_wconf 66' lang='grc'><strong>«</strong></span> 
     </span>
     <span class='ocr_line' id='line_1_17' title="bbox 138 1872 1912 1994; baseline -0.01 -25"><span class='ocrx_word' id='word_1_202' title='bbox 138 1911 310 1994; x_wconf 87' lang='lat' dir='ltr'>pertatem</span> <span class='ocrx_word' id='word_1_203' title='bbox 344 1904 378 1959; x_wconf 85' lang='lat' dir='ltr'>et</span> <span class='ocrx_word' id='word_1_204' title='bbox 411 1884 498 1957; x_wconf 83' lang='lat' dir='ltr'>alias</span> <span class='ocrx_word' id='word_1_205' title='bbox 538 1876 740 1974; x_wconf 84' lang='lat' dir='ltr'>hypocrises</span> <span class='ocrx_word' id='word_1_206' title='bbox 779 1877 1011 1948; x_wconf 85' lang='lat' dir='ltr'>nominarunt</span> <span class='ocrx_word' id='word_1_207' title='bbox 1038 1874 1125 1945; x_wconf 86' lang='lat' dir='ltr'>Per·</span> <span class='ocrx_word' id='word_1_208' title='bbox 1175 1892 1265 1949; x_wconf 83' lang='lat' dir='ltr'>mat:</span> <span class='ocrx_word' id='word_1_209' title='bbox 1290 1876 1371 1947; x_wconf 85' lang='lat' dir='ltr'>Non</span> <span class='ocrx_word' id='word_1_210' title='bbox 1388 1893 1436 1950; x_wconf 90' lang='lat' dir='ltr'>est</span> <span class='ocrx_word' id='word_1_211' title='bbox 1453 1879 1491 1946; x_wconf 87' lang='lat' dir='ltr'>in</span> <span class='ocrx_word' id='word_1_212' title='bbox 1507 1874 1582 1947; x_wconf 88' lang='lat' dir='ltr'>Deo</span> <span class='ocrx_word' id='word_1_213' title='bbox 1604 1872 1912 1972; x_wconf 74' lang='grc' dir='ltr'><strong><em>προσωποληψία.</em></strong></span> 
     </span>
     <span class='ocr_line' id='line_1_18' title="bbox 1280 1976 2139 2054; baseline 0.008 -7"><span class='ocrx_word' id='word_1_214' title='bbox 1280 1976 1382 2049; x_wconf 88' lang='lat' dir='ltr'>Hanc</span> <span class='ocrx_word' id='word_1_215' title='bbox 1403 1979 1680 2050; x_wconf 87' lang='lat' dir='ltr'>consolationem</span> <span class='ocrx_word' id='word_1_216' title='bbox 1700 1994 1882 2049; x_wconf 87' lang='lat' dir='ltr'>teneamus</span> <span class='ocrx_word' id='word_1_217' title='bbox 1897 1995 2024 2052; x_wconf 81' lang='lat' dir='ltr'>contra</span> <span class='ocrx_word' id='word_1_218' title='bbox 2046 1996 2139 2054; x_wconf 87' lang='lat' dir='ltr'>tents·</span> 
     </span>
     <span class='ocr_line' id='line_1_19' title="bbox 244 2075 2141 2184; baseline -0.005 -20"><span class='ocrx_word' id='word_1_219' title='bbox 244 2095 383 2184; x_wconf 87' lang='lat' dir='ltr'>Duplex</span> <span class='ocrx_word' id='word_1_220' title='bbox 408 2101 458 2159; x_wconf 88' lang='lat' dir='ltr'>est</span> <span class='ocrx_word' id='word_1_221' title='bbox 482 2098 600 2157; x_wconf 78' lang='lat' dir='ltr'>atatem</span> <span class='ocrx_word' id='word_1_222' title='bbox 622 2080 773 2153; x_wconf 85' lang='lat' dir='ltr'>desertio</span> <span class='ocrx_word' id='word_1_223' title='bbox 795 2080 1018 2152; x_wconf 77' lang='lat' dir='ltr'>facultatum:</span> <span class='ocrx_word' id='word_1_224' title='bbox 1055 2075 1127 2147; x_wconf 82' lang='lat' dir='ltr'>alia</span> <span class='ocrx_word' id='word_1_225' title='bbox 1178 2083 1311 2155; x_wconf 89' lang='lat' dir='ltr'>tionem</span> <span class='ocrx_word' id='word_1_226' title='bbox 1334 2083 1378 2151; x_wconf 87' lang='lat' dir='ltr'>de</span> <span class='ocrx_word' id='word_1_227' title='bbox 1393 2080 1679 2173; x_wconf 82' lang='lat' dir='ltr'>particularitate.</span> <span class='ocrx_word' id='word_1_228' title='bbox 1729 2077 1829 2150; x_wconf 89' lang='lat' dir='ltr'>Duae</span> <span class='ocrx_word' id='word_1_229' title='bbox 1843 2096 1932 2153; x_wconf 81' lang='lat' dir='ltr'>sum</span> <span class='ocrx_word' id='word_1_230' title='bbox 1948 2085 2045 2153; x_wconf 90' lang='lat' dir='ltr'>enim</span> <span class='ocrx_word' id='word_1_231' title='bbox 2060 2109 2141 2175; x_wconf 84' lang='lat' dir='ltr'>prac-</span> 
     </span>
     <span class='ocr_line' id='line_1_20' title="bbox 144 2178 2145 2283; baseline -0.007 -10"><span class='ocrx_word' id='word_1_232' title='bbox 144 2199 337 2276; x_wconf 90' lang='lat' dir='ltr'>necessaria</span> <span class='ocrx_word' id='word_1_233' title='bbox 363 2204 505 2283; x_wconf 89' lang='lat' dir='ltr'>propter</span> <span class='ocrx_word' id='word_1_234' title='bbox 527 2184 784 2258; x_wconf 71' lang='lat' dir='ltr'>consessionem</span> <span class='ocrx_word' id='word_1_235' title='bbox 812 2196 874 2253; x_wconf 79' lang='lat' dir='ltr'>out</span> <span class='ocrx_word' id='word_1_236' title='bbox 894 2181 1128 2252; x_wconf 69' lang='lat' dir='ltr'>vocationem·</span> <span class='ocrx_word' id='word_1_237' title='bbox 1179 2185 1303 2275; x_wconf 83' lang='lat' dir='ltr'>c&#39;ipuae</span> <span class='ocrx_word' id='word_1_238' title='bbox 1317 2182 1547 2265; x_wconf 79' lang='lat' dir='ltr'>tentationes,</span> <span class='ocrx_word' id='word_1_239' title='bbox 1573 2182 1681 2252; x_wconf 88' lang='lat' dir='ltr'>altera</span> <span class='ocrx_word' id='word_1_240' title='bbox 1699 2183 1743 2250; x_wconf 89' lang='lat' dir='ltr'>de</span> <span class='ocrx_word' id='word_1_241' title='bbox 1760 2178 1966 2271; x_wconf 71' lang='lat' dir='ltr'>nignitate,</span> <span class='ocrx_word' id='word_1_242' title='bbox 1991 2187 2094 2256; x_wconf 81' lang='lat' dir='ltr'>altera</span> <span class='ocrx_word' id='word_1_243' title='bbox 2112 2189 2145 2258; x_wconf 84' lang='lat' dir='ltr'>de</span> 
     </span>
     <span class='ocr_line' id='line_1_21' title="bbox 146 2281 2147 2377; baseline -0.008 -1"><span class='ocrx_word' id='word_1_244' title='bbox 146 2306 192 2377; x_wconf 92' lang='lat' dir='ltr'>ln</span> <span class='ocrx_word' id='word_1_245' title='bbox 206 2302 268 2374; x_wconf 83' lang='lat' dir='ltr'>tali</span> <span class='ocrx_word' id='word_1_246' title='bbox 284 2294 481 2368; x_wconf 85' lang='lat' dir='ltr'>desertione</span> <span class='ocrx_word' id='word_1_247' title='bbox 497 2286 699 2359; x_wconf 89' lang='lat' dir='ltr'>obedientia</span> <span class='ocrx_word' id='word_1_248' title='bbox 716 2299 769 2356; x_wconf 89' lang='lat' dir='ltr'>est</span> <span class='ocrx_word' id='word_1_249' title='bbox 786 2304 875 2376; x_wconf 92' lang='lat' dir='ltr'>opus</span> <span class='ocrx_word' id='word_1_250' title='bbox 891 2308 910 2353; x_wconf 91' lang='lat' dir='ltr'>a</span> <span class='ocrx_word' id='word_1_251' title='bbox 925 2284 1004 2355; x_wconf 83' lang='lat' dir='ltr'>Deo</span> <span class='ocrx_word' id='word_1_252' title='bbox 1027 2303 1128 2373; x_wconf 75' lang='lat' dir='ltr'>proe-</span> <span class='ocrx_word' id='word_1_253' title='bbox 1179 2284 1472 2361; x_wconf 87' lang='lat' dir='ltr'>Particularitate.</span> <span class='ocrx_word' id='word_1_254' title='bbox 1523 2281 1683 2353; x_wconf 87' lang='lat' dir='ltr'>Primum</span> <span class='ocrx_word' id='word_1_255' title='bbox 1704 2285 1799 2353; x_wconf 83' lang='lat' dir='ltr'>enim</span> <span class='ocrx_word' id='word_1_256' title='bbox 1815 2285 2038 2371; x_wconf 84' lang='lat' dir='ltr'>trepidamus</span> <span class='ocrx_word' id='word_1_257' title='bbox 2052 2304 2084 2358; x_wconf 89' lang='lat' dir='ltr'>et</span> <span class='ocrx_word' id='word_1_258' title='bbox 2095 2291 2147 2359; x_wconf 85' lang='lat' dir='ltr'>ds·</span> 
     </span>
     <span class='ocr_line' id='line_1_22' title="bbox 147 2384 2149 2497; baseline -0.007 -24"><span class='ocrx_word' id='word_1_259' title='bbox 147 2417 307 2497; x_wconf 78' lang='lat' dir='ltr'>ceptum,</span> <span class='ocrx_word' id='word_1_260' title='bbox 332 2395 486 2477; x_wconf 90' lang='lat' dir='ltr'>scilicet,</span> <span class='ocrx_word' id='word_1_261' title='bbox 510 2389 683 2458; x_wconf 79' lang='lat' dir='ltr'>anteferre</span> <span class='ocrx_word' id='word_1_262' title='bbox 708 2387 960 2476; x_wconf 83' lang='lat' dir='ltr'>professionem</span> <span class='ocrx_word' id='word_1_263' title='bbox 983 2406 1044 2453; x_wconf 77' lang='lat' dir='ltr'>seu</span> <span class='ocrx_word' id='word_1_264' title='bbox 1067 2404 1132 2450; x_wconf 83' lang='lat' dir='ltr'>vo-</span> <span class='ocrx_word' id='word_1_265' title='bbox 1182 2390 1335 2460; x_wconf 86' lang='lat' dir='ltr'>bitamus</span> <span class='ocrx_word' id='word_1_266' title='bbox 1355 2409 1421 2457; x_wconf 89' lang='lat' dir='ltr'>nos</span> <span class='ocrx_word' id='word_1_267' title='bbox 1442 2384 1573 2476; x_wconf 89' lang='lat' dir='ltr'>recipi,</span> <span class='ocrx_word' id='word_1_268' title='bbox 1600 2385 1682 2476; x_wconf 87' lang='lat' dir='ltr'>quia</span> <span class='ocrx_word' id='word_1_269' title='bbox 1701 2406 1822 2454; x_wconf 86' lang='lat' dir='ltr'>sumus</span> <span class='ocrx_word' id='word_1_270' title='bbox 1847 2385 2014 2478; x_wconf 76' lang='lat' dir='ltr'>indigui,</span> <span class='ocrx_word' id='word_1_271' title='bbox 2038 2405 2074 2462; x_wconf 94' lang='lat' dir='ltr'>et</span> <span class='ocrx_word' id='word_1_272' title='bbox 2090 2414 2149 2461; x_wconf 84' lang='lat' dir='ltr'>eer-</span> 
     </span>
     <span class='ocr_line' id='line_1_23' title="bbox 150 2485 2149 2585; baseline -0.009 -6"><span class='ocrx_word' id='word_1_273' title='bbox 150 2509 324 2580; x_wconf 87' lang='lat' dir='ltr'>cationem</span> <span class='ocrx_word' id='word_1_274' title='bbox 347 2498 488 2565; x_wconf 87' lang='lat' dir='ltr'>vitaeet</span> <span class='ocrx_word' id='word_1_275' title='bbox 509 2489 743 2560; x_wconf 89' lang='lat' dir='ltr'>facultatibus.</span> <span class='ocrx_word' id='word_1_276' title='bbox 795 2485 1050 2577; x_wconf 83' lang='lat' dir='ltr'>ldeoestopus</span> <span class='ocrx_word' id='word_1_277' title='bbox 1067 2485 1133 2553; x_wconf 90' lang='lat' dir='ltr'>bo-</span> <span class='ocrx_word' id='word_1_278' title='bbox 1183 2492 1478 2578; x_wconf 69' lang='lat' dir='ltr'>nimusmagnam</span> <span class='ocrx_word' id='word_1_279' title='bbox 1497 2500 1719 2578; x_wconf 81' lang='lat' dir='ltr'>peccatorum</span> <span class='ocrx_word' id='word_1_280' title='bbox 1733 2489 1878 2577; x_wconf 85' lang='lat' dir='ltr'>molem,</span> <span class='ocrx_word' id='word_1_281' title='bbox 1892 2492 2149 2585; x_wconf 74' lang='lat' dir='ltr'>adversusque</span> 
     </span>
     <span class='ocr_line' id='line_1_24' title="bbox 150 2584 2151 2680; baseline -0.009 0"><span class='ocrx_word' id='word_1_282' title='bbox 150 2631 239 2680; x_wconf 88' lang='lat' dir='ltr'>num</span> <span class='ocrx_word' id='word_1_283' title='bbox 255 2618 287 2672; x_wconf 90' lang='lat' dir='ltr'>et</span> <span class='ocrx_word' id='word_1_284' title='bbox 302 2599 418 2670; x_wconf 85' lang='lat' dir='ltr'>cultus</span> <span class='ocrx_word' id='word_1_285' title='bbox 433 2594 505 2666; x_wconf 90' lang='lat' dir='ltr'>Dei</span> <span class='ocrx_word' id='word_1_286' title='bbox 523 2593 560 2660; x_wconf 92' lang='lat' dir='ltr'>in</span> <span class='ocrx_word' id='word_1_287' title='bbox 576 2592 750 2662; x_wconf 86' lang='lat' dir='ltr'>credente.</span> <span class='ocrx_word' id='word_1_288' title='bbox 802 2585 885 2658; x_wconf 77' lang='lat' dir='ltr'>Atia</span> <span class='ocrx_word' id='word_1_289' title='bbox 908 2600 959 2657; x_wconf 90' lang='lat' dir='ltr'>est</span> <span class='ocrx_word' id='word_1_290' title='bbox 979 2584 1132 2654; x_wconf 88' lang='lat' dir='ltr'>desertio</span> <span class='ocrx_word' id='word_1_291' title='bbox 1183 2595 1236 2663; x_wconf 91' lang='lat' dir='ltr'>ira</span> <span class='ocrx_word' id='word_1_292' title='bbox 1255 2588 1321 2661; x_wconf 78' lang='lat' dir='ltr'>liei</span> <span class='ocrx_word' id='word_1_293' title='bbox 1339 2591 1379 2659; x_wconf 89' lang='lat' dir='ltr'>in</span> <span class='ocrx_word' id='word_1_294' title='bbox 1394 2590 1471 2677; x_wconf 66' lang='lat' dir='ltr'>lege</span> <span class='ocrx_word' id='word_1_295' title='bbox 1484 2587 1676 2659; x_wconf 86' lang='lat' dir='ltr'>certissime</span> <span class='ocrx_word' id='word_1_296' title='bbox 1698 2588 1961 2676; x_wconf 85' lang='lat' dir='ltr'>denunciatur,</span> <span class='ocrx_word' id='word_1_297' title='bbox 1996 2595 2089 2664; x_wconf 83' lang='lat' dir='ltr'>iuxta</span> <span class='ocrx_word' id='word_1_298' title='bbox 2108 2594 2151 2664; x_wconf 91' lang='lat' dir='ltr'>di·</span> 
     </span>
     <span class='ocr_line' id='line_1_25' title="bbox 151 2687 2152 2784; baseline -0.011 -8"><span class='ocrx_word' id='word_1_299' title='bbox 151 2732 226 2781; x_wconf 86' lang='lat' dir='ltr'>non</span> <span class='ocrx_word' id='word_1_300' title='bbox 243 2697 455 2782; x_wconf 87' lang='lat' dir='ltr'>necessaria,</span> <span class='ocrx_word' id='word_1_301' title='bbox 482 2690 549 2765; x_wconf 92' lang='lat' dir='ltr'>boc</span> <span class='ocrx_word' id='word_1_302' title='bbox 562 2704 633 2775; x_wconf 89' lang='lat' dir='ltr'>est,</span> <span class='ocrx_word' id='word_1_303' title='bbox 654 2714 745 2784; x_wconf 88' lang='lat' dir='ltr'>quae</span> <span class='ocrx_word' id='word_1_304' title='bbox 760 2713 875 2782; x_wconf 89' lang='lat' dir='ltr'>neque</span> <span class='ocrx_word' id='word_1_305' title='bbox 893 2701 1036 2780; x_wconf 91' lang='lat' dir='ltr'>propter</span> <span class='ocrx_word' id='word_1_306' title='bbox 1048 2710 1134 2757; x_wconf 89' lang='lat' dir='ltr'>con-</span> <span class='ocrx_word' id='word_1_307' title='bbox 1186 2708 1297 2765; x_wconf 69' lang='lat' dir='ltr'>crum:</span> <span class='ocrx_word' id='word_1_308' title='bbox 1324 2695 1421 2769; x_wconf 82' lang='lat' dir='ltr'>Deus</span> <span class='ocrx_word' id='word_1_309' title='bbox 1435 2689 1752 2778; x_wconf 75' lang='lat' dir='ltr'>ignisconmmens</span> <span class='ocrx_word' id='word_1_310' title='bbox 1764 2703 1828 2763; x_wconf 80' lang='lat' dir='ltr'>est.</span> <span class='ocrx_word' id='word_1_311' title='bbox 1878 2687 2152 2765; x_wconf 64' lang='lat' dir='ltr'>Advermhm</span> 
     </span>
     <span class='ocr_line' id='line_1_26' title="bbox 152 2787 2153 2891; baseline -0.009 -9"><span class='ocrx_word' id='word_1_312' title='bbox 152 2809 360 2885; x_wconf 87' lang='lat' dir='ltr'>fessionem,</span> <span class='ocrx_word' id='word_1_313' title='bbox 396 2819 511 2891; x_wconf 89' lang='lat' dir='ltr'>neque</span> <span class='ocrx_word' id='word_1_314' title='bbox 532 2806 677 2887; x_wconf 87' lang='lat' dir='ltr'>propter</span> <span class='ocrx_word' id='word_1_315' title='bbox 697 2793 916 2863; x_wconf 84' lang='lat' dir='ltr'>vocationem</span> <span class='ocrx_word' id='word_1_316' title='bbox 938 2790 998 2873; x_wconf 89' lang='lat' dir='ltr'>tit,</span> <span class='ocrx_word' id='word_1_317' title='bbox 1022 2787 1136 2881; x_wconf 68' lang='lat' dir='ltr'>qualis</span> <span class='ocrx_word' id='word_1_318' title='bbox 1187 2795 1416 2867; x_wconf 87' lang='lat' dir='ltr'>tentationem</span> <span class='ocrx_word' id='word_1_319' title='bbox 1431 2792 1644 2884; x_wconf 87' lang='lat' dir='ltr'>opponenda</span> <span class='ocrx_word' id='word_1_320' title='bbox 1658 2805 1710 2864; x_wconf 89' lang='lat' dir='ltr'>est</span> <span class='ocrx_word' id='word_1_321' title='bbox 1726 2790 1899 2883; x_wconf 84' lang='lat' dir='ltr'>particula</span> <span class='ocrx_word' id='word_1_322' title='bbox 1910 2791 2061 2872; x_wconf 79' lang='lat' dir='ltr'>Gratis.</span> <span class='ocrx_word' id='word_1_323' title='bbox 2086 2795 2153 2869; x_wconf 86' lang='lat' dir='ltr'>lten</span> 
     </span>
     <span class='ocr_line' id='line_1_27' title="bbox 118 2888 2136 3003; baseline -0.005 -19"><span class='ocrx_word' id='word_1_324' title='bbox 118 2930 124 2948; x_wconf 89' lang='lat'><strong><em>¹</em></strong></span> <span class='ocrx_word' id='word_1_325' title='bbox 154 2927 206 2983; x_wconf 93' lang='lat' dir='ltr'>est</span> <span class='ocrx_word' id='word_1_326' title='bbox 236 2907 359 3003; x_wconf 91' lang='lat' dir='ltr'>cynica</span> <span class='ocrx_word' id='word_1_327' title='bbox 390 2899 542 2970; x_wconf 88' lang='lat' dir='ltr'>desertio</span> <span class='ocrx_word' id='word_1_328' title='bbox 569 2893 798 2974; x_wconf 77' lang='lat' dir='ltr'>facultatum,</span> <span class='ocrx_word' id='word_1_329' title='bbox 840 2908 880 2965; x_wconf 79' lang='lat' dir='ltr'>ul</span> <span class='ocrx_word' id='word_1_330' title='bbox 910 2916 991 2962; x_wconf 78' lang='lat' dir='ltr'>tom</span> <span class='ocrx_word' id='word_1_331' title='bbox 1015 2888 1137 2960; x_wconf 65' lang='lat'>&amp;³1⁸⁸</span> <span class='ocrx_word' id='word_1_332' title='bbox 1188 2894 1274 2967; x_wconf 90' lang='lat' dir='ltr'>baec</span> <span class='ocrx_word' id='word_1_333' title='bbox 1288 2892 1477 2967; x_wconf 88' lang='lat' dir='ltr'>sententia:</span> <span class='ocrx_word' id='word_1_334' title='bbox 1505 2889 1632 2964; x_wconf 88' lang='lat' dir='ltr'>Gratia</span> <span class='ocrx_word' id='word_1_335' title='bbox 1648 2893 1815 2964; x_wconf 85' lang='lat' dir='ltr'>exuberat</span> <span class='ocrx_word' id='word_1_336' title='bbox 1830 2920 1940 2991; x_wconf 87' lang='lat' dir='ltr'>snpra</span> <span class='ocrx_word' id='word_1_337' title='bbox 1959 2913 2136 2991; x_wconf 81' lang='lat' dir='ltr'>peccatum.</span> 
     </span>
     <span class='ocr_line' id='line_1_28' title="bbox 157 2992 2155 3102; baseline -0.016 -18"><span class='ocrx_word' id='word_1_338' title='bbox 157 3036 237 3086; x_wconf 75' lang='lat' dir='ltr'>siras</span> <span class='ocrx_word' id='word_1_339' title='bbox 253 3004 486 3102; x_wconf 88' lang='lat' dir='ltr'>possessiones</span> <span class='ocrx_word' id='word_1_340' title='bbox 506 2997 669 3092; x_wconf 86' lang='lat' dir='ltr'>reliquit,</span> <span class='ocrx_word' id='word_1_341' title='bbox 696 3019 741 3063; x_wconf 90' lang='lat' dir='ltr'>ne</span> <span class='ocrx_word' id='word_1_342' title='bbox 762 2994 994 3085; x_wconf 89' lang='lat' dir='ltr'>impediretur</span> <span class='ocrx_word' id='word_1_343' title='bbox 1015 2992 1053 3060; x_wconf 91' lang='lat' dir='ltr'>in</span> <span class='ocrx_word' id='word_1_344' title='bbox 1074 3012 1137 3060; x_wconf 91' lang='lat' dir='ltr'>sua</span> <span class='ocrx_word' id='word_1_345' title='bbox 1290 2995 1372 3069; x_wconf 66' lang='lat' dir='ltr'>Etsi</span> <span class='ocrx_word' id='word_1_346' title='bbox 1385 2995 1671 3067; x_wconf 65' lang='lat' dir='ltr'>sutemdiffieite</span> <span class='ocrx_word' id='word_1_347' title='bbox 1686 3009 1737 3067; x_wconf 67' lang='lat'>221</span> <span class='ocrx_word' id='word_1_348' title='bbox 1752 2995 1898 3073; x_wconf 55' lang='lat' dir='ltr'>elutum</span> <span class='ocrx_word' id='word_1_349' title='bbox 1918 3026 1964 3072; x_wconf 58' lang='lat' dir='ltr'>ex</span> <span class='ocrx_word' id='word_1_350' title='bbox 1980 2998 2050 3071; x_wconf 62' lang='lat' dir='ltr'>tm</span> <span class='ocrx_word' id='word_1_351' title='bbox 2063 3014 2155 3072; x_wconf 57' lang='lat' dir='ltr'>penu.</span> 
     </span>
     <span class='ocr_line' id='line_1_29' title="bbox 156 3091 2157 3211; baseline -0.013 -25"><span class='ocrx_word' id='word_1_352' title='bbox 156 3114 279 3211; x_wconf 88' lang='lat' dir='ltr'>cynica</span> <span class='ocrx_word' id='word_1_353' title='bbox 310 3097 554 3199; x_wconf 83' lang='lat' dir='ltr'>philosophia,</span> <span class='ocrx_word' id='word_1_354' title='bbox 602 3097 665 3192; x_wconf 81' lang='lat' dir='ltr'>qui</span> <span class='ocrx_word' id='word_1_355' title='bbox 691 3109 808 3186; x_wconf 72' lang='lat' dir='ltr'>posteo</span> <span class='ocrx_word' id='word_1_356' title='bbox 831 3120 904 3166; x_wconf 88' lang='lat' dir='ltr'>non</span> <span class='ocrx_word' id='word_1_357' title='bbox 923 3109 1067 3165; x_wconf 86' lang='lat' dir='ltr'>vocatus</span> <span class='ocrx_word' id='word_1_358' title='bbox 1094 3091 1138 3158; x_wconf 70' lang='lat' dir='ltr'>Ml</span> <span class='ocrx_word' id='word_1_359' title='bbox 1192 3102 1441 3184; x_wconf 86' lang='lat' dir='ltr'>tioue‚tamen</span> <span class='ocrx_word' id='word_1_360' title='bbox 1457 3097 1565 3168; x_wconf 89' lang='lat' dir='ltr'>altera</span> <span class='ocrx_word' id='word_1_361' title='bbox 1578 3095 1728 3168; x_wconf 88' lang='lat' dir='ltr'>tentatio</span> <span class='ocrx_word' id='word_1_362' title='bbox 1741 3097 1786 3166; x_wconf 92' lang='lat' dir='ltr'>de</span> <span class='ocrx_word' id='word_1_363' title='bbox 1803 3102 2157 3189; x_wconf 68' lang='lat' dir='ltr'>particularitatem.</span> 
     </span>
     <span class='ocr_line' id='line_1_30' title="bbox 156 3191 2157 3311; baseline -0.014 -28"><span class='ocrx_word' id='word_1_364' title='bbox 156 3231 387 3311; x_wconf 87' lang='lat' dir='ltr'>quaecunque</span> <span class='ocrx_word' id='word_1_365' title='bbox 413 3202 577 3274; x_wconf 77' lang='lat' dir='ltr'>convicia</span> <span class='ocrx_word' id='word_1_366' title='bbox 605 3199 802 3271; x_wconf 84' lang='lat' dir='ltr'>accedebat.</span> <span class='ocrx_word' id='word_1_367' title='bbox 858 3195 956 3268; x_wconf 86' lang='lat' dir='ltr'>Haec</span> <span class='ocrx_word' id='word_1_368' title='bbox 989 3191 1141 3263; x_wconf 88' lang='lat' dir='ltr'>desertio</span> <span class='ocrx_word' id='word_1_369' title='bbox 1193 3227 1251 3273; x_wconf 61' lang='lat' dir='ltr'>,us</span> <span class='ocrx_word' id='word_1_370' title='bbox 1275 3201 1412 3272; x_wconf 66' lang='lat' dir='ltr'>duriter</span> <span class='ocrx_word' id='word_1_371' title='bbox 1439 3198 1615 3269; x_wconf 60' lang='lat' dir='ltr'>exercicia</span> <span class='ocrx_word' id='word_1_372' title='bbox 1644 3201 1823 3287; x_wconf 67' lang='lat' dir='ltr'>animum,</span> <span class='ocrx_word' id='word_1_373' title='bbox 1853 3231 1958 3290; x_wconf 50' lang='lat' dir='ltr'>cum,</span> <span class='ocrx_word' id='word_1_374' title='bbox 2001 3207 2157 3288; x_wconf 50' lang='lat' dir='ltr'>videm,</span> 
     </span>
     <span class='ocr_line' id='line_1_31' title="bbox 157 3293 2158 3398; baseline -0.005 -9"><span class='ocrx_word' id='word_1_375' title='bbox 157 3340 232 3388; x_wconf 86' lang='lat' dir='ltr'>nou</span> <span class='ocrx_word' id='word_1_376' title='bbox 259 3326 309 3383; x_wconf 87' lang='lat' dir='ltr'>est</span> <span class='ocrx_word' id='word_1_377' title='bbox 334 3333 423 3398; x_wconf 93' lang='lat' dir='ltr'>opus</span> <span class='ocrx_word' id='word_1_378' title='bbox 446 3308 601 3386; x_wconf 90' lang='lat' dir='ltr'>bonum,</span> <span class='ocrx_word' id='word_1_379' title='bbox 628 3314 662 3370; x_wconf 93' lang='lat' dir='ltr'>et</span> <span class='ocrx_word' id='word_1_380' title='bbox 685 3323 764 3368; x_wconf 92' lang='lat' dir='ltr'>cum</span> <span class='ocrx_word' id='word_1_381' title='bbox 784 3299 918 3369; x_wconf 89' lang='lat' dir='ltr'>accedit</span> <span class='ocrx_word' id='word_1_382' title='bbox 937 3293 1142 3388; x_wconf 84' lang='lat' dir='ltr'>superstitio</span> <span class='ocrx_word' id='word_1_383' title='bbox 1194 3306 1414 3394; x_wconf 64' lang='lat' dir='ltr'>disputamus</span> <span class='ocrx_word' id='word_1_384' title='bbox 1443 3323 1489 3368; x_wconf 89' lang='lat' dir='ltr'>an</span> <span class='ocrx_word' id='word_1_385' title='bbox 1510 3299 1620 3370; x_wconf 88' lang='lat' dir='ltr'>simus</span> <span class='ocrx_word' id='word_1_386' title='bbox 1645 3301 1683 3369; x_wconf 93' lang='lat' dir='ltr'>in</span> <span class='ocrx_word' id='word_1_387' title='bbox 1707 3323 1858 3377; x_wconf 84' lang='lat' dir='ltr'>numero</span> <span class='ocrx_word' id='word_1_388' title='bbox 1889 3308 2104 3392; x_wconf 87' lang='lat' dir='ltr'>electorum,</span> <span class='ocrx_word' id='word_1_389' title='bbox 2134 3323 2158 3379; x_wconf 88' lang='lat' dir='ltr'>et</span> 
     </span>
     <span class='ocr_line' id='line_1_32' title="bbox 71 3396 2158 3503; baseline -0.004 -14"><span class='ocrx_word' id='word_1_390' title='bbox 71 3420 81 3434; x_wconf 87' lang='lat'>&#39;</span> <span class='ocrx_word' id='word_1_391' title='bbox 159 3432 222 3491; x_wconf 91' lang='lat' dir='ltr'>aut</span> <span class='ocrx_word' id='word_1_392' title='bbox 242 3411 415 3503; x_wconf 89' lang='lat' dir='ltr'>captatio,</span> <span class='ocrx_word' id='word_1_393' title='bbox 441 3418 619 3497; x_wconf 85' lang='lat' dir='ltr'>peccatum</span> <span class='ocrx_word' id='word_1_394' title='bbox 645 3414 708 3472; x_wconf 68' lang='lat' dir='ltr'>eol·</span> <span class='ocrx_word' id='word_1_395' title='bbox 1197 3403 1340 3497; x_wconf 89' lang='lat' dir='ltr'>plurimi</span> <span class='ocrx_word' id='word_1_396' title='bbox 1369 3404 1405 3471; x_wconf 95' lang='lat' dir='ltr'>in</span> <span class='ocrx_word' id='word_1_397' title='bbox 1430 3396 1496 3471; x_wconf 88' lang='lat' dir='ltr'>bac</span> <span class='ocrx_word' id='word_1_398' title='bbox 1520 3400 1595 3492; x_wconf 84' lang='lat' dir='ltr'>ipsa</span> <span class='ocrx_word' id='word_1_399' title='bbox 1619 3402 1842 3477; x_wconf 85' lang='lat' dir='ltr'>dubitatione</span> <span class='ocrx_word' id='word_1_400' title='bbox 1867 3409 1962 3481; x_wconf 86' lang='lat' dir='ltr'>bunt</span> <span class='ocrx_word' id='word_1_401' title='bbox 1981 3410 2158 3501; x_wconf 71' lang='lat' dir='ltr'>languidio-</span> 
     </span>
     <span class='ocr_line' id='line_1_33' title="bbox 265 3497 2160 3594; baseline -0.002 -10"><span class='ocrx_word' id='word_1_402' title='bbox 265 3514 306 3584; x_wconf 93' lang='lat' dir='ltr'>ln</span> <span class='ocrx_word' id='word_1_403' title='bbox 338 3512 461 3579; x_wconf 87' lang='lat' dir='ltr'>eodem</span> <span class='ocrx_word' id='word_1_404' title='bbox 490 3505 603 3594; x_wconf 88' lang='lat' dir='ltr'>eapite</span> <span class='ocrx_word' id='word_1_405' title='bbox 634 3501 773 3594; x_wconf 91' lang='lat' dir='ltr'>inquit:</span> <span class='ocrx_word' id='word_1_406' title='bbox 808 3497 933 3573; x_wconf 89' lang='lat' dir='ltr'>Coram</span> <span class='ocrx_word' id='word_1_407' title='bbox 962 3497 1039 3570; x_wconf 77' lang='lat' dir='ltr'>Deo</span> <span class='ocrx_word' id='word_1_408' title='bbox 1070 3521 1145 3566; x_wconf 92' lang='lat' dir='ltr'>non</span> <span class='ocrx_word' id='word_1_409' title='bbox 1196 3530 1263 3579; x_wconf 85' lang='lat' dir='ltr'>res.</span> <span class='ocrx_word' id='word_1_410' title='bbox 1316 3502 1413 3590; x_wconf 89' lang='lat' dir='ltr'>Quid</span> <span class='ocrx_word' id='word_1_411' title='bbox 1437 3503 1597 3585; x_wconf 84' lang='lat' dir='ltr'>laboras,</span> <span class='ocrx_word' id='word_1_412' title='bbox 1627 3502 1658 3574; x_wconf 90' lang='lat' dir='ltr'>si</span> <span class='ocrx_word' id='word_1_413' title='bbox 1674 3527 1747 3573; x_wconf 92' lang='lat' dir='ltr'>non</span> <span class='ocrx_word' id='word_1_414' title='bbox 1761 3530 1798 3576; x_wconf 87' lang='lat' dir='ltr'>es</span> <span class='ocrx_word' id='word_1_415' title='bbox 1814 3509 1852 3578; x_wconf 91' lang='lat' dir='ltr'>in</span> <span class='ocrx_word' id='word_1_416' title='bbox 1877 3536 2033 3582; x_wconf 83' lang='lat' dir='ltr'>nctmero</span> <span class='ocrx_word' id='word_1_417' title='bbox 2057 3516 2160 3584; x_wconf 88' lang='lat' dir='ltr'>electo·</span> 
     </span>
     <span class='ocr_line' id='line_1_34' title="bbox 163 3597 2161 3708; baseline -0.005 -18"><span class='ocrx_word' id='word_1_418' title='bbox 163 3633 215 3691; x_wconf 93' lang='lat' dir='ltr'>est</span> <span class='ocrx_word' id='word_1_419' title='bbox 242 3612 396 3703; x_wconf 89' lang='lat' dir='ltr'>acceptio</span> <span class='ocrx_word' id='word_1_420' title='bbox 421 3627 669 3700; x_wconf 84' lang='lat' dir='ltr'>personarum,</span> <span class='ocrx_word' id='word_1_421' title='bbox 696 3625 801 3694; x_wconf 88' lang='lat' dir='ltr'>quam</span> <span class='ocrx_word' id='word_1_422' title='bbox 825 3602 987 3672; x_wconf 89' lang='lat' dir='ltr'>nominat</span> <span class='ocrx_word' id='word_1_423' title='bbox 1011 3597 1145 3669; x_wconf 89' lang='lat' dir='ltr'>Graeca</span> <span class='ocrx_word' id='word_1_424' title='bbox 1198 3633 1288 3680; x_wconf 85' lang='lat' dir='ltr'>rum.</span> <span class='ocrx_word' id='word_1_425' title='bbox 1337 3603 1728 3675; x_wconf 84' lang='lat' dir='ltr'>Huiccousternationi</span> <span class='ocrx_word' id='word_1_426' title='bbox 1751 3609 1977 3683; x_wconf 84' lang='lat' dir='ltr'>tristissimae</span> <span class='ocrx_word' id='word_1_427' title='bbox 2001 3637 2161 3708; x_wconf 84' lang='lat' dir='ltr'>opponan-</span> 
     </span>
     <span class='ocr_line' id='line_1_35' title="bbox 164 3698 2162 3809; baseline -0.006 -21"><span class='ocrx_word' id='word_1_428' title='bbox 164 3715 420 3809; x_wconf 89' lang='lat' dir='ltr'>compositione</span> <span class='ocrx_word' id='word_1_429' title='bbox 446 3698 774 3804; x_wconf 79' lang='grc' dir='ltr'><em>προσωποληῳίαν.</em></span> <span class='ocrx_word' id='word_1_430' title='bbox 821 3698 892 3773; x_wconf 78' lang='lat' dir='ltr'>llst</span> <span class='ocrx_word' id='word_1_431' title='bbox 909 3717 1025 3774; x_wconf 89' lang='lat' dir='ltr'>autem</span> <span class='ocrx_word' id='word_1_432' title='bbox 1043 3724 1147 3771; x_wconf 86' lang='lat' dir='ltr'>voca·</span> <span class='ocrx_word' id='word_1_433' title='bbox 1199 3725 1258 3782; x_wconf 84' lang='lat' dir='ltr'>tur</span> <span class='ocrx_word' id='word_1_434' title='bbox 1280 3706 1530 3800; x_wconf 84' lang='lat' dir='ltr'>promissiones</span> <span class='ocrx_word' id='word_1_435' title='bbox 1550 3705 1783 3794; x_wconf 87' lang='lat' dir='ltr'>universales,</span> <span class='ocrx_word' id='word_1_436' title='bbox 1812 3728 1847 3783; x_wconf 81' lang='lat' dir='ltr'>et</span> <span class='ocrx_word' id='word_1_437' title='bbox 1867 3719 2081 3786; x_wconf 66' lang='lat' dir='ltr'>mandatum</span> <span class='ocrx_word' id='word_1_438' title='bbox 2103 3716 2162 3784; x_wconf 79' lang='lat' dir='ltr'>nui.</span> 
     </span>
     <span class='ocr_line' id='line_1_36' title="bbox 165 3799 2163 3898; baseline -0.005 -5"><span class='ocrx_word' id='word_1_439' title='bbox 165 3823 290 3895; x_wconf 86' lang='lat' dir='ltr'>bulum</span> <span class='ocrx_word' id='word_1_440' title='bbox 307 3841 347 3885; x_wconf 83' lang='lat' dir='ltr'>ex</span> <span class='ocrx_word' id='word_1_441' title='bbox 361 3812 524 3883; x_wconf 89' lang='lat' dir='ltr'>Hebraeo</span> <span class='ocrx_word' id='word_1_442' title='bbox 539 3810 669 3878; x_wconf 87' lang='lat' dir='ltr'>factum</span> <span class='ocrx_word' id='word_1_443' title='bbox 680 3804 951 3874; x_wconf 89' lang='lat' dir='ltr'>Deuteronomii</span> <span class='ocrx_word' id='word_1_444' title='bbox 969 3803 1045 3874; x_wconf 71' lang='grc' dir='ltr'>1οη</span> <span class='ocrx_word' id='word_1_445' title='bbox 1074 3799 1149 3872; x_wconf 90' lang='lat' dir='ltr'>Do·</span> <span class='ocrx_word' id='word_1_446' title='bbox 1201 3811 1334 3881; x_wconf 79' lang='lat' dir='ltr'>cersale</span> <span class='ocrx_word' id='word_1_447' title='bbox 1349 3823 1383 3880; x_wconf 90' lang='lat' dir='ltr'>et</span> <span class='ocrx_word' id='word_1_448' title='bbox 1396 3832 1592 3893; x_wconf 88' lang='lat' dir='ltr'>summum,</span> <span class='ocrx_word' id='word_1_449' title='bbox 1624 3820 1663 3877; x_wconf 90' lang='lat' dir='ltr'>ut</span> <span class='ocrx_word' id='word_1_450' title='bbox 1681 3811 1867 3885; x_wconf 83' lang='lat' dir='ltr'>audiamus</span> <span class='ocrx_word' id='word_1_451' title='bbox 1888 3817 2028 3898; x_wconf 86' lang='lat' dir='ltr'>filium,</span> <span class='ocrx_word' id='word_1_452' title='bbox 2053 3835 2086 3890; x_wconf 89' lang='lat' dir='ltr'>et</span> <span class='ocrx_word' id='word_1_453' title='bbox 2101 3815 2163 3887; x_wconf 83' lang='lat' dir='ltr'>hacc</span> 
     </span>
     <span class='ocr_line' id='line_1_37' title="bbox 166 3902 2164 4015; baseline -0.005 -20"><span class='ocrx_word' id='word_1_454' title='bbox 166 3925 285 3995; x_wconf 83' lang='lat' dir='ltr'>minus</span> <span class='ocrx_word' id='word_1_455' title='bbox 303 3919 405 3989; x_wconf 91' lang='lat' dir='ltr'>Deus</span> <span class='ocrx_word' id='word_1_456' title='bbox 427 3926 540 3982; x_wconf 84' lang='lat' dir='ltr'>vester</span> <span class='ocrx_word' id='word_1_457' title='bbox 562 3930 749 4001; x_wconf 83' lang='lat' dir='ltr'>personam</span> <span class='ocrx_word' id='word_1_458' title='bbox 775 3930 849 3975; x_wconf 92' lang='lat' dir='ltr'>non</span> <span class='ocrx_word' id='word_1_459' title='bbox 870 3907 1005 3996; x_wconf 87' lang='lat' dir='ltr'>accipit.</span> <span class='ocrx_word' id='word_1_460' title='bbox 1056 3902 1149 3973; x_wconf 73' lang='lat' dir='ltr'>lle-</span> <span class='ocrx_word' id='word_1_461' title='bbox 1202 3915 1293 3982; x_wconf 91' lang='lat' dir='ltr'>dicta</span> <span class='ocrx_word' id='word_1_462' title='bbox 1308 3913 1352 3981; x_wconf 89' lang='lat' dir='ltr'>de</span> <span class='ocrx_word' id='word_1_463' title='bbox 1368 3909 1577 4003; x_wconf 88' lang='lat' dir='ltr'>aequalitate</span> <span class='ocrx_word' id='word_1_464' title='bbox 1594 3908 1678 3978; x_wconf 89' lang='lat' dir='ltr'>Dei:</span> <span class='ocrx_word' id='word_1_465' title='bbox 1707 3909 1787 3982; x_wconf 88' lang='lat' dir='ltr'>Non</span> <span class='ocrx_word' id='word_1_466' title='bbox 1810 3931 1863 3989; x_wconf 90' lang='lat' dir='ltr'>est</span> <span class='ocrx_word' id='word_1_467' title='bbox 1887 3913 2164 4015; x_wconf 74' lang='lat' dir='ltr'>upooomolqpic</span> 
     </span>
     <span class='ocr_line' id='line_1_38' title="bbox 166 4006 2072 4100; baseline -0.017 -3"><span class='ocrx_word' id='word_1_468' title='bbox 166 4018 452 4100; x_wconf 82' lang='lat' dir='ltr'>braice&#39;faciem‚</span> <span class='ocrx_word' id='word_1_469' title='bbox 491 4006 559 4081; x_wconf 91' lang='lat' dir='ltr'>hoc</span> <span class='ocrx_word' id='word_1_470' title='bbox 582 4025 655 4093; x_wconf 90' lang='lat' dir='ltr'>est,</span> <span class='ocrx_word' id='word_1_471' title='bbox 694 4023 872 4077; x_wconf 84' lang='lat' dir='ltr'>externam</span> <span class='ocrx_word' id='word_1_472' title='bbox 901 4008 1051 4099; x_wconf 86' lang='lat' dir='ltr'>speciem</span> <span class='ocrx_word' id='word_1_473' title='bbox 1076 4027 1150 4076; x_wconf 90' lang='lat' dir='ltr'>non</span> <span class='ocrx_word' id='word_1_474' title='bbox 1202 4016 1241 4085; x_wconf 74' lang='lat' dir='ltr'>in</span> <span class='ocrx_word' id='word_1_475' title='bbox 1264 4013 1352 4086; x_wconf 61' lang='lat' dir='ltr'>Deo,</span> <span class='ocrx_word' id='word_1_476' title='bbox 2064 4034 2072 4047; x_wconf 92' lang='lat'><strong>·</strong></span> 
     </span>
     <span class='ocr_line' id='line_1_39' title="bbox 167 4109 2168 4206; baseline -0.003 -7"><span class='ocrx_word' id='word_1_477' title='bbox 167 4126 318 4199; x_wconf 81' lang='lat' dir='ltr'>antefert</span> <span class='ocrx_word' id='word_1_478' title='bbox 334 4140 468 4191; x_wconf 86' lang='lat' dir='ltr'>causae.</span> <span class='ocrx_word' id='word_1_479' title='bbox 519 4111 703 4198; x_wconf 74' lang='lat' dir='ltr'>Significat</span> <span class='ocrx_word' id='word_1_480' title='bbox 725 4109 820 4177; x_wconf 91' lang='lat' dir='ltr'>enim</span> <span class='ocrx_word' id='word_1_481' title='bbox 837 4112 999 4181; x_wconf 85' lang='lat' dir='ltr'>decausa</span> <span class='ocrx_word' id='word_1_482' title='bbox 1023 4130 1151 4198; x_wconf 90' lang='lat' dir='ltr'>aequa·</span> <span class='ocrx_word' id='word_1_483' title='bbox 1305 4112 1463 4206; x_wconf 82' lang='lat' dir='ltr'>Utraque</span> <span class='ocrx_word' id='word_1_484' title='bbox 1505 4110 1628 4181; x_wconf 92' lang='lat' dir='ltr'>concio</span> <span class='ocrx_word' id='word_1_485' title='bbox 1670 4127 1722 4186; x_wconf 91' lang='lat' dir='ltr'>est</span> <span class='ocrx_word' id='word_1_486' title='bbox 1762 4116 1989 4196; x_wconf 86' lang='lat' dir='ltr'>universalis.</span> <span class='ocrx_word' id='word_1_487' title='bbox 2043 4123 2168 4195; x_wconf 82' lang='lat' dir='ltr'>Accusat</span> 
     </span>
     <span class='ocr_line' id='line_1_40' title="bbox 167 4208 2169 4315; baseline -0.002 -16"><span class='ocrx_word' id='word_1_488' title='bbox 167 4229 249 4300; x_wconf 87' lang='lat' dir='ltr'>liter</span> <span class='ocrx_word' id='word_1_489' title='bbox 269 4223 444 4298; x_wconf 88' lang='lat' dir='ltr'>iudicare,</span> <span class='ocrx_word' id='word_1_490' title='bbox 476 4214 552 4286; x_wconf 89' lang='lat' dir='ltr'>sine</span> <span class='ocrx_word' id='word_1_491' title='bbox 567 4226 728 4309; x_wconf 88' lang='lat' dir='ltr'>respectu</span> <span class='ocrx_word' id='word_1_492' title='bbox 744 4209 896 4280; x_wconf 88' lang='lat' dir='ltr'>aliorum</span> <span class='ocrx_word' id='word_1_493' title='bbox 918 4208 1151 4279; x_wconf 87' lang='lat' dir='ltr'>accidentium</span> <span class='ocrx_word' id='word_1_494' title='bbox 1203 4214 1301 4289; x_wconf 76' lang='lat' dir='ltr'>Deus</span> <span class='ocrx_word' id='word_1_495' title='bbox 1322 4237 1446 4285; x_wconf 82' lang='lat' dir='ltr'>omnes</span> <span class='ocrx_word' id='word_1_496' title='bbox 1469 4226 1614 4304; x_wconf 87' lang='lat' dir='ltr'>propter</span> <span class='ocrx_word' id='word_1_497' title='bbox 1639 4228 1797 4303; x_wconf 87' lang='lat' dir='ltr'>peccata,</span> <span class='ocrx_word' id='word_1_498' title='bbox 1836 4222 1914 4293; x_wconf 79' lang='lat' dir='ltr'>vult</span> <span class='ocrx_word' id='word_1_499' title='bbox 1941 4250 2071 4297; x_wconf 88' lang='lat' dir='ltr'>omnes</span> <span class='ocrx_word' id='word_1_500' title='bbox 2093 4243 2169 4315; x_wconf 71' lang='lat' dir='ltr'>apert</span> 
     </span>
     <span class='ocr_line' id='line_1_41' title="bbox 170 4311 2170 4411; baseline -0.003 -13"><span class='ocrx_word' id='word_1_501' title='bbox 170 4344 265 4400; x_wconf 80' lang='lat' dir='ltr'>extra</span> <span class='ocrx_word' id='word_1_502' title='bbox 290 4343 442 4394; x_wconf 85' lang='lat' dir='ltr'>causam.</span> <span class='ocrx_word' id='word_1_503' title='bbox 499 4315 606 4404; x_wconf 86' lang='lat' dir='ltr'>Quod</span> <span class='ocrx_word' id='word_1_504' title='bbox 632 4313 741 4402; x_wconf 73' lang='lat' dir='ltr'>igitur</span> <span class='ocrx_word' id='word_1_505' title='bbox 763 4311 893 4383; x_wconf 89' lang='lat' dir='ltr'>Graeci</span> <span class='ocrx_word' id='word_1_506' title='bbox 917 4311 1147 4379; x_wconf 88' lang='lat' dir='ltr'>nominarunt</span> <span class='ocrx_word' id='word_1_507' title='bbox 1206 4317 1458 4411; x_wconf 86' lang='lat' dir='ltr'>poenitentiam</span> <span class='ocrx_word' id='word_1_508' title='bbox 1492 4329 1526 4385; x_wconf 87' lang='lat' dir='ltr'>et</span> <span class='ocrx_word' id='word_1_509' title='bbox 1554 4317 1744 4406; x_wconf 86' lang='lat' dir='ltr'>confugere</span> <span class='ocrx_word' id='word_1_510' title='bbox 1771 4323 1816 4390; x_wconf 91' lang='lat' dir='ltr'>ad</span> <span class='ocrx_word' id='word_1_511' title='bbox 1840 4323 1970 4397; x_wconf 85' lang='lat' dir='ltr'>filiurn.</span> <span class='ocrx_word' id='word_1_512' title='bbox 2026 4327 2099 4400; x_wconf 90' lang='lat' dir='ltr'>Nec</span> <span class='ocrx_word' id='word_1_513' title='bbox 2124 4332 2170 4395; x_wconf 88' lang='lat' dir='ltr'>du-</span> 
     </span>
     <span class='ocr_line' id='line_1_42' title="bbox 169 4407 2171 4524; baseline -0.005 -22"><span class='ocrx_word' id='word_1_514' title='bbox 169 4425 389 4524; x_wconf 63' lang='lat' dir='ltr'>opsonator,</span> <span class='ocrx_word' id='word_1_515' title='bbox 415 4422 454 4489; x_wconf 85' lang='lat' dir='ltr'>in</span> <span class='ocrx_word' id='word_1_516' title='bbox 477 4416 640 4487; x_wconf 78' lang='lat' dir='ltr'>Hebraeo</span> <span class='ocrx_word' id='word_1_517' title='bbox 664 4427 716 4502; x_wconf 83' lang='lat' dir='ltr'>est</span> <span class='ocrx_word' id='word_1_518' title='bbox 738 4414 862 4497; x_wconf 87' lang='lat' dir='ltr'>facies,</span> <span class='ocrx_word' id='word_1_519' title='bbox 889 4407 957 4481; x_wconf 83' lang='lat' dir='ltr'>ltoc</span> <span class='ocrx_word' id='word_1_520' title='bbox 980 4427 1051 4495; x_wconf 89' lang='lat' dir='ltr'>est,</span> <span class='ocrx_word' id='word_1_521' title='bbox 1076 4433 1155 4500; x_wconf 73' lang='lat' dir='ltr'>spe·</span> <span class='ocrx_word' id='word_1_522' title='bbox 1208 4422 1305 4490; x_wconf 90' lang='lat' dir='ltr'>bium</span> <span class='ocrx_word' id='word_1_523' title='bbox 1328 4433 1380 4488; x_wconf 90' lang='lat' dir='ltr'>est</span> <span class='ocrx_word' id='word_1_524' title='bbox 1402 4434 1525 4487; x_wconf 87' lang='lat' dir='ltr'>omnes</span> <span class='ocrx_word' id='word_1_525' title='bbox 1550 4411 1711 4487; x_wconf 86' lang='lat' dir='ltr'>homines</span> <span class='ocrx_word' id='word_1_526' title='bbox 1736 4415 1818 4492; x_wconf 89' lang='lat' dir='ltr'>huic</span> <span class='ocrx_word' id='word_1_527' title='bbox 1838 4447 1983 4497; x_wconf 89' lang='lat' dir='ltr'>summo</span> <span class='ocrx_word' id='word_1_528' title='bbox 2011 4440 2171 4520; x_wconf 81' lang='lat' dir='ltr'>praecepte</span> 
     </span>
     <span class='ocr_line' id='line_1_43' title="bbox 46 4509 2173 4616; baseline -0.005 -12"><span class='ocrx_word' id='word_1_529' title='bbox 46 4564 51 4575; x_wconf 66' lang='lat'>=</span> <span class='ocrx_word' id='word_1_530' title='bbox 170 4534 252 4604; x_wconf 88' lang='lat' dir='ltr'>cies.</span> <span class='ocrx_word' id='word_1_531' title='bbox 304 4528 417 4616; x_wconf 87' lang='lat' dir='ltr'>Saepe</span> <span class='ocrx_word' id='word_1_532' title='bbox 433 4533 550 4590; x_wconf 89' lang='lat' dir='ltr'>autem</span> <span class='ocrx_word' id='word_1_533' title='bbox 569 4513 730 4606; x_wconf 88' lang='lat' dir='ltr'>Apostoli</span> <span class='ocrx_word' id='word_1_534' title='bbox 753 4528 917 4606; x_wconf 90' lang='lat' dir='ltr'>repetunt</span> <span class='ocrx_word' id='word_1_535' title='bbox 934 4509 1000 4582; x_wconf 87' lang='lat' dir='ltr'>hoc</span> <span class='ocrx_word' id='word_1_536' title='bbox 1021 4512 1155 4581; x_wconf 70' lang='lat' dir='ltr'>(lictum</span> <span class='ocrx_word' id='word_1_537' title='bbox 1209 4524 1336 4592; x_wconf 88' lang='lat' dir='ltr'>debere</span> <span class='ocrx_word' id='word_1_538' title='bbox 1352 4520 1610 4590; x_wconf 77' lang='lat' dir='ltr'>obedientiamc</span> <span class='ocrx_word' id='word_1_539' title='bbox 1638 4517 1771 4591; x_wconf 82' lang='lat' dir='ltr'>Audite</span> <span class='ocrx_word' id='word_1_540' title='bbox 1787 4525 1916 4600; x_wconf 87' lang='lat' dir='ltr'>lilium.</span> <span class='ocrx_word' id='word_1_541' title='bbox 1964 4528 2011 4603; x_wconf 80' lang='lat' dir='ltr'>Et</span> <span class='ocrx_word' id='word_1_542' title='bbox 2031 4530 2173 4602; x_wconf 78' lang='lat' dir='ltr'>filimir-</span> 
     </span>
     <span class='ocr_line' id='line_1_44' title="bbox 171 4612 2173 4723; baseline -0.002 -21"><span class='ocrx_word' id='word_1_543' title='bbox 171 4621 527 4706; x_wconf 84' lang='lat' dir='ltr'>exDeuteronomio,</span> <span class='ocrx_word' id='word_1_544' title='bbox 551 4617 658 4692; x_wconf 82' lang='lat' dir='ltr'>Rom.</span> <span class='ocrx_word' id='word_1_545' title='bbox 673 4617 708 4686; x_wconf 79' lang='lat'>2.</span> <span class='ocrx_word' id='word_1_546' title='bbox 723 4630 757 4686; x_wconf 92' lang='lat' dir='ltr'>et</span> <span class='ocrx_word' id='word_1_547' title='bbox 774 4617 812 4684; x_wconf 90' lang='lat' dir='ltr'>in</span> <span class='ocrx_word' id='word_1_548' title='bbox 826 4612 924 4687; x_wconf 87' lang='lat' dir='ltr'>Actis</span> <span class='ocrx_word' id='word_1_549' title='bbox 939 4614 1051 4706; x_wconf 88' lang='lat' dir='ltr'>capite</span> <span class='ocrx_word' id='word_1_550' title='bbox 1073 4613 1132 4687; x_wconf 88' lang='lat'>10.</span> <span class='ocrx_word' id='word_1_551' title='bbox 1210 4623 1304 4716; x_wconf 89' lang='lat' dir='ltr'>quit:</span> <span class='ocrx_word' id='word_1_552' title='bbox 1344 4618 1602 4690; x_wconf 84' lang='lat' dir='ltr'>Poenitentiam</span> <span class='ocrx_word' id='word_1_553' title='bbox 1636 4623 1727 4709; x_wconf 73' lang='lat' dir='ltr'>agite</span> <span class='ocrx_word' id='word_1_554' title='bbox 1759 4637 1795 4696; x_wconf 88' lang='lat' dir='ltr'>et</span> <span class='ocrx_word' id='word_1_555' title='bbox 1826 4631 1963 4701; x_wconf 87' lang='lat' dir='ltr'>credite</span> <span class='ocrx_word' id='word_1_556' title='bbox 1987 4618 2173 4723; x_wconf 71' lang='lat' dir='ltr'>Evangelio.</span> 
     </span>
     <span class='ocr_line' id='line_1_45' title="bbox 274 4715 2175 4826; baseline -0.002 -25"><span class='ocrx_word' id='word_1_557' title='bbox 274 4732 454 4802; x_wconf 89' lang='lat' dir='ltr'>Teneatur</span> <span class='ocrx_word' id='word_1_558' title='bbox 469 4723 580 4812; x_wconf 78' lang='lat' dir='ltr'>igitur</span> <span class='ocrx_word' id='word_1_559' title='bbox 594 4717 795 4808; x_wconf 86' lang='lat' dir='ltr'>descriptio.</span> <span class='ocrx_word' id='word_1_560' title='bbox 847 4715 1082 4787; x_wconf 84' lang='lat' dir='ltr'>Personarum</span> <span class='ocrx_word' id='word_1_561' title='bbox 1099 4737 1156 4784; x_wconf 86' lang='lat' dir='ltr'>ac·</span> <span class='ocrx_word' id='word_1_562' title='bbox 1210 4723 1502 4809; x_wconf 79' lang='lat' dir='ltr'>Necfingendum</span> <span class='ocrx_word' id='word_1_563' title='bbox 1523 4734 1594 4800; x_wconf 84' lang='lat' dir='ltr'>est,</span> <span class='ocrx_word' id='word_1_564' title='bbox 1623 4722 1758 4808; x_wconf 85' lang='lat' dir='ltr'>tilium,</span> <span class='ocrx_word' id='word_1_565' title='bbox 1790 4750 1869 4798; x_wconf 87' lang='lat' dir='ltr'>cum</span> <span class='ocrx_word' id='word_1_566' title='bbox 1896 4731 2039 4826; x_wconf 84' lang='lat' dir='ltr'>inquit:</span> <span class='ocrx_word' id='word_1_567' title='bbox 2074 4732 2175 4804; x_wconf 80' lang='lat' dir='ltr'>Venite</span> 
     </span>
     <span class='ocr_line' id='line_1_46' title="bbox 171 4818 2174 4929; baseline -0 -25"><span class='ocrx_word' id='word_1_568' title='bbox 171 4836 286 4929; x_wconf 88' lang='lat' dir='ltr'>ceptio</span> <span class='ocrx_word' id='word_1_569' title='bbox 305 4845 357 4902; x_wconf 89' lang='lat' dir='ltr'>est</span> <span class='ocrx_word' id='word_1_570' title='bbox 374 4832 458 4899; x_wconf 88' lang='lat' dir='ltr'>dare</span> <span class='ocrx_word' id='word_1_571' title='bbox 476 4822 676 4915; x_wconf 88' lang='lat' dir='ltr'>inaequalia</span> <span class='ocrx_word' id='word_1_572' title='bbox 697 4818 926 4912; x_wconf 90' lang='lat' dir='ltr'>aequalibus,</span> <span class='ocrx_word' id='word_1_573' title='bbox 951 4831 1012 4887; x_wconf 89' lang='lat' dir='ltr'>aut</span> <span class='ocrx_word' id='word_1_574' title='bbox 1030 4839 1158 4908; x_wconf 89' lang='lat' dir='ltr'>aequa·</span> <span class='ocrx_word' id='word_1_575' title='bbox 1211 4829 1253 4896; x_wconf 64' lang='lat' dir='ltr'>ad</span> <span class='ocrx_word' id='word_1_576' title='bbox 1272 4848 1327 4892; x_wconf 72' lang='lat' dir='ltr'>me</span> <span class='ocrx_word' id='word_1_577' title='bbox 1350 4847 1490 4906; x_wconf 83' lang='lat' dir='ltr'>omnes,</span> <span class='ocrx_word' id='word_1_578' title='bbox 1513 4822 1574 4916; x_wconf 89' lang='lat' dir='ltr'>qui</span> <span class='ocrx_word' id='word_1_579' title='bbox 1597 4824 1768 4897; x_wconf 87' lang='lat' dir='ltr'>laboratis</span> <span class='ocrx_word' id='word_1_580' title='bbox 1791 4844 1825 4900; x_wconf 90' lang='lat' dir='ltr'>et</span> <span class='ocrx_word' id='word_1_581' title='bbox 1840 4838 1983 4905; x_wconf 87' lang='lat' dir='ltr'>onerati</span> <span class='ocrx_word' id='word_1_582' title='bbox 2011 4838 2111 4921; x_wconf 87' lang='lat' dir='ltr'>estis,</span> <span class='ocrx_word' id='word_1_583' title='bbox 2130 4853 2174 4919; x_wconf 69' lang='lat' dir='ltr'>ego</span> 
     </span>
     <span class='ocr_line' id='line_1_47' title="bbox 174 4918 2176 5024; baseline -0.004 -12"><span class='ocrx_word' id='word_1_584' title='bbox 174 4944 221 5012; x_wconf 91' lang='lat' dir='ltr'>lia</span> <span class='ocrx_word' id='word_1_585' title='bbox 255 4930 513 5024; x_wconf 76' lang='lat' dir='ltr'>inaequalibus.</span> <span class='ocrx_word' id='word_1_586' title='bbox 575 4920 704 4992; x_wconf 92' lang='lat' dir='ltr'>Graeci</span> <span class='ocrx_word' id='word_1_587' title='bbox 732 4921 940 5010; x_wconf 85' lang='lat' dir='ltr'>simpliciter</span> <span class='ocrx_word' id='word_1_588' title='bbox 969 4918 1158 4989; x_wconf 85' lang='lat' dir='ltr'>nominant</span> <span class='ocrx_word' id='word_1_589' title='bbox 1214 4925 1363 4996; x_wconf 73' lang='lat' dir='ltr'>reficiam</span> <span class='ocrx_word' id='word_1_590' title='bbox 1379 4950 1441 4996; x_wconf 83' lang='lat' dir='ltr'>vos</span> <span class='ocrx_word' id='word_1_591' title='bbox 1458 4943 1632 5009; x_wconf 84' lang='lat' dir='ltr'>etc.,non</span> <span class='ocrx_word' id='word_1_592' title='bbox 1648 4950 1721 4997; x_wconf 87' lang='lat' dir='ltr'>esse</span> <span class='ocrx_word' id='word_1_593' title='bbox 1736 4952 1895 5001; x_wconf 87' lang='lat' dir='ltr'>veracem</span> <span class='ocrx_word' id='word_1_594' title='bbox 1915 4935 2083 5024; x_wconf 74' lang='lat' dir='ltr'>legatum.</span> <span class='ocrx_word' id='word_1_595' title='bbox 2130 4931 2176 5004; x_wconf 74' lang='lat' dir='ltr'>llil</span> 
     </span>
     <span class='ocr_line' id='line_1_48' title="bbox 173 5023 2176 5134; baseline -0.006 -23"><span class='ocrx_word' id='word_1_596' title='bbox 173 5039 462 5134; x_wconf 86' lang='lat' dir='ltr'>inaequalitatem</span> <span class='ocrx_word' id='word_1_597' title='bbox 486 5041 520 5096; x_wconf 91' lang='lat' dir='ltr'>et</span> <span class='ocrx_word' id='word_1_598' title='bbox 545 5023 791 5119; x_wconf 84' lang='lat' dir='ltr'>tyrannidem,</span> <span class='ocrx_word' id='word_1_599' title='bbox 815 5023 910 5090; x_wconf 86' lang='lat' dir='ltr'>iuxta</span> <span class='ocrx_word' id='word_1_600' title='bbox 927 5043 1085 5089; x_wconf 80' lang='lat' dir='ltr'>versum:</span> <span class='ocrx_word' id='word_1_601' title='bbox 1212 5029 1316 5098; x_wconf 88' lang='lat' dir='ltr'>erecti</span> <span class='ocrx_word' id='word_1_602' title='bbox 1343 5027 1663 5111; x_wconf 84' lang='lat' dir='ltr'>consolationibus,</span> <span class='ocrx_word' id='word_1_603' title='bbox 1701 5054 1942 5122; x_wconf 69' lang='lat' dir='ltr'>repugnemus</span> <span class='ocrx_word' id='word_1_604' title='bbox 1971 5033 2176 5109; x_wconf 60' lang='lat' dir='ltr'>dalmatiani,</span> 
     </span>
     <span class='ocr_line' id='line_1_49' title="bbox 257 5131 2176 5223; baseline -0.008 -5"><span class='ocrx_word' id='word_1_605' title='bbox 257 5156 319 5217; x_wconf 80' lang='lat' dir='ltr'>liat</span> <span class='ocrx_word' id='word_1_606' title='bbox 341 5140 599 5216; x_wconf 74' lang='lat' dir='ltr'>restituemus,</span> <span class='ocrx_word' id='word_1_607' title='bbox 626 5145 719 5202; x_wconf 84' lang='lat' dir='ltr'>vexat</span> <span class='ocrx_word' id='word_1_608' title='bbox 740 5152 869 5198; x_wconf 87' lang='lat' dir='ltr'>censura</span> <span class='ocrx_word' id='word_1_609' title='bbox 891 5134 1058 5198; x_wconf 80' lang='lat' dir='ltr'>columbos.</span> <span class='ocrx_word' id='word_1_610' title='bbox 1213 5144 1249 5202; x_wconf 85' lang='lat' dir='ltr'>et</span> <span class='ocrx_word' id='word_1_611' title='bbox 1272 5143 1465 5199; x_wconf 90' lang='lat' dir='ltr'>statuamus</span> <span class='ocrx_word' id='word_1_612' title='bbox 1492 5131 1608 5199; x_wconf 88' lang='lat' dir='ltr'>Deum</span> <span class='ocrx_word' id='word_1_613' title='bbox 1641 5133 1802 5223; x_wconf 90' lang='lat' dir='ltr'>aqualem</span> <span class='ocrx_word' id='word_1_614' title='bbox 1832 5160 1926 5220; x_wconf 81' lang='lat' dir='ltr'>esse,</span> <span class='ocrx_word' id='word_1_615' title='bbox 1965 5156 1999 5210; x_wconf 82' lang='lat' dir='ltr'>et</span> <span class='ocrx_word' id='word_1_616' title='bbox 2028 5164 2107 5211; x_wconf 63' lang='lat' dir='ltr'>cure</span> <span class='ocrx_word' id='word_1_617' title='bbox 2130 5156 2176 5205; x_wconf 85' lang='lat' dir='ltr'>nos</span> 
     </span>
    </p>
   </div>
   <div class='ocr_carea' id='block_1_4' title="bbox 169 5230 2177 5456">
    <p class='ocr_par' dir='ltr' id='par_1_4' title="bbox 169 5230 2177 5456">
     <span class='ocr_line' id='line_1_50' title="bbox 275 5230 2177 5350; baseline -0.011 -20"><span class='ocrx_word' id='word_1_618' title='bbox 275 5260 386 5350; x_wconf 88' lang='lat' dir='ltr'>Saepe</span> <span class='ocrx_word' id='word_1_619' title='bbox 419 5264 536 5323; x_wconf 87' lang='lat' dir='ltr'>autem</span> <span class='ocrx_word' id='word_1_620' title='bbox 567 5243 740 5336; x_wconf 90' lang='lat' dir='ltr'>praecipit</span> <span class='ocrx_word' id='word_1_621' title='bbox 772 5239 869 5311; x_wconf 90' lang='lat' dir='ltr'>Deus</span> <span class='ocrx_word' id='word_1_622' title='bbox 904 5254 944 5310; x_wconf 89' lang='lat' dir='ltr'>ut</span> <span class='ocrx_word' id='word_1_623' title='bbox 976 5241 1081 5309; x_wconf 83' lang='lat' dir='ltr'>iudex</span> <span class='ocrx_word' id='word_1_624' title='bbox 1114 5237 1159 5308; x_wconf 92' lang='lat' dir='ltr'>sit</span> <span class='ocrx_word' id='word_1_625' title='bbox 1215 5254 1354 5326; x_wconf 86' lang='lat' dir='ltr'>quoque</span> <span class='ocrx_word' id='word_1_626' title='bbox 1378 5232 1485 5320; x_wconf 89' lang='lat' dir='ltr'>recipi</span> <span class='ocrx_word' id='word_1_627' title='bbox 1508 5230 1748 5320; x_wconf 76' lang='lat' dir='ltr'>confugientes</span> <span class='ocrx_word' id='word_1_628' title='bbox 1770 5237 1814 5304; x_wconf 92' lang='lat' dir='ltr'>ad</span> <span class='ocrx_word' id='word_1_629' title='bbox 1838 5237 1973 5328; x_wconf 88' lang='lat' dir='ltr'>filium,</span> <span class='ocrx_word' id='word_1_630' title='bbox 1999 5244 2090 5313; x_wconf 89' lang='lat' dir='ltr'>sicut</span> <span class='ocrx_word' id='word_1_631' title='bbox 2112 5236 2177 5309; x_wconf 79' lang='lat' dir='ltr'>scri·</span> 
     </span>
     <span class='ocr_line' id='line_1_51' title="bbox 169 5328 2177 5456; baseline -0.013 -22"><span class='ocrx_word' id='word_1_632' title='bbox 169 5362 344 5456; x_wconf 82' lang='lat' dir='ltr'>aequalis,</span> <span class='ocrx_word' id='word_1_633' title='bbox 369 5368 410 5426; x_wconf 89' lang='lat' dir='ltr'>ut</span> <span class='ocrx_word' id='word_1_634' title='bbox 427 5344 696 5425; x_wconf 87' lang='lat' dir='ltr'>Deuteronomii</span> <span class='ocrx_word' id='word_1_635' title='bbox 711 5341 847 5439; x_wconf 87' lang='lat' dir='ltr'>primo,</span> <span class='ocrx_word' id='word_1_636' title='bbox 872 5356 907 5413; x_wconf 91' lang='lat' dir='ltr'>et</span> <span class='ocrx_word' id='word_1_637' title='bbox 922 5342 999 5412; x_wconf 88' lang='lat' dir='ltr'>vult</span> <span class='ocrx_word' id='word_1_638' title='bbox 1015 5365 1052 5411; x_wconf 86' lang='lat' dir='ltr'>se</span> <span class='ocrx_word' id='word_1_639' title='bbox 1070 5364 1160 5433; x_wconf 90' lang='lat' dir='ltr'>quo-</span> <span class='ocrx_word' id='word_1_640' title='bbox 1216 5349 1314 5426; x_wconf 90' lang='lat' dir='ltr'>ptum</span> <span class='ocrx_word' id='word_1_641' title='bbox 1333 5346 1400 5402; x_wconf 89' lang='lat' dir='ltr'>est:</span> <span class='ocrx_word' id='word_1_642' title='bbox 1425 5328 1556 5405; x_wconf 87' lang='lat' dir='ltr'>Omnis</span> <span class='ocrx_word' id='word_1_643' title='bbox 1571 5333 1632 5426; x_wconf 89' lang='lat' dir='ltr'>qui</span> <span class='ocrx_word' id='word_1_644' title='bbox 1651 5337 1762 5407; x_wconf 87' lang='lat' dir='ltr'>credit</span> <span class='ocrx_word' id='word_1_645' title='bbox 1776 5337 1816 5406; x_wconf 91' lang='lat' dir='ltr'>iu</span> <span class='ocrx_word' id='word_1_646' title='bbox 1833 5364 1938 5430; x_wconf 83' lang='lat' dir='ltr'>eum,</span> <span class='ocrx_word' id='word_1_647' title='bbox 1963 5369 2036 5416; x_wconf 82' lang='lat' dir='ltr'>non</span> <span class='ocrx_word' id='word_1_648' title='bbox 2052 5341 2177 5415; x_wconf 76' lang='lat' dir='ltr'>confiso·</span> 
     </span>
    </p>
   </div>
   <div class='ocr_carea' id='block_1_5' title="bbox 0 0 2320 5780">
    <p class='ocr_par' dir='ltr' id='par_1_5' title="bbox 0 0 2320 5780">
     <span class='ocr_line' id='line_1_52' title="bbox 0 0 2320 5780; baseline 0 0"><span class='ocrx_word' id='word_1_649' title='bbox 0 0 2320 5780; x_wconf 95' lang='lat' dir='ltr'> </span> 
     </span>
    </p>
   </div>
  </div>
 </body>
</html>
