4522 5782
66 224 117 299 st
493 221 573 299 llll.
634 216 1015 295 uoluntatem
1040 218 1228 297 EVANG.
1255 217 1472 297 lOANNlS.
1528 219 1635 299 CAP.
1664 223 1692 296 Ι.
1924 210 1935 232 “
2064 238 2116 309 22

66 396 142 487 prie
162 396 335 469 dicuntur
357 390 417 481 lsi,
447 396 579 488 quibus
596 391 694 464 Deus
712 392 895 485 propicius
917 408 993 477 est,
1026 406 1063 467 et
1111 395 1312 467 doctrinam
1345 395 1450 466 nobis
1484 396 1647 478 tradunt,
1689 420 1796 491 quam
1821 399 2008 495 aliquanto
2031 423 2111 499 post
2234 412 2239 421 '

66 499 229 593 quisunt
254 500 372 569 renati
394 513 427 569 et
450 492 619 568 haeredes
639 498 734 567 vitae
754 509 928 566 aeternae.
981 495 1062 567 lloe
1111 499 1290 590 copiosius
1311 522 1546 592 exponemus,
1575 524 1655 570 cum
1678 495 1765 570 hacc
1787 502 1863 593 ipsa
1879 508 1925 575 de
1938 506 2008 577 lide
2023 533 2109 601 pro-

65 602 255 673 diserimen
283 596 534 693 appellationis
560 600 685 692 populi
714 613 749 667 et
771 599 926 669 filiorum
955 622 1059 689 saepe
1110 602 1240 693 positio
1257 584 1447 693 repetenda
1465 602 1543 676 erit.

64 706 234 785 occurrit,
260 718 302 774 ut
320 700 439 775 uaeas
456 704 509 775 1.:
535 700 582 772 Et
603 703 670 776 erit
693 701 733 771 in
749 702 850 786 loco,
865 701 939 771 ubi
961 704 1060 771 dice·
1210 701 1265 775 De
1283 718 1408 797 quarta
1425 705 1613 794 particula,
1640 704 1727 797 quid
1747 706 1806 779 fiat
1824 709 1862 777 iu
1878 710 2000 782 nobis:
2028 708 2106 799 Ait,

63 808 204 892 toreis,
228 830 304 879 noo
328 805 480 899 populus
502 828 601 875 meus
625 827 705 890 vos,
737 804 878 873 dicetur
899 804 967 887 eis,
991 804 1058 873 lilii
1108 804 1201 875 filios
1216 805 1283 875 Dei
1301 831 1341 877 ex
1356 804 1432 877 Deo
1448 807 1556 876 nasci.

63 907 127 980 Dei
143 911 312 981 viventis.
372 907 547 980 Recensui
571 910 665 1001 quod
689 905 898 976 beneficium
922 907 1057 993 afferat,
1469 974 1477 992 ‚
1512 976 1519 994 ‚

20 1096 25 1101 -
64 1014 161 1107 qood
184 1012 342 1082 subinde
366 1012 530 1102 pluribus
545 1010 662 1081 verbis
678 1010 716 1076 in
730 1009 808 1100 ipso
822 1021 920 1079 texto
936 1010 1057 1079 decla·
1144 970 1236 1050 ΝΜ
1263 1000 1311 1048 ‘2'
1334 975 1604 1073 ianb'm'l'bllss
1631 1002 1693 1049 ΜΟ
1718 1001 1766 1051 ⁶²
1793 979 1980 1054 V⁰l¹¹⁰l⁰¹⁶
2007 994 2067 1061 ιιι.

61 1116 217 1200 rabitur,
250 1114 333 1184 ideo
355 1113 409 1184 foi
434 1115 587 1188 brevior.
620 1112 625 1123 '
655 1109 769 1182 Venio
791 1112 836 1182 ad
861 1113 1053 1183 secundam
1209 1113 1361 1187 Erudite
1377 1115 1547 1188 describit
1568 1117 1852 1189 iustificatiouem
1869 1136 1904 1190 et
1917 1146 2102 1215 regenero·
2240 1178 2243 1183 .

61 1218 284 1309 particulam.
335 1215 478 1305 Quibus
493 1211 666 1286 exhibeat.
1107 1218 1256 1290 tionem.
1306 1217 1455 1288 Necesse
1477 1232 1529 1288 est
1554 1221 1695 1309 agnosci
1714 1221 1824 1291 lilium
1843 1221 1927 1315 Dei,
1954 1227 2015 1319 qui
2033 1251 2101 1297 no·

159 1319 363 1411 Diligenter
378 1316 598 1389 observanda
615 1332 666 1389 est
690 1315 887 1408 propositio
907 1315 1054 1385 univer·
1106 1320 1160 1391 bis
1180 1322 1333 1392 donatus
1349 1336 1453 1392 estut
1470 1322 1568 1393 fieret
1585 1323 1727 1393 victima
1751 1348 1816 1413 pro
1841 1328 1965 1413 nobis,
1993 1344 2025 1399 ει
2043 1353 2099 1399 re·

62 1424 161 1509 salis,
186 1436 224 1495 ει
241 1445 349 1516 supra
366 1422 498 1513 posita,
523 1436 557 1492 et
576 1442 681 1511 saepe
703 1420 869 1510 repetita,
895 1432 1055 1508 quaete·
1105 1424 1278 1515 surrexit,
1318 1437 1358 1493 ut
1390 1438 1510 1511 regnet
1534 1437 1569 1495 ει
1591 1424 1783 1498 sanctificet
1805 1423 2000 1499 Ecclesiam
2015 1432 2096 1503 Dei.

64 1538 171 1596 stator
183 1524 302 1597 Deum
317 1524 486 1595 omnibus
501 1524 631 1613 offerre
644 1522 804 1603 salntem,
833 1521 927 1589 iuxta
945 1520 1053 1590 illude
1104 1522 1224 1596 Huius
1252 1527 1437 1596 salvatoris
1479 1526 1607 1596 fiducia
1639 1528 1849 1618 recipimur,
1890 1548 2099 1623 reputamur

64 1627 188 1700 Venite
212 1630 330 1699 adme
346 1627 548 1720 omnesqui
565 1622 745 1697 laboratis.
779 1618 901 1694 Ethic
917 1622 1052 1693 dictum
1104 1628 1206 1713 iusti,
1235 1643 1269 1700 et
1290 1628 1554 1699 allicimurlilii.
1608 1627 1653 1700 Et
1668 1624 1735 1699 boe
1753 1655 1832 1700 cum
1850 1634 1907 1717 lit,
1934 1649 1973 1703 ut
1987 1638 2098 1707 simus

59 1744 121 1815 est,
147 1730 537 1803 utomnescred'erent.
588 1728 692 1813 ltem,
714 1726 1052 1797 illuminatomnem
1103 1730 1167 1801 lilii
1186 1728 1272 1816 Dei,
1297 1729 1530 1802 etiamaDeo
1546 1754 1609 1821 per
1625 1731 1799 1821 Spiritum
1815 1749 1974 1806 sanctum
1994 1753 2097 1825 rege-
2183 1722 2186 1727 ⁵

59 1830 263 1921 bominem,
291 1834 328 1904 id
356 1847 429 1917 est,
461 1832 590 1901 missus
620 1842 673 1902 est
701 1828 845 1922 quidem
867 1839 1052 1897 utomncs
1103 1856 1288 1917 neramur,
1312 1848 1352 1903 ιιι
1368 1834 1501 1926 ubique
1516 1831 1871 1922 docetEvaugelium,
1897 1838 2033 1909 adGal.
2045 1842 2096 1911 ba
2206 1828 2214 1839 ’

57 1936 249 2010 illuminet.
302 1934 355 2006 Αε
377 1956 589 2025 magnopere
604 1933 749 2033 prodest
765 1930 894 1999 animis
908 1929 1054 2019 infigere
1103 1934 1153 2007 Ut
1178 1937 1447 2027 promissionem
1469 1935 1615 2027 spiritus
1638 1937 1853 2027 accipiamus
1881 1966 1944 2031 per
1976 1944 2095 2017 fidem.

57 2034 146 2109 banc
162 2040 385 2119 doctrinam,
412 2042 506 2130 quod
530 2051 679 2129 utraque
704 2034 876 2104 sententia
899 2032 944 2102 sit
969 2032 1053 2101 uni·
1103 2035 1160 2107 Ad
1180 2034 1288 2111 Rom.
1308 2040 1359 2107 lb:
1402 2035 1476 2126 Qui
1502 2038 1630 2135 spirim
1655 2035 1722 2107 Dei
1748 2055 1919 2129 aguntur,
1950 2039 2095 2117 bisunt

58 2140 202 2212 „331ss
239 2141 429 2233 promissio
459 2138 677 2229 pentapolim,
722 2151 758 2207 et
781 2138 986 2205 mandatum
1011 2148 1052 2205 ut
1102 2140 1166 2209 filii
1185 2140 1269 2212 Dei.
1319 2139 1365 2211 Et
1384 2140 1479 2208 loan.
1493 2138 1548 2211 'Le
1575 2137 1647 2228 Qui
1665 2142 1777 2211 credit
1790 2143 1827 2211 iu
1846 2166 1919 2228 me,
1945 2146 2123 2232 flumina,

57 2246 242 2314 credamus
263 2244 337 2314 lilio
362 2243 443 2314 Dei.
502 2240 556 2311 De
578 2238 812 2330 promissione
835 2237 944 2308 multa
967 2250 1052 2308 sunt
1101 2243 1146 2311 de
1165 2258 1287 2313 ventre
1304 2244 1379 2313 eius
1399 2242 1511 2313 lluent
1527 2264 1639 2335 aquae
1655 2243 1769 2315 vivae.
1820 2234 1868 2315 Et
1892 2244 2000 2320 Zacb.
2022 2254 2094 2323 ta:

57 2348 235 2440 exempla,
263 2345 370 2418 Rom.
385 2346 443 2415 o:
472 2342 613 2414 lusticia
629 2343 694 2413 Dei
715 2345 754 2410 in
770 2364 913 2419 omnes,
940 2353 975 2410 et
989 2362 1050 2409 su·
1100 2339 1294 2416 Effundam
1311 2368 1419 2438 super
1431 2347 1578 2415 domum
1591 2341 1707 2413 David
1730 2347 1893 2437 spiritum
1912 2352 2045 2438 gratiae
2060 2370 2093 2424 et

56 2474 115 2539 per
129 2472 270 2522 omnes.
324 2447 410 2520 ltem
436 2446 533 2518 loan.
559 2446 611 2522 3.:
647 2444 695 2517 Ut
718 2445 835 2514 omnis
854 2444 915 2539 qui
938 2444 1050 2513 credit
1101 2472 1255 2538 precum.
1308 2446 1420 2518 Vocat
1436 2448 1600 2539 spiritum
1613 2448 1764 2537 gratiae,
1787 2450 1869 2543 quia
1889 2476 1951 2542 per
1968 2449 2113 2523 Esau--

58 2557 95 2625 in
107 2576 210 2635 eum,
242 2574 317 2621 non
345 2563 473 2642 pereat.
525 2548 606 2619 Huc
622 2563 656 2619 et
668 2548 802 2618 dictum
818 2545 922 2616 Pauli
939 2547 1048 2639 perti·
1101 2551 1232 2639 gelium
1250 2564 1369 2621 movet
1394 2552 1521 2636 corda,
1547 2563 1587 2620 ut
1603 2565 1794 2639 agnoscant
1812 2553 2091 2626 inenarrabilem

56 2672 137 2730 oet:-
154 2655 257 2729 Dens
274 2654 350 2725 vult
363 2674 487 2721 omsres
503 2648 669 2721 homines
684 2650 800 2720 salvos
816 2649 903 2722 lieri.
952 2646 1048 2738 Quia
1102 2653 1381 2723 misericordiam
1397 2650 1466 2721 Dei
1488 2675 1567 2741 erga
1583 2674 1668 2731 nos,
1695 2664 1728 2722 et
1743 2667 1898 2726 statuant
1912 2658 2019 2727 nobis
2036 2684 2092 2729 re-

56 2759 244 2855 promissio
272 2758 441 2827 omnibus
469 2755 574 2824 offert
600 2754 762 2823 salutem.
834 2750 1047 2822 Mandatum
1101 2755 1194 2827 mitti
1214 2770 1371 2846 peccata,
1397 2778 1462 2824 nos
1480 2776 1553 2824 esse
1573 2754 1611 2822 in
1634 2754 1756 2843 gratia.
1809 2753 1948 2827 Deinde
1971 2763 2091 2851 agnita

55 2888 137 2933 vero
154 2862 201 2932 ad
218 2882 343 2945 omnes
365 2857 541 2951 pertinere
555 2869 710 2940 constat,
733 2854 901 2926 videlicet
924 2875 1046 2923 vocem
1100 2871 1198 2927 tauta
1214 2860 1371 2929 bonitate
1387 2859 1609 2942 invocemus,
1636 2871 1670 2928 et
1686 2880 1751 2927 nos
1765 2860 2091 2939 suhiiciamusDeo.

54 2966 148 3036 illam
164 2986 260 3059 quae
274 2962 321 3032 de
345 2960 445 3031 coelo
466 2960 601 3030 sonuit:
628 2956 733 3029 Hunc
755 2956 895 3030 audite,
938 2956 1046 3027 ltem:
1100 2956 1156 3030 Ad
1183 2956 1269 3030 haec
1293 2956 1484 3030 Zachariae
1510 2961 1616 3029 verba
1638 2962 1805 3031 convenit
1830 2964 2011 3053 aptissime
2032 2970 2092 3035 ‹li-

56 3067 125 3158 Qni
141 3090 220 3137 non
242 3065 355 3134 credit
377 3060 483 3148 Deo,·
496 3063 702 3131 mendacem
722 3059 803 3129 lacit
821 3083 915 3131 eum.
960 3058 1045 3129 Jlae
1098 3077 1194 3133 ctum
1210 3062 1311 3133 Pauli
1331 3061 1507 3134 Roma:
1533 3062 2092 3157 Accepistisspiritnmadoptio-

57 3167 582 3254 „ngvgmleasanendaesunu
607 3166 668 3233 sed
692 3162 888 3256 requiritur
911 3165 1044 3233 volun·
1097 3166 1154 3235 nis
1176 3166 1348 3245 tiliorum,
1382 3187 1453 3258 qno
1481 3164 1674 3233 clamamus
1689 3159 1792 3233 Abba
1816 3181 1926 3257 pater.
1988 3167 2087 3239 ldsm

54 3288 103 3344 tas
125 3270 342 3361 assentiens,
374 3291 449 3337 nou
473 3287 676 3361 repugnans
700 3264 907 3354 Evangelio.
959 3263 1045 3335 ldeo
1098 3268 1245 3359 spiritus
1275 3268 1482 3339 testificatur
1507 3266 1648 3357 spiritui
1672 3281 1815 3353 nostro,
1853 3272 1948 3362 quod
1979 3272 2090 3344 simus

55 3376 154 3447 dicit:
181 3371 371 3464 Quotquot
387 3384 502 3440 autem
520 3382 728 3461 receperunt
742 3390 833 3436 eum.
875 3367 964 3437 Nam
980 3363 1046 3438 lros
1098 3371 1162 3438 lilii
1187 3372 1267 3442 Dei.
1328 3368 1397 3439 Hic
1423 3368 1672 3461 complectitur
1694 3370 1913 3458 agnitionem
1944 3376 2087 3462 gratiae,

53 3503 115 3573 per
142 3473 382 3565 Evangelium
412 3486 448 3542 ει
469 3471 644 3563 Spiritum
673 3484 832 3540 sanctum
865 3470 1046 3539 illuminat
1098 3487 1132 3544 et
1148 3473 1430 3557 invocationem,
1454 3495 1534 3541 cum
1551 3495 1621 3564 qua
1636 3471 1818 3542 coniuncti
1834 3487 1917 3545 sunt
1933 3477 1994 3544 alii
2011 3476 2094 3547 mo-'

52 3582 145 3652 blins
159 3576 250 3663 Dei,
275 3576 340 3671 qui
353 3599 429 3681 non
442 3587 661 3666 repugnant,
687 3574 748 3642 sed
762 3573 914 3643 audiunt
924 3572 1042 3642 Evan·
1097 3588 1154 3646 tus
1166 3575 1385 3667 spirituales,
1417 3588 1452 3644 et
1467 3574 1622 3644 incoatio
1646 3598 1760 3643 novae
1775 3574 1934 3647 iusticias
1948 3593 1982 3649 et
1997 3580 2089 3650 vitae

53 3684 198 3776 gelium,
217 3693 253 3750 et
269 3680 308 3749 in
322 3678 548 3748 invocatione
564 3702 601 3746 sc
615 3689 812 3747 sustentant
828 3674 1043 3765 voceErau-
1097 3678 1136 3747 in
1150 3679 1332 3748 cordibus.
1390 3675 1488 3747 Haec
1509 3689 1562 3746 est
1584 3689 1752 3768 perpetua
1775 3679 1937 3748 doctrina
1957 3682 2002 3750 de
2025 3682 2090 3751 be·
2127 3672 2138 3684 „

52 3786 153 3879 gelli,
181 3781 271 3852 sieut
286 3781 375 3851 alibi
396 3779 544 3851 dicitur:
570 3776 678 3849 Dabit
694 3777 867 3870 Spiritum
883 3793 1043 3848 sanctum
1095 3781 1229 3851 nebciis
1250 3776 1457 3869 Evangelii,
1491 3802 1597 3871 quam
1621 3777 1769 3849 loannes
1799 3780 1904 3851 initio
1934 3784 2089 3855 breviter

52 3884 278 3983 petentibus,
312 3907 387 3953 non
409 3882 465 3951 vel
492 3883 820 3960 contemnentibus,
855 3882 912 3950 vel
935 3882 1043 3974 perti·
1096 3884 1319 3975 complexus,
1346 3896 1463 3975 postea
1481 3882 1577 3950 enirn
1598 3893 1746 3971 repetet.

51 3992 129 4063 naci
143 3990 268 4059 lurore
283 3986 486 4078 opprimere
502 3981 737 4073 Evangelium
757 3984 978 4055 conantibus.
1198 3986 1311 4055 Addit
1336 4001 1454 4056 autem
1481 3984 1677 4073 negativas,
1711 3998 1750 4052 ιιι
1772 3983 1950 4057 discernat
1973 4011 2087 4079 popu·

151 4090 208 4162 De
226 4089 331 4161 tertia
353 4087 547 4179 particula,
576 4088 756 4180 quomodo
774 4108 1044 4179 consequamur,
1095 4089 1170 4158 lum
1197 4088 1284 4176 legis
1306 4112 1325 4156 a
1350 4110 1435 4157 vero
1457 4086 1592 4156 semiue
1619 4081 1807 4170 Abrahae,
1841 4087 2088 4177 gloriabantur

52 4198 114 4269 ait:
142 4192 255 4265 Dedit
274 4202 481 4284 potestatem
503 4188 597 4259 lilios
611 4184 679 4257 Dei
695 4186 788 4270 lieri,
816 4188 1042 4261 credentibus
1099 4189 1280 4260 lsrae’litae
1297 4213 1334 4259 se
1349 4212 1422 4259 esse
1443 4189 1616 4280 populum
1632 4185 1721 4272 Dei,
1746 4191 1840 4258 etad
1858 4193 2098 4282 sepertinere

51 4299 86 4369 in
100 4295 251 4369 nomine
265 4294 354 4365 eins.
406 4289 597 4382 Expressa,
622 4290 760 4388 inquit,
788 4290 855 4359 lide
883 4291 920 4358 in
935 4285 1041 4360 Clni-
1095 4292 1368 4384 promissionem
1384 4294 1500 4363 datam
1516 4293 1561 4360 de
1578 4291 1843 4373 benedictione,
1869 4291 2027 4381 iusticia,
2052 4312 2087 4367 et

54 4417 140 4473 stum
155 4397 238 4469 lieri
259 4394 523 4466 nostiliosllei.
574 4391 671 4462 Haec
687 4415 754 4461 vox
772 4391 891 4481 ignota
907 4404 959 4461 est
975 4387 1042 4462 hu·
1095 4409 1385 4484 regnoacteruo,
1410 4407 1445 4466 et
1466 4388 1559 4461 hanc
1581 4404 1691 4462 totam
1716 4395 1996 4483 praerogativam
2021 4398 2086 4469 tri·

52 4505 163 4575 rnanis
188 4499 352 4581 iudiciis,
383 4496 459 4566 fieri
484 4491 647 4565 homines
670 4494 763 4563 lilios
786 4494 851 4564 Dei
876 4490 944 4564 hoe
965 4518 1042 4564 mo·
1095 4498 1253 4567 bnelsant
1281 4497 1414 4566 carnali
1446 4495 1685 4585 generationi,
1729 4518 1789 4567 seu
1822 4495 1928 4586 legali
1949 4523 2088 4570 sncces-

52 4608 114 4686 (ιο,
141 4602 298 4686 scilicet,
320 4600 407 4681 lide,
434 4600 469 4668 id
494 4611 563 4683 est,
589 4598 716 4667 fidncia
734 4592 843 4666 huius
857 4598 1043 4667 salvatoris
1094 4599 1206 4684 sioni,
1231 4600 1431 4669 sicutnunc
1445 4596 1613 4689 Episcopi
1636 4600 1857 4670 contendunt
1873 4622 1910 4667 se
1926 4624 1999 4671 esse
2014 4600 2085 4671 Ec·

50 4710 150 4781 nobis
176 4704 301 4776 donati
323 4702 450 4792 gratis,
486 4724 563 4770 non
587 4712 733 4793 propter
756 4713 913 4769 nostram
937 4698 1042 4769 iusti·
1094 4702 1236 4772 clesiam
1262 4715 1406 4792 propter
1434 4700 1654 4770 ordinariam
1684 4701 1953 4773 successionem.
2015 4702 2085 4776 Hic

52 4814 149 4885 dms,
211 4802 261 4877 Et
283 4806 429 4899 quidem
455 4802 542 4893 ipsis
567 4803 794 4872 credentibus
822 4801 968 4871 difficile
991 4817 1042 4874 est
1093 4828 1195 4874 error
1215 4804 1411 4874 necessario
1434 4802 1648 4872 refellendus
1671 4817 1736 4874 εει.
1795 4801 1891 4892 Quia
1911 4805 2006 4875 Dens
2027 4831 2084 4877 re·

9 4946 11 4987 ;
52 4916 223 4995 retinere,
264 4907 362 5000 quod
397 4906 561 4997 placeant
579 4903 655 4975 Deo
684 4905 810 4993 gratis,
837 4926 1040 4998 quanquam
1094 4906 1250 5000 pudiatis
1281 4899 1355 4991 his,
1401 4904 1463 5000 qui
1492 4904 1751 4975 insolescebant
1787 4921 1933 4997 propter
1969 4912 2085 4979 carnis

54 5014 180 5087 infirmi
197 5024 233 5084 et
249 5009 407 5099 indigni,
433 5010 492 5076 sed
514 5008 673 5099 placeant
690 5021 809 5077 tamen
823 5020 929 5092 certo,
957 5032 1041 5097 pro·
1093 5010 1372 5102 praerogativas,
1405 5031 1507 5099 saepe
1530 5008 1730 5077 illustribus
1752 5004 1922 5099 exemplis
1946 5014 2086 5083 vocavit

53 5134 122 5209 pter
135 5118 255 5188 filium
270 5109 387 5183 lesum
404 5105 586 5183 Christum
603 5110 707 5179 nobis
724 5115 906 5180 donatum.
958 5108 1041 5179 Non
1094 5116 1183 5183 alios
1213 5115 1257 5181 ad
1285 5113 1484 5181 societatem
1515 5112 1614 5200 regni
1646 5112 1723 5197 sui,
1765 5124 1804 5181 ut
1832 5113 1961 5184 reiecto
1987 5112 2085 5201 Gaio,

55 5222 121 5291 sine
136 5216 334 5291 certamine
350 5215 504 5285 retinere
524 5207 618 5282 hanc
633 5207 819 5299 Evangelii
834 5236 956 5282 vocem
974 5208 1042 5283 ho·
1093 5212 1209 5299 Esau,
1248 5214 1511 5306 primogenitis,
1551 5214 1666 5284 votoll
1703 5227 1788 5283 sunl
1815 5212 1928 5297 Abel,
1969 5212 2085 5288 istob·

54 5324 157 5394 ιιιίιιεε
179 5332 352 5414 possunt,
384 5317 446 5386 sed
469 5316 613 5408 prodest
633 5314 672 5383 in
696 5327 885 5404 conspectu
909 5310 1042 5385 habere
1094 5314 1228 5411 Estque
1249 5314 1406 5388 Ecclesia
1429 5340 1503 5386 non
1526 5338 1635 5406 penes
1659 5340 1719 5385 eos
1743 5315 1804 5407 qui
1827 5317 1897 5385 sibi
1918 5335 2086 5407 arrogant

57 5422 269 5503 mamonis,
295 5444 388 5515 quae
400 5430 484 5489 sont
498 5417 671 5511 plurima,
697 5438 788 5511 quoe
806 5411 897 5489 banc
912 5420 956 5488 de
971 5416 1041 5488 tide
1094 5421 1262 5508 titolum,
1288 5432 1435 5513 propter
1456 5418 1616 5489 camales
1635 5417 1894 5509 praerogativas
1912 5442 1974 5492 seu
1987 5421 2086 5489 ordi·

1517 5517 1576 5594 2*
