4522 5782
89 132 183 259 'roo
487 128 497 142 ’
706 164 834 244 rum
860 159 1211 239 unnscmrra
1237 160 1540 240 amoenos.
2077 167 2146 245 soc

112 358 187 431 lilio
210 353 279 426 Dei
306 348 438 420 eteius
465 340 656 415 beneficiis.
722 338 820 410 Haec
853 334 946 408 fiunt
970 359 1109 406 summa
1134 374 1138 435 g
1164 351 1204 408 ut
1228 338 1399 428 scriptum
1431 352 1493 410 est.
1563 335 1658 411 lac'et
1685 339 1795 431 igitur
1817 335 1938 414 Adam
1966 352 2149 432 prostratu,

120 453 364 553 perspicuitate
380 446 585 539 inEpistola
599 442 702 514 Pauli
721 444 764 513 ad
787 439 982 513 Romanos.
1013 435 1108 526 Quia
1163 464 1281 510 coram
1302 436 1401 522 Deo,
1427 435 1522 508 nihil
1539 441 1610 512 nisi
1626 443 1739 532 legem
1754 445 1889 529 sciens,
1915 467 1959 513 ex
1972 465 2046 537 qua
2070 457 2148 514 reete

120 585 199 633 cum
216 550 396 626 Pharisaei
420 564 454 620 st
474 548 579 617 multi
600 545 662 614 alii
685 558 771 614 tunc
793 541 963 612 acerrime
988 541 1111 610 delen·
1164 540 1416 628 ratiocinatur,
1451 563 1486 610 se
1522 558 1692 634 perpetuo
1716 546 1925 615 damnatum
1955 566 2044 620 esse.
2099 545 2147 615 Sic

121 666 245 735 derent
261 678 344 726 suos
361 672 498 723 errores
514 651 558 718 de
574 645 710 717 iusticia
727 645 832 734 legis,
857 658 892 713 et
908 666 982 711 non
999 664 1111 730 agno·
1163 644 1257 711 enim
1275 642 1419 731 cogitat:
1446 639 1587 713 lusticia
1604 643 1669 715 Dei
1686 646 1921 717 immutabilis
1936 660 2010 730 est,
2023 646 2146 737 punire,

119 774 255 834 scerent
286 756 398 824 lilium
434 749 502 823 Dei
529 763 563 820 et
602 747 776 816 iusticiam
816 744 917 823 fidei,
969 764 1111 812 necesse
1136 778 1140 863 p
1166 759 1200 815 et
1226 743 1379 811 abiicere
1402 744 1659 818 inobedientes.
1722 743 1798 837 Ego
1814 773 1888 818 non
1905 749 2146 839 obtemperavi,

120 866 188 935 luit
209 859 343 952 opponi
368 854 587 946 perspicuam
604 850 863 917 refutationem.
906 842 978 913 Nec
993 857 1111 913 tamen
1136 880 1140 945 p
1168 860 1201 914 et
1218 845 1269 913 sui
1291 840 1515 915 horribiliter
1531 847 1690 937 ingratus
1705 844 1802 933 Deo,
1824 874 1904 919 cum
1922 850 2014 919 adeo
2030 850 2146 919 dilue.

120 980 258 1038 tantum
283 961 325 1028 ad
352 960 440 1026 illud
459 969 597 1043 tempus
620 946 704 1018 haec
729 946 889 1038 Epistola
914 969 1114 1013 accommo·
1137 962 1140 1021 i
1168 949 1214 1016 rit
1232 940 1324 1015 hanc
1341 960 1517 1029 naturam,
1534 961 1574 1018 ut
1587 950 1626 1017 in
1643 974 1720 1019 earn
1737 951 1970 1021 transfuderit
1986 973 2050 1021 sus
2063 974 2146 1021 som·

121 1065 239 1137 danda
256 1073 327 1143 est,
353 1061 412 1127 sed
436 1077 573 1144 semper
593 1074 732 1120 necesse
754 1062 824 1131 est,
849 1061 942 1117 recte
970 1046 1113 1134 agnosci
1166 1071 1225 1119 rna
1247 1048 1366 1131 dona,
1393 1060 1429 1116 et
1461 1051 1582 1120 lecerit
1614 1076 1689 1119 earn
1717 1051 1906 1141 imaginem
1930 1074 2053 1139 snam,
2082 1047 2145 1142 Ego

30 1148 34 1163 Ι
123 1169 235 1238 lilium
254 1162 340 1241 Dei,
367 1154 571 1243 etintelligi
594 1152 771 1222 iusticiam
800 1149 903 1232 fidei,
928 1162 962 1218 et
985 1146 1114 1217 discri-
1169 1163 1203 1220 et
1228 1148 1384 1218 destruxi
1412 1141 1479 1218 hoc
1510 1174 1599 1240 opus
1633 1149 1720 1236 Dei,
1755 1166 1787 1221 et
1812 1153 1926 1221 abieci
1950 1155 2144 1223 sammon,

124 1294 207 1339 Μ
223 1261 309 1354 Ιιῧῖ*
324 1277 359 1331 ‘t
372 1256 569 1349 Emd‘lll·
1167 1267 1198 1321 et
1215 1250 1348 1332 excuui
1365 1244 1584 1322 habitantem
1608 1254 1723 1322 in-me
1735 1248 1872 1327 Deum:
1898 1251 2000 1344 Ergo
2023 1277 2145 1325 nocens

55 1351 60 1368 ⁵
225 1365 467 1436 Concionatur
495 1381 578 1445 ergo
615 1350 701 1425 baec
732 1349 894 1445 Epistola
926 1348 1115 1432 Ecclesiae,
1167 1368 1236 1436 est,
1261 1375 1317 1420 me
1334 1351 1485 1421 vicissim
1505 1355 1621 1425 abiici,

123 1492 235 1565 nsque
258 1468 301 1534 acl
327 1478 521 1532 extremum
536 1457 741 1540 iudicium,
773 1456 863 1524 sicut
887 1455 1114 1522 res'eaedem
1268 1451 1311 1522 ln
1330 1448 1398 1522 hoc
1415 1453 1549 1525 iudicio
1572 1480 1611 1527 ac
1634 1480 1720 1527 vero
1745 1476 1857 1546 agone
1880 1454 1984 1527 nulla
2018 1455 2098 1539 talis
2117 1453 2146 1525 ir

124 1586 225 1644 antea
244 1560 629 1657 a'Prophetistraditae
648 1554 760 1641 sunt,
774 1554 813 1625 in'
826 1555 971 1649 ·quibus
995 1566 1116 1623 extant
1167 1557 1283 1626 Adam
1301 1554 1465 1642 cogitatio
1483 1570 1576 1639 erat,
1597 1572 1633 1626 ¹se
1649 1583 1751 1649 posse
1767 1560 1897 1635 mereri
1914 1558 2146 1629 remissione·

124 1669 364 1747 severissimae
399 1663 590 1763 concinnes
623 1674 747 1757 contra
781 1658 860 1733 illas
902 1651 1117 1747 pharisaicas
1169 1672 1413 1750 peccatorum,
1438 1682 1478 1727 ac
1499 1683 1601 1748 posse
1623 1662 1748 1729 tollere
1771 1675 1975 1751 peccatum,
2001 1662 2066 1728 sed
2082 1682 2147 1729 vere

125 1776 309 1855 tenebras,
335 1784 369 1839 et
390 1758 497 1836 multi
526 1777 670 1856 propter
693 1753 757 1830 has
782 1753 1074 1851 reprehensiones
1095 1780 1115 1827 s
1167 1761 1340 1830 sentiebat
1357 1759 1444 1827 iram
1463 1756 1547 1842 Dei,
1574 1776 1608 1829 et
1634 1784 1670 1830 se
1695 1762 1881 1853 displicere
1896 1759 1996 1847 Deo,
2022 1774 2058 1833 et
2081 1782 2146 1830 vers

126 1871 379 1949 Sacerdotibus
401 1883 437 1938 et
458 1863 658 1936 Pharisaeis
687 1862 863 1933 interlecti
886 1874 983 1931 srsntc·
1040 1857 1115 1929 lmo
1173 1862 1365 1945 sentiebat,
1399 1882 1435 1928 se
1459 1861 1596 1930 nullius
1621 1878 1798 1934 creaturae
1820 1888 1886 1957 ope
1912 1862 2143 1955 iuvaripom‚

126 1977 279 2058 Paulus,
304 1997 384 2041 cnm
414 1969 556 2060 quidem
582 1966 750 2047 affirmet,
775 1987 811 2033 se
833 1964 1033 2033 doctrinam
1058 1984 1116 2030 ac·
1170 1978 1205 2034 et
1230 1976 1477 2052 argumentum
1500 1987 1542 2033 ex
1559 1965 1634 2055 lege
1649 1979 1806 2036 sumtum
1829 1990 1957 2038 verum
1978 1977 2075 2047 erat,
2097 1985 2145 2033 nst

131 2079 264 2170 cepisse
281 2073 459 2144 revelante
475 2069 549 2137 lilio
566 2064 656 2148 Dei,
682 2079 722 2136 ut
737 2068 779 2134 ad
798 2062 943 2134 Galatas
958 2084 1117 2154 expresse
1170 2064 1338 2158 potuisset
1357 2065 1401 2131 ab
1418 2066 1491 2134 ulla
1510 2081 1668 2136 creatura
1686 2066 1788 2140 solvi.

51 2248 58 2261 ‚
130 2177 265 2272 inquit:
293 2190 412 2246 tamen
440 2171 524 2241 citat
547 2167 747 2239 testimonia
773 2163 1052 2257 Prophetarum,
1077 2178 1119 2235 ut
1273 2165 1343 2237 Sed
1371 2167 1465 2235 iilius
1486 2166 1551 2237 Dei
1576 2168 1614 2237 fir
1637 2171 1863 2259 deprecator,
1896 2178 1929 2234 et
1955 2166 2143 2257 poensmio

130 2280 311 2360 ostendat,
344 2298 452 2343 unam
486 2284 690 2361 perpetuam
724 2293 844 2337 vocem
870 2266 1057 2354 Evangelii
1080 2267 1117 2335 in
1171 2294 1244 2339 sese
1281 2268 1449 2338 transfert
1478 2268 1637 2339 mirabili
1670 2285 1704 2339 et
1738 2268 1974 2338 inenarrabili
2002 2267 2142 2340 consilio.

128 2380 393 2457 Eccltslfflsses
421 2373 661 2441 debessssficll⁸
680 2367 851 2450 ῧῙῑὶΒθί,
878 2372 922 2438 de
936 2371 1043 2443 modo
1062 2393 1119 2438 re·
1174 2371 1405 2442 Verissimum
1428 2384 1479 2440 est
1508 2371 1624 2457 enirn,
1657 2372 1833 2440 iusticiam
1854 2369 1925 2440 Dei
1957 2366 2160 2440 immutabi.

129 2478 410 2560 conciliationis,
438 2477 484 2544 de
508 2472 664 2556 iusticia,
692 2472 736 2540 de
762 2470 854 2540 veris
879 2470 1050 2555 cultibus,
1075 2473 1119 2539 de
1171 2474 1239 2542 lem
1259 2493 1351 2558 esse,
1379 2495 1418 2541 ac
1437 2468 1549 2541 Deum
1568 2495 1649 2542 vere
1665 2487 1698 2543 et
1713 2467 1938 2542 horribiliter
1964 2471 2069 2541 irasci
2083 2493 2142 2561 pst·

129 2607 212 2653 vera
238 2578 412 2661 Ecclesia,
438 2589 472 2644 et
491 2578 536 2645 de
551 2575 684 2643 iudicio
703 2570 781 2646 Dei.
1172 2576 1269 2645 catis.
1322 2569 1399 2660 Ego
1424 2573 1582 2663 peccavi,
1608 2571 1704 2665 Ergo
1729 2575 1872 2664 puniar.
1925 2574 2001 2644 Hic
2016 2594 2142 2664 respon·
2168 2636 2171 2651 ,

58 2761 66 2771 ,
231 2675 412 2754 Sed-haec
427 2677 585 2768 Epistola
608 2674 707 2744 Pauli
732 2699 774 2744 eo
799 2674 910 2762 magis
935 2670 1118 2763 perspicua
1173 2679 1232 2746 det
1256 2675 1351 2743 lilius
1367 2672 1449 2744 Dei:
1476 2672 1543 2743 Vel
1567 2673 1684 2746 Adam
1703 2676 1889 2766 punietur,
1917 2675 1978 2745 vel
2001 2674 2143 2744 aliusne
2167 2724 2171 2779 Ι

129 2799 199 2871 est,
233 2784 318 2879 quia
349 2781 506 2857 continet
526 2801 728 2868 ,expressam
754 2772 951 2845 antithesin
976 2788 1119 2845 contra·
1173 2781 1400 2870 deprecante,
1434 2777 1585 2862 scilicet,
1627 2800 1690 2868 ego
1727 2779 1802 2868 ipse
1840 2789 1998 2847 assumta
2039 2782 2171 2845 natura·

130 2890 264 2960 riarum
277 2883 555 2973 sententiarum,
581 2895 612 2949 et
630 2878 756 2949 ordine
779 2878 955 2969 disputat,
981 2888 1020 2946 ut
1035 2876 1121 2946 facit
1144 2908 1147 2921 ·
1173 2877 1348 2962 humana,
1381 2878 1481 2947 cuius
1515 2902 1628 2969 poena
1657 2880 1723 2949 erit
1754 2880 1983 2973 aequivalens
2012 2878 2144 2970 pretiun

131 2990 283 3067 artilex,
307 3010 349 3057 ac
372 2985 627 3076 propemodum
645 2976 838 3050 methodus
858 2994 910 3050 est
926 2977 1121 3058 doctrinae,
1174 3007 1239 3075 pro
1255 3003 1381 3069 genere
1397 2973 1576 3059 hnmano,
1600 2982 1812 3072 persolvam,

132 3115 221 3184 quae
239 3086 417 3159 Ecclesiae
433 3086 582 3177 propria¹
600 3097 673 3175 est,
699 3083 782 3174 quia
805 3081 1018 3171 principales
1045 3102 1122 3148 ma·
1275 3080 1328 3151 De
1359 3076 1425 3150 hac
1455 3082 1663 3152 admiranda
1696 3083 1974 3167 deliberatione,
2017 3078 2171 3169 sapien·-

130 3194 237 3265 terias
252 3190 324 3262 t'am
339 3202 499 3260 accurate
518 3186 686 3277 exponit,
711 3183 880 3255 beneficia
904 3181 1122 3264 mediatoris,
1175 3185 1280 3266 tiam,
1307 3182 1481 3252 iusticiam
1508 3198 1542 3253 et
1564 3184 1843 3255 misericordiam
1870 3181 1935 3252 Dei
1959 3176 2171 3253 considsn·'

133 3294 324 3364 discrimen
352 3291 440 3380 legis
462 3302 496 3357 et
515 3284 724 3377 Evangelii,
750 3284 941 3355 discrimen
963 3283 1122 3353 iustitiae
1147 3284 1149 3291 ’
1175 3287 1293 3357 bimus
1318 3287 1355 3352 in
1383 3285 1453 3354 vita
1480 3299 1633 3359 aeterna.
1693 3284 1766 3355 Nec
1789 3301 1931 3357 nostrae
1965 3293 2101 3376 poenae
2121 3277 2171 3345 in'

132 3396 234 3474 fidel,
258 3407 293 3463 et
314 3392 472 3461 iusticias
488 3413 660 3478 operum,
681 3389 879 3457 doctrinam
897 3387 1035 3456 devera
1053 3382 1124 3455 Ec·
1176 3386 1241 3458 hac
1260 3388 1332 3457 vita
1352 3400 1434 3455 sunt
1451 3388 1605 3476 pretinm
1620 3388 1763 3477 placans
1790 3390 1878 3457 iram
1896 3383 1985 3471 Dei,
2011 3385 2074 3455 sed
2088 3396 2149 3452 tan·
2169 3380 2171 3389 '

132 3497 258 3575 clem·
283 3506 318 3562 ‘¹
341 3495 385 3562 de
403 3492 495 3560 πή*
511 3490 678 3563 ‘¹¹¹²le
804 3542 809 3547 ·
1178 3506 1251 3560 tum
1281 3504 1364 3558 sunt
1388 3488 1486 3577 signa
1511 3502 1545 3558 et
1569 3490 1949 3570 commonefactiones,
1982 3499 2026 3558 nt
2041 3482 2151 3574 cogite·

234 3594 380 3665 Necesse
403 3607 455 3662 est
478 3592 608 3680 igitur,
633 3587 724 3659 banc
743 3587 941 3680 Epistulam
968 3587 1124 3656 familia·
1177 3615 1276 3675 mus,
1310 3589 1424 3660 Deum
1448 3614 1528 3658 vere
1551 3591 1655 3659 irasci
1684 3591 1845 3682 peccatis.
1907 3586 2033 3683 ltaque
2055 3587 2151 3656 Adam

134 3697 272 3767 rissime
296 3709 416 3764 notam
444 3717 518 3762 esse
539 3693 724 3771 omnibus,
758 3706 792 3760 et
815 3714 950 3769 summa
975 3690 1124 3777 vigilan·
1180 3693 1326 3782 ignarus
1353 3685 1469 3760 adhuc
1501 3692 1764 3781 promissionis,
1800 3705 1832 3761 et
1855 3692 2007 3761 audiens
2030 3705 2152 3758 aecurr-

135 3802 183 3871 tia
199 3793 401 3867 adhibenda
422 3810 495 3880 est,
521 3808 562 3865 ut
576 3796 651 3864 eius
666 3793 838 3862 sententia
858 3792 1052 3862 retineatur
1068 3793 1125 3858 in·
1178 3798 1312 3865 tionem
1329 3793 1507 3875 divinam,
1534 3794 1688 3863 lucratur
1704 3817 1782 3862 cum
1802 3805 1916 3862 mon„
1941 3806 1976 3863 e,
2000 3785 2094 3861 nihi}
2109 3806 2152 3856 m.

133 3915 307 3991 corrupta.
359 3896 428 3968 Sed
460 3910 648 3988 antequam
679 3899 723 3965 de
759 3893 969 3983 corruptelis
999 3895 1126 3973 dicam,
1179 3920 1286 3988 quam
1308 3895 1432 3962 auxilii
1456 3893 1564 3965 videt.
1615 3894 1694 3963 Etsi
1718 3909 1835 3965 autem
1861 3910 1967 3965 antea
1993 3891 2152 3983 trepidare

133 4004 232 4095 prius
255 4000 410 4070 recitabo
436 4022 609 4067 summam
637 3996 820 4066 doctrinae
842 3997 886 4064 de
904 3995 1126 4064 iustificatio·
1179 4009 1359 4088 coeperat,
1385 3994 1481 4063 soliis
1513 3997 1568 4064 fici
1594 4004 1713 4087 tegens
1736 4010 1869 4088 partem
1902 3995 2086 4087 corporis,
2114 4001 2152 4058 ts·

133 4131 198 4190 ne,
225 4116 264 4174 ut
282 4114 399 4193 postea
416 4100 558 4170 collatio
582 4099 691 4185 magis
706 4097 888 4186 perspicua
916 4097 972 4164 sit.
1180 4122 1260 4167 men
1276 4099 1436 4166 noudum
1459 4098 1497 4164 in
1523 4106 1619 4166 tanto
1637 4099 1761 4167 dolore
1782 4099 1913 4183 luerat,
1939 4087 2152 4166 nondnmsit

134 4235 296 4301 Summo
317 4229 548 4295 doctrinas
570 4233 615 4290 in
637 4231 825 4309 scriptis
850 4224 1128 4308 prophetam
1179 4212 1334 4269 senserat
1351 4199 1438 4267 iram
1452 4195 1534 4266 Dei:
1558 4213 1676 4287 postea
1693 4224 1776 4269 vero
1791 4196 2154 4292 loquenteDeosgm·

136 4333 174 4384 es
195 4316 457 4404 apostolicis
479 4314 698 4388 traditas,
720 4314 767 4374 de
790 4311 1128 4394 iustificatione
1180 4301 1245 4371 scit
1262 4300 1338 4370 istis
1355 4299 1450 4368 foliis
1465 4299 1520 4369 fici
1536 4324 1610 4369 non
1626 4302 1695 4391 tegi
1712 4314 1862 4393 peccata.
1904 4298 2073 4370 Tandem
2088 4311 2154 4364 vers

492 4420 632 4464 cvrum
662 4398 760 4464 ΠΜ·
1180 4403 1282 4471 audit
1307 4401 1603 4487 consolationem,
1630 4428 1709 4472 curn
1739 4402 1950 4493 promissio,
1978 4413 2153 4470 exarasse

236 4504 418 4594 Principio
442 4507 597 4573 recitabo
623 4505 695 4571 duo
721 4501 897 4591 exempla,
932 4523 1022 4591 quae
1046 4499 1126 4569 ideo
1184 4503 1334 4572 consilio
1350 4500 1419 4570 Dei
1437 4504 1594 4591 prolata,
1617 4507 1883 4595 promulgatur,
1902 4526 1996 4596 qnae
2013 4501 2155 4577 affimat

136 4633 273 4700 semper
294 4608 332 4676 in
348 4620 538 4696 conspectu
563 4606 653 4688 sint,
680 4626 752 4672 non
778 4602 893 4672 solum
918 4603 1000 4694 quia
1018 4614 1126 4671 totam
1182 4629 1300 4674 semen
1316 4604 1479 4672 mulieris
1495 4619 1686 4676 venturum
1702 4629 1794 4693 esse,
1814 4630 1886 4700 quo
1902 4627 2030 4676 rursus
2044 4601 2155 4674 tolles·

110 4709 230 4781 ‘banc
261 4709 458 4781 doctrinam
486 4708 689 4790 illustrant,
730 4706 949 4787 sedetiam,
994 4716 1033 4772 ut
1063 4726 1128 4772 nos
1181 4710 1265 4777 dum
1283 4706 1328 4775 sit
1346 4719 1539 4794 peccatum.

136 4815 231 4905 ipsos
247 4814 291 4881 de
307 4810 525 4899 poenitentia
549 4811 651 4880 etde
677 4830 757 4876 vera
773 4806 1015 4877 consolatione
1032 4828 1128 4875 corn·
1282 4804 1407 4898 Recipi
1433 4807 1543 4896 igitur
1568 4829 1605 4876 se
1619 4800 1735 4878 Adam
1761 4808 1950 4899 intelligit,
1976 4820 2014 4879 et
2029 4802 2156 4896 erigitur

129 4915 385 4986 'monefaciana
1181 4909 1250 4979 fide
1282 4902 1389 4979 huius
1416 4910 1681 4998 promissionis,
1722 4924 1756 4980 et
1786 4926 1931 5001 propter
1961 4905 2035 4979 hoc
2056 4921 2156 4979 semen

239 5012 330 5087 Cum
346 5012 463 5082 Adam
478 5024 559 5101 post
571 5011 747 5105 lapsnma
759 5002 1029 5099 Deo'arguitur,
1042 5005 1129 5080 bor·
1183 5010 1323 5094 statuit,
1350 5032 1385 5077 se
1403 5012 1473 5078 iam
1492 5012 1627 5101 placere
1644 5010 1738 5095 Deo,
1765 5012 1902 5082 etiamsi
1926 5012 2036 5101 longe
2055 5006 2158 5079 defos-

139 5117 293 5187 ribiliter
308 5113 517 5206 expavescit,
543 5114 649 5206 quia,
671 5135 751 5183 cum
762 5109 858 5181 Deus
876 5113 952 5209 ipse
966 5135 1028 5183 sua
1043 5135 1129 5182 voce
1181 5111 1276 5181 mior
1300 5125 1394 5195 erat,
1420 5135 1525 5204 quarn
1547 5114 1663 5182 suerat
1684 5127 1766 5184 ante
1797 5115 1948 5207 lapsum.
2006 5110 2085 5183 Hac
2102 5108 2158 5199 its·

139 5232 277 5288 accusat
307 5230 524 5299 creaturam,
563 5238 638 5283 non
671 5213 926 5300 existimemus,
973 5214 1127 5285 otiosum
1184 5236 1253 5306 que
1273 5213 1342 5282 fide
1365 5213 1491 5306 accipit
1512 5215 1754 5285 remissionem
1774 5230 2020 5308 peccatorum,
2056 5226 2091 5282 et
2111 5211 2158 5277 dt·

139 5341 212 5390 esse
237 5317 474 5412 colloquium,
508 5316 566 5387 ssd
591 5317 692 5389 Deus
716 5315 881 5406 estignis
907 5338 1128 5402 consumens,
1186 5316 1268 5385 inde
1284 5315 1399 5386 iustus
1414 5329 1465 5386 est
1481 5339 1601 5387 coram
1620 5316 1718 5402 Deo,
1744 5320 1879 5391 accedit
1893 5320 1936 5390 ad
1955 5315 2093 5408 Deum,
2117 5312 2161 5380 ia·
