4522 5782
27 187 106 285 645
161 128 167 137 ·
207 187 311 271 Xlll.
360 192 399 265 2.
429 182 795 267 consuscitatur
821 182 872 261 tu
895 180 1049 260 urts't.
1074 178 1314 311 reuulso
1340 180 1605 263 hostanos.
1658 186 1763 272 Chl‘.
1789 192 1867 269 Vll.
1987 192 2064 280 ild

30 365 105 441 dita
128 385 215 437 rone
241 360 428 456 Evangelii
450 360 592 454 erigunt
619 385 674 449 se,
705 375 741 435 ot
770 382 890 432 reram
914 360 1020 431 idem
1072 376 1134 459 ros
1157 372 1191 432 et
1211 360 1316 430 rivus
1335 372 1454 429 motus
1477 358 1607 442 animi,
1631 365 1690 432 sed
1706 377 1757 435 est
1773 366 1885 438 otiosa
1909 369 2063 448 imitatio

31 467 261 561 concipiunt,
296 479 385 539 tnnc
413 467 593 558 incipiunt
621 464 738 536 Deum
767 486 958 554 agnoscere
986 476 1021 533 et
1072 462 1224 545 interior
1247 464 1302 533 vel
1324 462 1491 549 exterior,
1527 484 1591 563 occ
1615 465 1665 536 ibi
1686 481 1800 559 potest
1816 492 1889 541 esse
1904 498 1985 546 vera
2003 475 2062 550 in-

33 571 219 657 inrocare,
250 581 286 641 et
314 581 474 642 statuunt
503 567 573 638 sibi
597 566 751 656 ignosci,
783 589 820 636 se
847 565 1019 650 exaudiri,
1072 565 1231 650 vocatio,
1269 565 1333 635 ubi
1366 589 1428 637 cor
1457 590 1530 637 non
1556 562 1792 663 apprehendit
1814 574 2058 653 remissionem

34 685 216 763 expectant
240 672 370 742 bonna
391 667 481 745 Deo.
530 668 591 740 Sic
609 672 654 739 de
676 671 838 740 libertate
860 666 1021 763 loquitur
1071 681 1305 759 pcccatorum.

35 767 251 851 scotinus.
273 772 313 846 d.
371 769 419 844 Et
443 768 501 842 hic
524 771 594 855 ait,
620 772 867 843 liberationem
891 770 1019 840 exilia
1172 765 1328 840 Econtra
1343 768 1498 861 Spiritus
1522 772 1695 860 significat
1717 801 1818 848 veros
1845 794 1961 853 motus
1983 785 2056 877 spi-

37 876 236 969 captivitate
252 876 301 947 ita
317 874 468 960 heri,ot
483 874 552 944 ism
569 875 677 944 corda
690 875 838 944 liberata
852 872 1020 941 difliden·
1070 870 1235 961 rituales,
1270 873 1403 945 scilicet
1432 897 1556 943 verum
1579 875 1742 945 timorem
1772 879 1839 950 Dei
1873 895 1907 952 et
1937 907 2056 957 veram

38 979 100 1061 tia,
127 1000 213 1048 rere
228 990 418 1068 agnoscant
436 972 564 1048 Deum.
617 973 703 1047 ldeo
724 976 791 1047 ait:
822 971 871 1047 Ut
885 973 1020 1045 servia·
1069 972 1258 1058 fiduciam,
1284 998 1374 1069 quae
1386 976 1637 1067 concipiuntur
1650 979 1686 1047 in
1704 1005 1784 1051 vera
1802 985 2057 1075 consolatione,

37 1079 169 1153 morin
186 1079 345 1152 novitate
364 1077 523 1171 spiritus.
1071 1100 1150 1146 cum
1175 1076 1307 1147 scilicet
1338 1079 1443 1147 corda
1467 1078 1505 1146 in
1530 1081 1726 1150 terronbus
1750 1084 1890 1174 erigunt
1912 1110 1948 1157 se
1970 1113 2054 1180 pro·

1070 1178 1238 1248 missione
1260 1173 1468 1270 Evangelii,
1488 1192 1521 1249 et
1556 1177 1831 1272 apprehendunt
1851 1189 2054 1263 misericor·

1069 1279 1184 1366 diam,
1223 1293 1368 1372 propter
1399 1276 1582 1352 Christum
1612 1286 1838 1375 promissam:
1879 1291 1934 1361 lbi
1970 1315 2051 1364 cum

128 1383 330 1477 Descripsit
346 1383 550 1455 servitutem
566 1383 634 1453 sub
657 1381 733 1473 lege
751 1381 874 1473 paucis
898 1381 1018 1453 verbis
1068 1396 1263 1471 agnoscunt
1292 1382 1607 1468 misericordiam,
1631 1386 1807 1478 incipiunt
1836 1415 1917 1462 vere
1947 1395 2052 1466 invo-

39 1491 71 1561 in
91 1488 321 1561 conclusione
343 1486 521 1578 proxima,
554 1481 663 1573 Quod
692 1484 855 1556 videlicet
885 1485 940 1553 lex
964 1498 1017 1555 te-
1067 1506 1146 1554 care
1168 1481 1303 1567 Deum,
1337 1500 1371 1556 et
1401 1509 1482 1554 vere
1512 1500 1691 1576 expectare
1721 1493 1767 1562 ab
1797 1516 1838 1561 eo
1866 1496 2051 1583 auxilium,
2147 1534 2153 1544 ,

39 1605 112 1663 neat
132 1589 273 1683 captiva
295 1591 422 1673 corda,
456 1601 490 1659 et
510 1585 742 1657 diffidentiam
766 1586 1017 1658 acdubitatio·
1067 1610 1148 1655 vere
1169 1586 1316 1677 diligere
1337 1603 1401 1662 etc.
1453 1585 1501 1655 lli
1526 1602 1642 1659 motus
1674 1607 1755 1662 sunt
1784 1595 1857 1663 veri
1879 1599 1993 1668 cultos
2016 1613 2051 1672 et

38 1714 112 1765 oern
131 1705 275 1783 augeat,
309 1714 400 1786 quae
421 1688 568 1781 pariunt
588 1687 888 1779 desperationem,
920 1689 1016 1758 blas-
1066 1711 1159 1758 nova
1183 1688 1404 1774 obedientia,
1435 1690 1480 1758 de
1500 1714 1570 1782 qua
1597 1685 1654 1761 hic
1674 1691 1843 1785 loquitur.
1895 1694 1941 1767 Et
1965 1715 2049 1772 sunt

36 1790 229 1889 phemiam,
253 1806 290 1864 et
311 1803 479 1864 avertunt
501 1790 609 1860 corda
630 1812 651 1859 a
674 1786 772 1873 Deo,
796 1802 837 1860 ut
855 1804 963 1862 ruant
976 1791 1014 1859 in
1038 1744 1043 1829 l
1065 1790 1204 1860 excitati
1218 1813 1239 1860 a
1255 1788 1392 1881 Spiritu
1415 1806 1554 1876 sancto,
1581 1793 1698 1884 quiin
1720 1796 1780 1866 illa
1797 1801 2049 1884 consolatione,

117 1239 233 1320 Nunc
254 1250 371 1318 autem
388 1239 542 1316 liberati
562 1268 587 1315 a
609 1238 846 1338 legcsnmns,
870 1250 933 1321 etc.

36 1895 125 1968 saria
142 1906 298 1987 peccatu.
1065 1915 1145 1962 cum
1161 1892 1229 1960 frde
1244 1892 1431 1982 erigimur,
1452 1894 1664 1991 concipitur.
1706 1895 1805 1969 Sicut
1821 1901 1938 1994 inquit
1955 1901 2049 1975 Pau·

122 1994 268 2073 Deinde
303 1993 406 2067 addit
431 1990 609 2063 libertatis
645 1987 936 2081 descriptionem,
979 2002 1014 2060 et
1065 1995 1120 2066 lus
1137 1989 1219 2067 Gal.
1236 1994 1289 2063 S:
1326 1991 1373 2065 Ut
1389 1995 1658 2086 promissionem
1675 1998 1821 2088 spiritus
1837 2003 2048 2094 accipiamus

33 2099 185 2191 primum
206 2097 344 2193 inquit,
373 2094 450 2169 Nos
470 2106 630 2165 mortuos
656 2115 729 2164 esse
761 2091 849 2181 legi,
880 2090 917 2161 id
948 2105 1012 2175 est,
1063 2095 1262 2189 perfidem.
1296 2093 1356 2166 Sic
1371 2096 1744 2185 igiturdiscernuntur
1759 2100 1914 2191 Spiritus
1932 2118 1964 2176 et
1982 2105 2046 2177 Li-

31 2202 197 2275 liberatos
215 2201 262 2272 ab
285 2199 348 2270 illa
363 2195 583 2293 captivitate:
605 2194 688 2288 quia
706 2189 937 2283 Evangelium
959 2193 1014 2263 af·
1062 2211 1149 2270 tera.
1202 2195 1357 2289 Spiritus
1379 2197 1549 2287 significat
1573 2199 1672 2269 vivos
1696 2216 1815 2273 motos
1838 2205 2004 2278 excitatos
2025 2232 2046 2280 a

31 2305 93 2376 fert
115 2301 363 2375 remissionem
386 2313 623 2393 peccatorum.
680 2294 802 2389 Neque
824 2295 921 2365 enim
947 2319 1012 2386 po-
1063 2297 1201 2391 Spiritu
1219 2314 1350 2370 sancto.
1401 2298 1519 2368 Litora
1544 2324 1627 2370 vero
1647 2303 1893 2392 cogitationes,
1926 2309 2046 2380 inten-

31 2419 93 2478 tat
117 2403 284 2477 invocari
306 2401 424 2487 Deus,
447 2414 510 2473 aut
532 2396 674 2472 obediri
695 2394 790 2483 Deo,
821 2397 891 2467 nisi
913 2398 1012 2489 prius
1062 2401 1196 2488 tiones,
1229 2399 1407 2494 proposita
1434 2413 1468 2470 et
1497 2401 1712 2473 imitationes
1739 2408 1815 2476 sine
1837 2433 1921 2478 vero
1946 2426 2046 2484 motu

33 2521 169 2606 mm
191 2505 400 2578 ”missione
422 2516 661 2595 mmmmm,
702 2500 786 2593 qui,
809 2500 923 2570 donae
951 2520 1012 2569 iu.
1035 2454 1040 2543 l
1063 2504 1197 2576 cordis:
1224 2518 1259 2575 et
1274 2517 1392 2573 tamen
1407 2503 1509 2575 litera
1526 2506 1570 2573 ad
1586 2505 1811 2598 disciplinam
1835 2511 2001 2600 pertinet.

32 2632 105 2679 mos
122 2608 256 2701 captivi
270 2608 377 2699 legis,
400 2629 465 2677 nec
481 2604 648 2677 audimus
668 2601 911 2673 remissionem
930 2625 1013 2694 pec·
1164 2603 1287 2677 Utitur
1300 2618 1415 2674 autern
1437 2606 1608 2676 vocabulo
1624 2607 1837 2696 Serviamus,
1859 2636 1933 2682 non
1951 2617 2047 2707 quod
2098 2640 2104 2649 ’

33 2723 205 2797 catorum,
240 2713 405 2782 nondum
429 2706 633 2798 agnoscitur
662 2704 803 2775 bonitas
821 2702 907 2786 Dei,
937 2728 1011 2773 non
1036 2724 1039 2777 ε
1062 2731 1157 2779 nora
1177 2707 1380 2777 obedientia
1403 2707 1448 2777 sit
1474 2707 1555 2776 talis
1577 2711 1745 2798 servitus,
1772 2714 1887 2807 qualis
1912 2728 1966 2786 est
1988 2718 2046 2787 iu·

34 2812 187 2885 sentiunt
201 2814 307 2883 corda
322 2832 388 2882 nos
403 2808 582 2893 exaudiri,
607 2806 750 2897 fugiunt
771 2806 860 2875 iram
885 2803 953 2875 Dei
976 2818 1012 2876 et
1062 2811 1161 2881 sticia
1176 2808 1282 2899 legis,
1307 2809 1366 2877 scd
1391 2822 1430 2877 ut
1444 2811 1566 2879 doceat
1580 2810 1684 2881 etiam
1701 2813 1830 2886 noiant
1850 2832 2046 2889 creaturam

35 2910 380 2987 avertuntursDeo·
432 2910 704 3003 Scdpostquam
727 2921 865 2996 accepta
887 2921 936 2977 est
953 2931 1011 2976 re·
1062 2912 1254 2984 subiectam
1287 2933 1360 2979 esse
1393 2907 1491 2995 Deo,
1529 2926 1561 2980 ⁰¹
1584 2913 1782 2984 ⁰rt¹l¹¹³¹³¹¹¹
1806 2919 1849 2987 id
1874 2919 2048 2990 widlin-

34 3016 147 3087 mingo
160 3027 384 3106 mmmmm
409 3037 472 3104 per
487 3008 720 3099 Evangelium
746 3022 782 3080 et
794 3009 1011 3098 agnitionem
1034 3016 1039 3049 ¹
1062 3015 1168 3098 tiam,
1192 3011 1327 3083 etiamsi
1346 3012 1405 3081 illa
1422 3012 1623 3082 obedientia
1647 3029 1699 3085 est
1721 3018 1934 3091 voluntaria.
1987 3022 2046 3094 si-

34 3112 180 3200 cheud,
206 3130 292 3189 tnnc
313 3116 440 3208 incipit
457 3112 678 3185 obedientias
704 3111 787 3204 quia
809 3110 881 3179 iam
902 3132 1011 3200 agno·
1062 3131 1120 3187 cut
1135 3117 1179 3185 ad
1195 3107 1367 3202 Ephesios
1384 3113 1519 3206 inquit:
1548 3108 1663 3205 Ipsius
1686 3141 1808 3188 sumus
1824 3144 1931 3212 opus,
1958 3148 2046 3196 con·
2127 3108 2130 3113 Ι
2217 3096 2223 3103 .

37 3220 157 3291 scimus
172 3220 390 3292 voluntatem
410 3215 497 3301 Det,
521 3215 618 3309 quod
642 3212 728 3282 velit
748 3234 815 3282 1¹⁰⁸
834 3213 1012 3296 exaudire,
1061 3218 1128 3288 diti
1146 3219 1182 3285 io
1199 3210 1342 3287 Christo
1361 3212 1437 3284 lesu
1452 3218 1494 3284 ad
1518 3216 1611 3285 bona
1633 3243 1759 3311 opera,
1784 3245 1874 3315 qsrae
1899 3225 2046 3297 ordina·

38 3321 113 3394 relit
137 3320 316 3401 misereri,
349 3319 420 3389 iam
451 3320 667 3389 invocamus.
722 3312 807 3385 ldeo
832 3308 891 3384 hic
913 3315 1012 3400 dieis,
1061 3321 1113 3391 vit
1135 3316 1251 3401 Dens,
1276 3317 1377 3388 utin
1403 3318 1453 3384 eis
1477 3319 1707 3391 ambulemus.
1759 3321 1805 3393 Et
1819 3320 1945 3395 Esaiae
1966 3326 2045 3403 61.:

40 3436 112 3495 tnnc
126 3423 264 3495 incoari
286 3421 549 3508 obedientiam,
574 3417 719 3512 qnando
742 3442 761 3487 a
784 3417 859 3504 lege
880 3416 1010 3487 libera-
1061 3420 1295 3491 Vocabuutur
1315 3419 1459 3488 arbores
1479 3419 1609 3505 iustae,
1641 3435 1674 3491 et
1696 3425 1876 3516 plantulae
1896 3424 2048 3500 Domini

40 3548 109 3596 tour
128 3549 193 3620 per
213 3526 339 3610 fidem,
376 3523 414 3595 id
442 3537 514 3603 ²⁸12
539 3521 682 3615 ‘windo
710 3519 749 3588 5¹¹
771 3513 916 3589 Christo
940 3517 1009 3587 lam
1060 3525 1103 3594 ad
1121 3521 1408 3614 glorificandum,
1434 3522 1470 3590 id
1487 3535 1610 3605 est,ut
1625 3524 1820 3613 glorificent
1835 3528 1953 3601 Deum
1971 3555 2046 3603 non

41 3628 252 3717 agnouimus
272 3629 490 3698 volunlatem
517 3638 552 3695 si
575 3621 770 3693 bonitalem
794 3617 874 3689 Del·
932 3616 1009 3689 Do·
1059 3626 1213 3697 afficiant
1228 3620 1342 3692 Deum
1363 3625 1576 3693 contumelia
1593 3650 1655 3716 per
1675 3630 1851 3701 scandalo.

41 3730 207 3820 tetigitur
221 3725 308 3799 haee
328 3726 501 3799 sententia
515 3726 624 3795 clare:
651 3722 759 3812 Quod
782 3721 859 3792 sine
883 3722 953 3790 fide
975 3736 1010 3792 et

41 3845 124 3901 utra
148 3832 255 3901 iidem
277 3829 316 3899 io
331 3825 532 3912 Christum,
555 3850 629 3896 non
656 3826 817 3916 placeant
837 3820 913 3892 Deo
935 3824 1009 3892 ulla
1874 3894 1880 3901 ,

41 3954 155 4022 opera,
173 3956 240 4013 nec
256 3931 329 4005 sint
340 3931 478 4003 iusticia
493 3952 556 3999 seu
573 3926 773 3998 obedientia
787 3948 869 4016 erga
883 3921 1011 4010 Deum,
1162 3922 1336 3997 Absoluta
1359 3927 1594 4016 digressione,
1628 3932 1720 4002 redit
1743 3936 1786 4002 ad
1816 3933 1913 4004 illam
1936 3938 2045 4012 colla·

40 4032 89 4103 rel
102 4036 214 4107 cultus
228 4032 316 4119 Dei,
336 4034 427 4105 sicut
448 4052 554 4123 supra
578 4027 713 4122 inquit:
739 4026 807 4097 Per
827 4049 932 4120 quem
950 4050 1011 4098 ac·
1060 4031 1213 4115 tionem,
1238 4052 1344 4121 quam
1367 4053 1473 4122 supra
1492 4029 1648 4103 instituit
1665 4035 1709 4102 de
1724 4035 1798 4124 lege
1812 4049 1845 4108 et
1859 4038 1903 4106 de
1923 4043 2047 4129 gratia.

37 4157 160 4210 cessum
174 4132 350 4209 habemns
371 4136 415 4206 ad
431 4131 560 4206 Deum.
1062 4131 1116 4206 Ac
1130 4130 1314 4222 praecipue
1332 4126 1390 4201 hic
1408 4132 1639 4203 concionatur
1654 4136 1697 4223 de
1713 4158 1779 4205 usu
1802 4137 1906 4227 legis,
1928 4155 1968 4212 ut
1983 4137 2047 4214 has

124 4233 308 4311 Discernit
330 4251 448 4310 autern
468 4256 597 4306 novam
620 4229 859 4303 obedientiam
883 4254 904 4300 a
934 4253 1013 4301 car·
1063 4238 1151 4305 duas
1167 4231 1354 4324 opiniones
1376 4258 1448 4303 non
1471 4246 1606 4304 tantum
1630 4234 1669 4303 in
1692 4234 1850 4322 ludaeis,
1877 4243 1936 4310 sed
1963 4244 2047 4313 nni-

26 4341 122 4431 nali,
148 4357 185 4413 et
215 4364 344 4411 novam
368 4352 468 4409 vocat
496 4335 735 4428 spiritualem,
759 4334 906 4403 alteram
928 4356 1014 4401 vero
1064 4334 1248 4406 versaliter
1263 4333 1300 4403 in
1317 4335 1478 4405 omnium
1501 4335 1628 4403 animis
1650 4332 1850 4419 haerentes,
1877 4347 2049 4416 emendet.

36 4458 128 4515 vocat
142 4456 350 4517 vetustatem
365 4442 501 4512 literae.
534 4435 649 4528 Supra
665 4451 782 4506 autem
799 4434 934 4505 dictum
951 4448 1015 4520 cst,
1065 4435 1203 4511 Omnes
1226 4436 1320 4505 euim
1345 4435 1583 4526 imaginantur
1605 4437 1778 4508 iusticiam
1806 4443 1907 4533 legis,
1941 4472 2047 4541 quam

34 4540 184 4618 biteram
209 4544 406 4635 significare
429 4561 553 4611 omnes
573 4537 824 4628 cogitationes,
857 4550 1016 4621 conatus,
1068 4552 1241 4632 praestare
1256 4532 1365 4608 homo
1383 4551 1511 4627 potest,
1524 4539 1721 4609 satisfacere
1740 4542 1827 4631 legi,
1853 4562 1885 4614 et
1901 4571 1973 4619 esse
1992 4550 2049 4618 iu.

34 4648 141 4719 bonas
169 4640 406 4729 intentiones,
439 4643 524 4714 item
549 4663 674 4732 opera,
707 4663 797 4732 quae
818 4636 908 4708 ratio
932 4639 1017 4709 facit
1066 4642 1203 4713 stiriam
1228 4663 1346 4709 coram
1369 4639 1461 4723 Deo,
1489 4635 1555 4708 hoc
1571 4654 1641 4730 est,
1669 4637 1912 4717 hominesnec
1928 4651 2049 4722 rident

33 4752 104 4822 sine
121 4773 211 4823 vero
227 4749 355 4819 timore
369 4744 458 4825 Dei,
483 4743 706 4815 etsinevcra
727 4740 854 4811 fiducia
871 4734 1017 4825 Christi,
1067 4755 1247 4836 peccatum
1279 4755 1313 4812 et
1346 4740 1611 4833 corruptionem
1641 4757 1803 4816 naturae:
1836 4772 1900 4818 nec
1929 4752 2050 4824 rident

33 4871 61 4927 ct
82 4854 162 4924 sine
183 4848 324 4943 Spiritu
354 4861 485 4919 sancto.
543 4844 644 4916 Sicut
666 4842 753 4915 Saul
780 4838 887 4912 habet
906 4843 1019 4912 bonas
1069 4845 1312 4937 disciplinam,
1338 4867 1444 4937 quarn
1461 4857 1641 4938 utcunque
1659 4861 1837 4935 praestant
1852 4876 1913 4941 per
1927 4854 2050 4942 legem,

34 4955 269 5037 intentiones,
294 4952 389 5023 bona
414 4947 612 5042 proposita,
635 4946 731 5039 quod
756 4943 840 5014 velit
855 4940 930 5014 Deo
945 4968 1019 5014 ser·
1070 4970 1145 5018 non
1176 4947 1371 5017 satisfacere
1399 4946 1487 5035 legi,
1519 4972 1592 5017 non
1623 4970 1697 5019 esse
1725 4948 1900 5020 iusticiam
1932 4976 2050 5022 coram

33 5059 116 5131 rire.
173 5052 282 5140 ltem,
305 5049 752 5124 sacrificatetintereanec
773 5046 939 5116 timorem
956 5041 1020 5116 ha·
1070 5047 1159 5120 Deo.
1212 5046 1426 5141 Quanquam
1450 5060 1565 5117 autem
1594 5050 1674 5119 illas
1701 5052 1888 5141 opiniones
1909 5055 1953 5123 de
1975 5055 2052 5146 lege

37 5162 102 5247 bet,
134 5180 203 5231 nec
232 5179 352 5227 reram
382 5155 500 5227 fidem.
569 5148 668 5221 Sicut
687 5147 855 5220 contritio
877 5151 1020 5239 quando
1070 5150 1222 5220 maxime
1235 5150 1470 5222 defendebant
1485 5146 1625 5234 ludaei,
1649 5164 1767 5220 tameo
1790 5167 1872 5223 sunt
1892 5178 2054 5227 commu·

35 5284 106 5333 non
131 5273 184 5333 est
206 5279 313 5330 retus
332 5257 456 5341 dolor,
480 5252 541 5326 sed
559 5249 723 5321 accersita
744 5248 942 5329 moesticia,
969 5262 1022 5319 est
1070 5274 1135 5322 nes
1165 5251 1324 5322 omnium
1348 5247 1555 5336 hominum,
1586 5264 1620 5320 et
1640 5252 1840 5323 refutantur
1865 5256 1911 5326 ab
1933 5251 2055 5328 Eran-

33 5363 146 5439 liters.
182 5357 268 5433 ldeo
291 5357 533 5431 enimdicitor
556 5353 679 5438 litera,
704 5349 879 5445 quianon
896 5363 1022 5422 estve·
1070 5353 1182 5447 gello,
1205 5352 1301 5447 quod
1317 5351 1549 5523 ⁶⁰⁰‘i4'i‘i‘m
1569 5376 1644 5424 non
1665 5375 1738 5424 esse
1760 5369 1896 5426 tantum
1912 5359 2053 5436 civilem

1324 3784 1431 3886 Quid
1451 3789 1568 3883 igitur
1593 3787 1781 3867 dicemus?
