4522 5782
88 225 164 321 m
258 280 287 303 ,.
389 280 393 287 ,
515 132 548 269 ¹.
693 178 1202 265 rutundusctttera
1231 164 1533 253 Exffllss'lcd.
1775 190 1806 231 ..·
1876 162 1964 231 tls
2045 184 2048 205 ·

87 409 175 479 ιεει,
200 387 296 461 bunc
311 390 530 455 contemtum
550 392 631 439 vere
666 384 738 433 εεεε
767 371 968 450 peccatum:
996 376 1079 443 ergo
1238 348 1429 439 Praecepto
1452 350 1497 417 de
1520 348 1674 456 vitandis
1695 351 1872 421 scandalis
1893 348 2048 420 adiecit«

90 497 207 570 omnis
237 487 328 561 actio
359 494 482 555 contra
514 465 768 545 conscientiam
808 474 860 529 est
891 480 970 525 vere
1002 480 1082 548 pec·
1138 472 1221 523 tuor
1257 452 1431 534 rationes,
1473 452 1596 542 plenas
1633 449 1861 524 Christianae
1901 451 2048 522 eruditis

1141 554 1259 625 l‘ritna
1272 565 1387 623 sumta
1404 566 1457 623 εει
1478 578 1520 622 ex
1544 578 1671 642 genere
1687 580 1852 646 opernm,
1875 557 1975 648 quod
1999 554 2048 621 vic

814 727 821 742 ‚
1141 671 1195 727 cet
1216 679 1310 725 usna·
1325 656 1642 725 rcrrsmdieinitus
1661 660 1849 727 ordinatus
1870 673 1908 727 et
1929 678 2049 725 conces

262 753 322 828 Τιι
339 750 423 852 puis
441 772 495 832 ⁶⁸2
521 738 588 852 poi
602 728 745 805 ludim
761 724 913 798 (φωρ
1142 780 1288 850 peraeae
1304 782 1377 826 non
1392 756 1437 827 sit
1452 758 1675 840 immundus,
1691 783 1752 829 seu
1771 754 1984 849 prohibitus
2035 755 2049 825 l

200 893 329 965 Tradit
352 887 510 976 regulam
533 868 763 945 necessariam
788 865 825 932 in
845 858 1020 945 Ecclesia,
1044 884 1089 929 ne
1142 860 1280 952 inquit,
1311 856 1404 928 nihil
1427 883 1500 927 esse
1526 884 1714 930 commune
1735 887 1800 953 per
1819 886 1902 933 sese.
1962 861 2049 949 App·

125 999 374 1071 nidlaciamus
398 996 521 1056 contra
545 970 809 1045 conscientiam.
863 963 990 1035 Postea
1007 988 1089 1053 pro·
1142 964 1237 1033 enirn
1264 984 1474 1043 commune,
1508 957 1752 1052 prophanum,
1787 964 1973 1045 illicitum,
2007 984 2048 1050 pr

100 1030 202 1175 llibet
224 1110 364 1165 mutuas
386 1075 702 1157 condemnationes
731 1070 769 1137 in
794 1092 860 1139 usu
882 1066 1090 1137 intlillercn·
1143 1062 1278 1143 bitom,
1321 1088 1393 1133 aon
1431 1082 1608 1149 sustctum,
1648 1090 1746 1133 more
1783 1066 1947 1137 ludaico..
2011 1060 2049 1131 ln

103 1207 193 1276 tium
237 1210 277 1267 ut
292 1196 426 1263 rituum
452 1185 497 1250 de
511 1176 622 1259 cibis,
647 1172 792 1254 dicbus,
826 1183 862 1240 et
881 1171 960 1238 aliis
983 1164 1089 1239 huius
1142 1165 1239 1237 enim
1265 1190 1345 1235 curn
1368 1179 1542 1235 vocentur
1567 1168 1720 1257 populus
1735 1167 1824 1251 Dei,
1849 1181 1884 1236 et
1904 1178 2047 1235 sanctus

105 1253 255 1394 genelis.
308 1290 357 1361 Et
373 1286 474 1356 addit
498 1288 746 1366 argumentum
769 1275 813 1343 de
841 1272 984 1340 indicio.
1033 1268 1090 1337 lu·
1142 1280 1215 1351 est,
1239 1268 1632 1359 separatusagentibus
1645 1273 1689 1337 ad
1705 1271 1840 1339 cultum
1859 1267 2043 1349 Dei,voea

106 1404 241 1474 dicium
266 1408 317 1463 εει
333 1385 485 1459 Christi:
514 1405 596 1469 crgo
619 1401 684 1447 nos
708 1400 781 1445 non
805 1377 973 1443 debemus
989 1371 1091 1438 asabis
1144 1383 1264 1441 sancta
1287 1371 1427 1455 omnia,
1455 1393 1609 1461 quorum
1633 1393 1715 1440 usus
1739 1371 1825 1469 ipsis
1841 1392 2049 1440 concessust

107 1521 272 1588 arrogare
295 1490 489 1570 iudicium,
516 1482 681 1552 videlicet
702 1482 748 1548 de
768 1475 981 1547 corsscientia
1005 1472 1090 1541 alte·
1146 1468 1192 1541 Et
1207 1471 1351 1564 quidem
1366 1486 1466 1541 erant
1481 1486 1617 1556 sancta,
1631 1474 1715 1564 quia
1728 1488 1828 1542 erant
1842 1474 2009 1542 ordinata
2026 1494 2046 1537 v

106 1606 182 1674 rius
227 1595 368 1669 nonde
393 1582 782 1674 externolactopalam
808 1578 944 1645 illicito.
996 1570 1093 1643 llaec
1146 1572 1224 1647 Dei.
1283 1568 1441 1643 Econtra
1471 1570 1655 1664 prophana
1681 1590 1716 1644 et
1744 1570 1923 1667 prohibita
1948 1571 2047 1642 nomi

109 1652 231 1792 regula
257 1702 327 1771 late
359 1709 472 1789 patet,
505 1690 597 1759 sicut
616 1701 652 1758 ει
675 1685 754 1755 illa:
785 1678 904 1751 Nolite
925 1677 1093 1746 iudicare.
1147 1675 1368 1760 communia,
1394 1677 1524 1756 idest,
1551 1699 1624 1745 non
1650 1692 1786 1762 sancta,
1814 1701 1887 1745 non
1909 1687 2048 1765 separat

110 1806 193 1879 Non
210 1804 307 1873 enim
323 1792 563 1892 probibentur
582 1783 796 1867 ministeria,
817 1781 949 1851 scilicet
962 1777 1094 1847 doctri·
1149 1800 1253 1846 nsum
1270 1777 1395 1868 populi
1413 1777 1537 1861 sancti,
1563 1782 1622 1847 sed
1640 1781 1770 1871 quibus
1786 1775 1921 1847 Gentes
1936 1778 2049 1846 utebar

114 1932 160 1979 na
214 1920 275 1977 ant
306 1897 505 1973 admonitio
531 1896 703 1973 lratcrna,
730 1882 963 1955 autolficium
984 1881 1094 1969 magi·
1150 1878 1243 1949 llaec
1259 1882 1302 1949 de
1316 1881 1555 1970 appellatione
1570 1883 1922 1950 tantumdixi:uuuc
1940 1880 2049 1969 ipsae

115 1960 258 2083 strbtus.
310 2004 408 2077 llaec
421 2002 516 2072 euim
534 1992 664 2067 babent
678 1986 840 2057 mandata
859 1984 939 2067 Dei,
964 1996 998 2053 et
1014 1998 1097 2052 sunt
1150 1982 1269 2069 regula
1286 1983 1548 2061 consideretur,
1573 2008 1663 2075 quae
1676 1985 1832 2052 breviter
1857 1979 1914 2052 bic
1929 1980 2050 2051 tradite

116 2113 249 2187 iudicia
265 2109 441 2181 divinitus
458 2099 630 2172 instituta.
682 2088 750 2161 Sed
774 2081 1095 2177 prohibenturpri-
1150 2084 1237 2155 alibi
1269 2107 1354 2153 vcro
1385 2085 1565 2175 copiosius
1594 2085 1805 2176 explicatur,
1847 2085 2003 2167 scilicet,
2039 2107 2049 2151 t

116 2230 199 2289 vagg
222 2214 356 2285 iudicia
407 2203 475 2279 laoc
495 2216 565 2281 est,
590 2187 899 2265 condemnationes
922 2202 1018 2258 extra
1037 2189 1097 2256 illa
1151 2185 1384 2274 Evangelinm
1401 2210 1472 2255 non
1490 2186 1648 2278 requirat
1669 2201 1781 2256 certas
1805 2187 2050 2255 observatione

117 2321 185 2393 tria
217 2317 333 2389 olla-ia
364 2265 472 2403 ’qttac
500 2293 677 2381 recensui,
719 2288 881 2359 videlicet
920 2303 1018 2359 ortae
1057 2315 1098 2358 εε
1153 2292 1298 2373 borum,
1327 2290 1486 2372 dierum,
1521 2290 1691 2370 vestium,
1717 2304 1753 2358 ει
1775 2289 1908 2356 similes
1930 2312 2050 2356 causac

119 2425 247 2495 morbo
264 2368 393 2495 atritisi,
419 2396 680 2477 stratu-utentia,
693 2407 753 2460 ant
768 2392 933 2460 vanitate.
985 2392 1099 2461 Dein·
1153 2414 1215 2481 pra
1233 2404 1399 2460 tractatae
1417 2406 1518 2474 suut,
1543 2391 1627 2483 quia
1646 2389 1881 2479 Evangelium
1905 2392 2009 2458 docet
2031 2412 2050 2477 g

118 2529 163 2601 de
188 2522 381 2597 tuph-inm,
412 2508 505 2603 quud
528 2502 566 2569 sat
590 2519 651 2586 per
675 2491 873 2573 bominem,
899 2495 976 2562 lieri
996 2496 1100 2563 debet
1154 2489 1509 2583 propteerristum,
1536 2517 1610 2560 non
1635 2508 1779 2583 propter
1804 2509 1922 2563 nostra
1944 2515 2050 2581 opera

121 2633 165 2701 de
189 2640 333 2699 ‘granna
356 2616 445 2687 lacto
472 2602 605 2673 illicito.
666 2594 736 2665 Sed
759 2610 811 2664 εει
833 2597 1099 2665 usitatissimum
1153 2596 1415 2663 observationes
1432 2595 1562 2663 remitti
1579 2608 1728 2683 peccata.
1783 2591 2049 2683 ltem,Evauge

122 2734 161 2804 in
179 2728 313 2801 aurudo
336 2706 549 2787 raluumiose
573 2697 798 2786 interpretari
820 2698 971 2767 aliorum
997 2701 1101 2781 dicta,
1154 2696 1256 2765 allert
1286 2697 1462 2765 iusticiam
1500 2711 1533 2766 et
1563 2698 1669 2765 vitam
1700 2697 1920 2787 spiritualem
1948 2710 1984 2765 ει
2016 2719 2050 2785 pc

123 2850 159 2909 ,ι
179 2834 268 2903 [sets
290 2842 362 2893 uon
387 2807 521 2881 illicita.
571 2797 668 2867 Haec
691 2799 821 2868 iudicia
849 2800 886 2867 in
910 2800 1101 2871 usuindis·
1155 2812 1264 2869 tuam.
1319 2795 1378 2867 Ad
1404 2793 1495 2867 banc
1516 2793 1609 2866 nibil
1635 2800 1770 2869 faciunt
1791 2799 2050 2869 observationes

122 2928 309 3007 lrrrntiuns
333 2909 508 3005 improbat
531 2900 681 2982 Paulus,
716 2919 752 2971 et
773 2915 866 2971 vetat
886 2906 1102 2971 condemna·
1156 2916 1276 2973 ternae
1295 2901 1458 2971 ciborum
1476 2914 1510 2972 ει
1525 2901 1708 2977 similium.

122 3038 236 3109 lpum
250 3032 391 3119 pmptcr
402 3004 589 3079 dissimiles
605 3001 695 3069 ritus
712 3002 992 3074 indifferentium
1014 3006 1101 3089 fieri,

122 3138 211 3209 deut
228 3126 312 3199 olins
337 3116 478 3185 luertmt
503 3102 693 3172 certamina
718 3106 763 3173 de
786 3106 843 3175 die
857 3104 1032 3193 Pascltae,
1060 3116 1104 3178 de

125 3236 350 3313 gummaro,
374 3224 408 3281 et
426 3204 631 3279 huiusmodi
653 3206 735 3279 alia.
1260 3202 1404 3274 Adiecit
1424 3205 1566 3292 regulae
1586 3206 1828 3295 appendicem.
1892 3202 2050 3288 Munda,

1159 3318 1229 3391 εει,
1260 3306 1358 3375 licita
1388 3307 1463 3373 lieri
1493 3305 1616 3377 illicita
1652 3310 1715 3391 iis,
1745 3330 1898 3399 quorum
1931 3309 2048 3375 consti

1160 3409 1293 3477 iudicat
1307 3430 1381 3475 esse
1397 3407 1534 3478 illicita.
1562 3408 1646 3479 ldeo
1663 3406 1722 3478 bic
1738 3412 1836 3480 locus
1852 3409 2042 3498 diligenter

224 3513 336 3589 Addit
352 3508 635 3602 praeceptumde
652 3509 804 3580 vitandis
821 3513 1005 3585 scandalis.
1038 3511 1106 3584 Di·
1159 3511 1369 3580 siderandus
1398 3524 1468 3589 est,
1497 3526 1537 3581 ut
1562 3514 1739 3581 discamus
1764 3537 1845 3581 vere
1868 3527 2048 3602 peccatum

124 3644 218 3703 ctum
254 3628 306 3686 cst
333 3633 441 3701 supra
466 3612 514 3677 dc
546 3609 694 3680 diversis
725 3616 915 3700 generibus
936 3619 1105 3689 scandali.
1160 3614 1274 3681 lacere
1299 3626 1421 3681 contra
1440 3615 1703 3685 conscientiam.
1760 3613 1825 3684 Est
1853 3616 1948 3681 etnim
1972 3629 2047 3683 sent

125 3730 229 3803 Nune
262 3726 398 3783 tantum
421 3710 581 3803 loqullttr
602 3714 646 3779 de
676 3708 743 3782 boc
766 3738 912 3803 genere,
944 3720 1107 3791 videlicet
1160 3709 1385 3783 lruinsdicti:
1412 3712 1492 3783 Cibi
1509 3740 1618 3801 genus
1635 3740 1744 3807 perse
1762 3719 1907 3808 quidem
1932 3730 1984 3785 εει
2003 3718 2046 3784 lic

124 3848 203 3901 gum
218 3830 277 3886 aut
303 3813 487 3883 liberiores
501 3812 698 3883 abutuntur
722 3816 898 3899 libertate,
923 3834 983 3890 aut
1001 3846 1107 3890 ceos..
1159 3820 1220 3885 sed
1243 3817 1303 3908 qui
1329 3818 1553 3906 improbante
1575 3818 1789 3887 cottscientia
1813 3819 1985 3901 vescitur,
2012 3819 2042 3885 is

126 3946 178 4001 ιη
203 3917 386 4002 duriores,
414 3914 621 4006 qnitamen
647 3940 720 3985 nou
746 3934 828 3988 suut
852 3916 1107 3993 bostesEran'·
1161 3933 1233 3992 rat:
1272 3917 1365 4006 Quia
1399 3921 1512 3987 lacere
1545 3919 1681 4010 aliquid
1705 3921 1891 3990 dubitante
1920 3922 1976 3988 vel
2012 3921 2048 3987 in

124 4022 224 4121 gelii,
266 4010 533 4119 reprehendunt
568 4042 670 4087 usum
703 4020 888 4093 libertatis.
958 4023 1106 4117 Utrique
1160 4021 1518 4110 bantecouscicntia,
1544 4041 1773 4111 catagereex
1794 4038 1976 4094 contemtu
2001 4020 2051 4092 Dc

123 4119 335 4208 obiurgandi
360 4134 460 4200 sunt,
490 4131 524 4185 ιι
547 4144 747 4212 qtranqnam
781 4128 912 4195 abusus
933 4124 1107 4199 libertatis
1159 4124 1326 4198 sinefide.

123 4240 173 4299 εει
197 4222 470 4307 vntrperandus,
501 4234 618 4289 tamen
642 4222 693 4289 in·
709 4224 815 4293 altera
840 4242 937 4315 parte
960 4230 1038 4318 plus
1056 4248 1104 4299 est
1435 4290 1442 4307 ,
1657 4288 1664 4305 .

121 4323 1106 4430 vitii,quaeetiamproptcrgratuitatisspeciemplus
1195 4396 1198 4401 ,
1247 4288 1606 4395 Verl‘ms‘l’ml'l‘r
1630 4288 1884 4385 ‘lb‘m'ss‘ll‘s
1905 4303 2051 4365 lma*

120 4439 240 4503 nocet,
273 4426 418 4516 qtrtmdo
451 4427 661 4493 morosiores
687 4430 846 4499 sauciant
874 4432 1105 4504 conscientias
1260 4429 1424 4501 Secunda
1452 4433 1540 4500 ratio
1565 4447 1681 4500 sumta
1703 4455 1743 4498 ex
1767 4433 2051 4503 olliciosraterna

121 4528 282 4619 piorum,
311 4527 370 4617 qui
391 4525 552 4595 libertate
570 4542 739 4611 utuntur,
765 4543 801 4601 et
817 4534 997 4605 deterrent
1012 4540 1106 4604 mul·
1161 4533 1340 4614 lectionis,
1380 4550 1487 4603 ctcst
1518 4534 1699 4621 magnifice
1730 4549 1945 4622 exaggerata.
2014 4536 2051 4606 Cr

121 4645 175 4699 tos
196 4627 373 4717 simplices
400 4627 446 4697 ab
468 4625 681 4715 Esarrgelio,
708 4644 742 4702 ει
766 4633 801 4700 ἰιι
826 4636 948 4704 multis
971 4639 1105 4708 contri·
1158 4638 1349 4705 fraternam
1365 4636 1590 4705 dilectionem
1608 4651 1657 4704 est
1674 4661 1802 4703 nocere
1829 4638 1924 4704 aliis:
1959 4662 2043 4726 ergo

119 4743 214 4799 stant
242 4727 416 4820 Spiritum
447 4744 619 4799 sanctum.
682 4730 772 4801 Cum
792 4734 900 4824 igitur
916 4738 953 4806 in
969 4753 1104 4808 utram·
1159 4764 1204 4806 ne
1227 4756 1285 4808 tua
1308 4737 1465 4825 exempla
1488 4756 1636 4805 noceant
1658 4736 1749 4807 aliis
1801 4738 2051 4826 Argumentuu

68 4848 71 4855 '
118 4846 336 4924 quepartem
352 4830 548 4922 plurimum
570 4833 800 4924 sitpericnli,
826 4863 916 4928 opus
931 4855 981 4911 ειι
997 4836 1104 4911 Clari·
1157 4842 1465 4909 cornmodeturad
1492 4853 1681 4929 utrosque,
1706 4845 1751 4908 ad
1775 4839 1975 4927 institutos,
2003 4871 2051 4935 qu

118 4934 242 5005 stianis
264 4956 390 5024 magna
415 4933 618 5023 diligentia,
645 4961 690 5004 ne
713 4957 871 5027 peccent,
898 4958 957 5011 ant
982 4968 1101 5014 moro·
1156 4943 1311 5012 tulanter
1334 4941 1531 5009 abutuntur
1553 4942 1732 5024 libertate,
1758 4949 1853 5009 etad
1879 4969 2051 5014 morosos.

116 5036 163 5105 sis
184 5033 539 5126 reprehensionibus,
573 5051 634 5107 aut
659 5039 771 5110 abusu
801 5044 994 5127 libertatis,
1037 5050 1098 5115 sed
1154 5047 1278 5113 acerbe
1308 5043 1467 5113 iudicant
1499 5050 1543 5111 de
1572 5046 1752 5113 utentibus
1788 5047 1966 5118 libertate.
2035 5054 2052 5118 l

114 5151 255 5209 teneant
271 5155 396 5230 caput,
424 5139 459 5207 id
476 5152 544 5220 cst,
569 5142 789 5226 doctrinam,
816 5150 910 5237 quod
933 5140 990 5215 bic
1014 5171 1098 5218 usus
1153 5147 1246 5214 enim
1275 5145 1334 5214 illa
1357 5148 1528 5215 acerbitas
1560 5147 1772 5214 iudiciorum
1808 5152 1962 5218 deterret
1988 5151 2050 5218 iub

111 5240 155 5311 sit
184 5243 409 5327 indifferens,
447 5256 486 5312 ut
507 5238 641 5311 Paulus
665 5243 782 5338 inquit
813 5243 1094 5326 1.C0riutb.8.:
1150 5247 1421 5336 abEvangelio,
1449 5264 1481 5318 et
1497 5251 1626 5317 sanciat
1642 5266 1776 5316 ruentes
1791 5253 1898 5318 etiam
1919 5256 2052 5323 rnedioc

56 5336 197 5426 „Enna
212 5368 287 5417 non
302 5346 527 5435 commendat
548 5366 613 5415 nos
632 5338 719 5418 Deo.
1149 5353 1406 5437 confirmatas:⁸
1428 5351 1501 5422 imo
1526 5354 1725 5424 contristat
1754 5352 1934 5451 Spiritum
1971 5380 2052 5427 sam

92 613 223 675 talum·

1393 3060 1488 3138 Nisi
1501 3065 1534 3137 ei
1557 3065 1623 3165 qui
1638 3065 1828 3139 existimat
1850 3076 1912 3142 ιιι.

314 3374 453 3455 Verum
479 3366 582 3443 illud
601 3367 760 3444 iudicate
786 3381 922 3471 arogis.
