4522 5782
108 138 207 227 uss
577 138 591 167 -·
697 128 826 202 rasta.
852 126 971 204 uno
999 125 1213 209 seniora
1237 129 1540 212 nunaunt.
1919 156 1927 165 ·
2032 76 2131 213 ¹atet

111 312 264 405 pretium
290 311 395 400 longe
421 304 631 376 antecellere
661 302 795 373 nostris
822 304 984 395 peccatis.
1035 301 1106 373 Hic
1156 332 1279 380 omnes
1296 308 1468 381 fanaticos
1487 306 1653 399 spiritus,
1678 310 1741 401 qni
1765 307 1977 403 coniugium
1995 323 2030 382 et
2044 333 2137 381 oeco-

111 421 193 489 fons
217 428 268 485 est
290 413 453 483 omnium
474 406 760 478 consolationum
779 408 817 475 in
833 408 981 474 summis
1000 406 1105 475 dolo·
1157 412 1297 481 uomica
1314 411 1432 480 officia
1451 412 1720 495 damnaverunt,
1736 426 1776 482 ot
1790 439 1934 504 semper
1949 413 2037 485 tales
2052 416 2140 486 multi

114 520 227 590 ribus.
278 515 351 586 Nec
374 525 488 604 potest
509 507 595 580 baec
613 507 822 578 admiranda
839 509 1001 578 doctrina
1023 502 1114 578 satis'
1157 515 1322 593 foermu,
1349 528 1388 584 ut
1398 511 1586 597 Marcion,
1611 509 1807 600 Tatianus,
1834 515 1994 594 Hieran,
2021 515 2138 613 iyepn·

115 621 256 712 copiose
281 618 398 687 verbis
420 614 569 705 exponi,
599 611 661 680 sed
687 625 805 681 tamen
831 610 934 681 initia
964 606 1024 680 bic
1046 624 1107 682 ut·
1157 609 1287 709 τήται,
1311 613 1444 706 Papae,
1473 609 1655 688 Monachi.
1707 613 1975 690 ‘His'omnibus
1995 643 2137 709 oppona-

115 744 257 816 cunque
279 719 466 810 cogitanda
487 728 589 800 sont,
616 727 650 784 et
673 713 709 781 in
734 713 944 806 quotidiana
959 714 1107 782 invoca·
1159 714 1317 790 torbace
1335 743 1401 788 vox
1415 716 1537 788 Pauli:
1568 715 1735 789 Salvator
1758 722 1891 790 mulier
1914 746 1978 813 per
2000 720 2140 791 liliorum

115 827 213 895 tione
233 822 422 914 repetenda
444 832 517 903 est,
543 830 577 887 et
595 817 832 908 precandum,
866 831 906 886 nt
922 816 996 908 ipse
1015 815 1109 887 filios
1160 822 1442 918 generationem,
1466 820 1496 888 si
1513 821 1709 890 manserint
1726 823 1764 891 in
1783 822 1863 895 fide.

114 925 185 997 Dei
217 926 393 995 mediator
417 921 536 991 radios
564 943 647 990 suae
671 919 864 1011 sapientiae
890 933 925 990 et
948 918 1109 990 iusticiae
1265 924 1425 992 Primum
1447 935 1563 992 autem
1588 923 1632 990 de
1650 919 1891 996 Grammatica
1916 927 2074 996 iuniores
2089 929 2138 996 ad·

116 1028 156 1099 in
183 1050 249 1099 nos
276 1025 514 1099 transfundat.
1161 1027 1331 1096 monendi
1351 1038 1453 1110 stant,
1477 1025 1508 1092 si
1525 1026 1739 1112 manserint,
1766 1029 1857 1099 dixit
1876 1031 2011 1120 plurali
2032 1053 2139 1098 nunu-

1161 1156 1221 1215 ro,
1247 1131 1329 1220 quia
1357 1131 1402 1197 de
1426 1151 1509 1196 sexu
1534 1126 1713 1219 loquitur,
1752 1145 1793 1199 nt
1818 1133 1992 1201 dicimus:
2032 1131 2139 1201 Tutlu

253 1297 254 1300 ,
1162 1248 1282 1303 rmuu.
1334 1229 1566 1319 Explodenda
1592 1244 1643 1298 est
1668 1231 1777 1319 igitur
1800 1236 2000 1305 multorum
2024 1234 2138 1303 insulsa

221 1335 367 1426 Semper
385 1332 424 1400 in
439 1344 628 1421 conspecto
648 1330 694 1398 sit
716 1328 853 1416 integra
879 1327 1041 1398 doctrina
1067 1328 1110 1395 de
1136 1404 1139 1419 ‚
1162 1334 1435 1423 interpretatio,
1478 1331 1542 1423 qui
1577 1334 1724 1400 verbmo
1763 1339 1963 1407 manserint
2000 1339 2044 1405 de
2073 1336 2139 1406 filiis
2177 1362 2179 1373 ·

119 1439 339 1532 precatione,
383 1447 418 1505 et
440 1433 607 1503 accendat
632 1454 698 1501 nos
721 1432 766 1500 od
790 1432 1052 1501 invocationem
1076 1442 1111 1499 et
1164 1451 1350 1517 enarrant,
1377 1433 1467 1504 Cum
1490 1434 1673 1503 manifeste
1689 1435 1817 1505 falsum
1836 1440 1905 1523 sit,
1931 1452 2061 1510 matres
2081 1463 2137 1508 oon

118 1545 162 1614 ad
194 1541 298 1609 fidem
330 1534 565 1608 consideratio
597 1534 790 1603 voluntatis
820 1532 910 1618 Dei,
955 1556 1044 1624 quae
1067 1556 1108 1600 eo
1162 1539 1240 1609 lieri
1264 1540 1396 1627 salvas,
1438 1536 1507 1608 uisi
1533 1534 1596 1603 lilii
1622 1536 1708 1606 fiant
1732 1539 1833 1615 salvi.
1894 1539 2052 1614 Roman.
2075 1538 2134 1614 lb:

118 1646 195 1737 ipso
220 1642 259 1711 tit
285 1639 477 1722 illustrior,
504 1636 587 1729 quia
610 1649 680 1705 tam
712 1658 814 1726 saepe
844 1635 1034 1726 repetitum
1060 1647 1112 1704 est
1163 1640 1417 1735 Unusquisque
1436 1651 1598 1708 nostrum
1616 1641 1661 1708 de
1684 1639 1803 1730 seipso
1828 1644 2010 1714 rationem
2036 1645 2134 1713 reddet

119 1757 346 1839 praeceptum
368 1743 413 1810 de
436 1738 678 1819 invocatione,
713 1736 804 1807 sicut
829 1734 1006 1807 Taulerus
1029 1738 1110 1805 dul·
1164 1741 1252 1816 Deo,

120 1849 259 1918 cissime
292 1843 429 1937 inquit:
472 1838 663 1933 Nunquam
696 1853 817 1929 pectus
851 1835 1009 1909 hominis
1041 1852 1112 1908 tarn

119 1950 265 2022 avidum
291 1962 341 2016 est
357 1945 401 2014 ad
419 1941 684 2031 accipiendum,
711 1965 817 2033 qnam
844 1943 947 2027 avida
972 1954 1023 2011 est
1047 1965 1113 2011 vo·

119 2052 240 2121 luntas
256 2048 325 2119 Dei
343 2049 386 2116 ad
405 2047 558 2117 dandam
579 2043 727 2134 gratiam
745 2058 779 2115 et
802 2044 950 2115 salntem
969 2060 1114 2135 propter
1373 2046 1468 2139 Ergo
1494 2073 1568 2117 non
1593 2049 1723 2119 officiis
1745 2053 2002 2123 oeconomici&

120 2155 245 2224 filiurn.
1268 2150 1495 2241 Respondeo.
1544 2153 1768 2223 Antecedens
1799 2179 1926 2226 verum
1963 2167 2031 2234 est,
2068 2176 2131 2239 pro·

224 2253 396 2344 Quaeres
413 2264 530 2322 auum
547 2272 757 2318 concurrere
774 2248 810 2316 in
828 2247 1031 2349 precatione
1052 2249 1114 2317 de·
1167 2268 1245 2348 pter
1267 2250 1377 2324 soltus
1401 2252 1467 2321 fitti
1488 2249 1554 2321 Det
1578 2254 1742 2324 merirum
1765 2259 1918 2342 dantur,
1951 2255 2130 2327 reconcilia.

123 2361 247 2437 bedul,
272 2379 374 2442 saepe
388 2354 475 2422 alias
493 2352 627 2420 diclssffl
644 2365 708 2423 ²⁵1·
749 2345 1112 2441 lnbbtomprehen·
1167 2359 1240 2447 tio,
1266 2355 1485 2435 iustificatio,
1519 2353 1772 2427 ethaereditas
1800 2360 1894 2429 vitae
1916 2371 2130 2440 aeternae,et

122 2464 258 2531 duntur
272 2473 306 2526 et
323 2453 389 2525 bae
406 2454 708 2534 circumstantiae,
735 2477 884 2544 quarum
898 2450 1031 2523 Paulus
1047 2446 1116 2522 hoc
1168 2457 1254 2530 haee
1277 2460 1344 2528 fide
1370 2457 1481 2548 accipi
1503 2473 1660 2547 oportet:
1696 2457 1814 2548 Quam
1838 2461 2130 2532 fidemnovaoba.

123 2563 202 2633 loco
227 2559 443 2629 mentionem
468 2557 560 2628 facil
614 2553 746 2624 Levate
771 2579 876 2645 putat
898 2577 1044 2632 manus,
1077 2555 1115 2623 id
1169 2563 1302 2633 dientia
1320 2560 1514 2631 necessario
1531 2561 1701 2654 sequitur.
1742 2560 1792 2634 Ut
1809 2565 1906 2632 enim
1927 2564 2002 2656 ipsa
2018 2576 2130 2633 aeterna

123 2678 195 2741 est,
243 2686 317 2729 non
344 2659 496 2748 pollutas
519 2656 613 2725 malo
639 2657 842 2747 proposito,
883 2657 980 2727 iuxta
1006 2656 1117 2742 illud,
1171 2667 1242 2737 vita
1258 2667 1296 2733 in
1311 2662 1832 2736 consummatione·formaliter
1847 2667 1916 2736 erit
1941 2666 2004 2736 lux
2025 2677 2058 2735 et
2076 2663 2131 2731 rir-

123 2764 248 2837 lvhffl·
264 2762 315 2839 9.:
341 2760 547 2832 Ρθΰῑᾶῑθῐθ8
570 2760 668 2830 Deus
693 2782 767 2828 ¹¹⁰ss
793 2760 946 2832 exaudit·
1170 2783 1286 2839 tutum
1311 2766 1536 2850 incendium,
1572 2790 1663 2858 quae
1686 2781 1791 2837 erunt
1815 2769 1852 2836 in
1879 2770 1988 2839 nobis
2012 2764 2132 2859 perfusis

1172 2873 1249 2941 luce
1272 2869 1416 2951 divina,
1437 2867 1529 2938 sicut
1552 2869 1720 2954 scriptum
1743 2882 1810 2938 est:
1837 2867 1938 2939 Deus
1960 2871 2025 2939 erit
2039 2867 2133 2939 omnia

1171 2973 1210 3041 in
1231 2968 1416 3050 omnibus,
1449 2972 1480 3042 1.
1500 2966 1664 3042 Corinth.
1690 2968 1764 3045 15.:
1805 2971 1856 3041 lta
1886 2999 1986 3041 ntum
2009 2969 2132 3041 irrroatio

1172 3077 1366 3156 virtutum,
1400 3095 1487 3164 quas
1513 3071 1607 3140 lilius
1626 3070 1692 3142 Dei
1717 3098 1779 3161 per
1803 3073 1981 3161 Spiritum
2006 3087 2134 3143 sanctum

359 1189 547 1265 Leronles
570 1215 689 1290 puras
715 1215 862 1265 manus.

1267 1845 1449 1928 Secundo,
1466 1839 1769 1934 Respondendom
1784 1861 1836 1919 est
1854 1849 1898 1918 ad
1915 1861 2130 1940 argumetum:

1374 1947 1456 2017 Sola
1487 1945 1554 2014 lide
1580 1948 1775 2029 salvamur,

524 2928 614 3003 Sine
647 2933 719 3010 ira.

228 3073 358 3158 idest,
393 3073 469 3140 sine
491 3072 737 3160 indignatione
764 3085 798 3142 et
822 3071 967 3142 fremitu
992 3071 1119 3140 adver-

124 3206 183 3250 sus
208 3177 345 3260 Deum,
376 3179 435 3244 sed
460 3174 646 3242 llectautor
669 3176 775 3243 corda
798 3175 919 3266 aliquo
945 3176 1116 3241 modoad

79 3291 83 3298 ’
125 3282 352 3375 patientiam,
390 3278 484 3345 iuxta
512 3277 600 3345 illud
624 3279 655 3345 1.
672 3276 764 3347 Petr.
784 3274 839 3351 5.:
867 3273 1120 3345 Humiliamini

125 3388 192 3455 sub
216 3381 349 3472 potenti
375 3403 480 3448 roano
506 3374 584 3447 Dei.
633 3378 715 3448 Nou
742 3380 905 3447 deficiant
929 3380 1033 3445 corda
1059 3401 1120 3446 su·

127 3499 247 3578 perata
273 3481 539 3571 indignatione,
567 3493 606 3549 ut
631 3497 736 3550 ruant
758 3484 814 3549 vel
841 3482 878 3548 in
902 3477 1118 3566 Epicureum

19 3652 22 3659 ,
128 3597 345 3657 contemtum
378 3581 465 3664 Dei,
506 3584 559 3650 vel
586 3582 623 3649 in
648 3579 901 3671 blasphemias,
943 3593 981 3650 ut
1011 3580 1121 3665 Saul,

128 3688 237 3759 ludas
266 3700 301 3757 et
331 3685 474 3755 similes.
528 3678 684 3775 Oportet
713 3685 809 3754 euim
841 3687 879 3756 in
911 3682 1019 3754 nobis
1046 3705 1121 3753 esse

130 3786 234 3864 initia
258 3812 371 3859 novae
395 3785 631 3856 obedientiae.

439 3952 529 4027 Sine
553 3950 815 4031 haesitatione.

234 4093 277 4165 Id
292 4109 362 4175 est,
389 4093 481 4165 adsit
497 4094 583 4163 fides
605 4094 730 4163 victrix
748 4095 1023 4166 dubitationum.
1066 4093 1121 4163 Ac

128 4223 211 4269 vere
231 4212 442 4276 statuamus,
476 4220 542 4266 nos
565 4211 709 4286 propter
732 4197 844 4267 lilium
870 4197 1015 4293 recipi-a
1034 4196 1121 4277 Deo,

130 4324 234 4371 curae
252 4323 325 4370 esse
346 4297 442 4383 Deo,
468 4313 502 4370 et
519 4311 658 4368 nostros
674 4300 825 4388 gemitus
839 4323 912 4368 non
936 4322 1010 4373 esse
1036 4298 1120 4367 irri-

130 4417 185 4472 tos
209 4417 354 4495 propter
384 4401 511 4475 filium.
570 4398 667 4470 Haec
691 4402 778 4469 alibi
806 4401 982 4492 copiosius
1005 4401 1121 4470 decla·

131 4518 268 4574 rantur.
318 4500 499 4573 Exuscitet
517 4516 633 4572 autem
651 4525 715 4572 nos
733 4522 765 4571 et
783 4497 868 4570 haec
887 4505 961 4593 ipsa
979 4516 1123 4572 senten-

131 4607 181 4676 tia
199 4609 241 4674 ad
262 4606 499 4693 precationem
524 4617 557 4672 et
581 4605 624 4673 ad
643 4605 765 4672 fidem:
793 4605 877 4697 (pria
895 4620 928 4673 et
954 4604 1123 4695 praecipit

132 4708 210 4778 fieri
229 4706 509 4791 invocationem,
535 4719 570 4773 et
586 4707 665 4777 vult
681 4707 775 4774 vinci
794 4701 1054 4780 haesitationes.

160 4872 344 4947 Salvator
370 4870 505 4943 mulier
527 4899 592 4971 per
615 4872 788 4970 filiorum
815 4874 1097 4971 generationem.

233 5013 315 5083 Nou
335 5013 484 5083 dubium
504 5012 737 5102 estSpiritum
755 5027 913 5083 sanctum
933 5007 1024 5080 banc
1042 5015 1124 5083 dul-

1171 3179 1209 3245 in
1227 3176 1330 3245 uobis
1345 3173 1516 3256 accendit,
1533 3175 1622 3244 sicut
1638 3176 1724 3245 alibi
1740 3176 1858 3266 inquit
1876 3177 2031 3258 Paulus,
2044 3171 2135 3244 Mo

1172 3274 1284 3351 rioth.
1308 3273 1361 3349 6.:
1404 3276 1732 3368 Superiudoemor,
1777 3279 1806 3346 si
1834 3293 2048 3350 tamennon
2069 3273 2135 3345 nudi

1173 3381 1401 3472 reperiemur.

1276 3479 1366 3549 Vide
1382 3481 1490 3570 igitur
1503 3479 1606 3551 Pauli
1622 3482 1869 3573 prudentiam,
1890 3506 1973 3551 cnm
1992 3483 2137 3551 laudasset

1173 3608 1281 3677 opus,
1309 3608 1390 3652 mox
1412 3596 1445 3652 et
1467 3583 1550 3652 [idei
1574 3584 1792 3654 mentionem
1808 3583 1913 3663 facit,
1939 3588 1997 3653 cui
2015 3598 2136 3653 caeteras

1174 3691 1320 3758 virtutes
1344 3687 1461 3770 addit,
1487 3686 1570 3779 quia
1596 3687 1760 3755 uoniam
1784 3687 1984 3757 demeritis
2001 3687 2137 3777 disputat,

1173 3794 1233 3862 sed
1258 3783 1527 3879 comprehendit
1552 3787 1717 3874 virtutes,
1744 3812 1834 3881 quae
1856 3813 1939 3858 curn
1958 3789 2025 3859 fide
2046 3807 2137 3857 neces

1172 3894 1266 3963 sario
1290 3893 1395 3960 simul
1421 3891 1673 3962 accenduntur.
1728 3887 2025 3984 Quotiescunque
2049 3903 2138 3959 auten

1174 4000 1218 4064 de
1243 3993 1444 4065 obedientia
1462 3993 1612 4077 dicitur,
1639 3992 1744 4064 initio
1766 3992 1930 4062 facienda
1955 4009 2008 4065 est
2033 3989 2140 4077 mentio

1174 4097 1392 4186 vocationis,
1425 4097 1473 4164 ita
1492 4119 1570 4163 cum
1596 4095 1725 4164 mulier
1742 4096 1933 4185 praecipue
1949 4097 2084 4167 condita
2100 4091 2137 4169 sit,

1173 4215 1214 4270 nt
1228 4199 1342 4288 pariat
1356 4212 1391 4269 et
1406 4197 1618 4267 imbecillem
1635 4197 1768 4266 loetum
1785 4197 1904 4267 foveat
1920 4221 1962 4267 ac
1978 4200 2057 4268 alat.
2080 4192 2136 4264 llot

1174 4303 1328 4394 primum
1360 4323 1450 4390 opus
1472 4299 1719 4389 complectitur
1742 4296 1877 4369 Paulus
1902 4300 1997 4371 inter
2020 4300 2137 4368 uirtutes

1174 4397 1369 4476 molieris..

1273 4502 1390 4575 Simul
1421 4516 1538 4573 autern
1565 4527 1646 4570 vera
1677 4516 1759 4573 sunt
1788 4499 1856 4573 bae
1888 4503 2136 4596 propositiones:

1174 4610 1290 4677 Iustus
1306 4607 1374 4676 tide
1392 4603 1514 4676 Gratis
1538 4618 1684 4696 propter
1705 4605 1818 4675 lilium
1840 4603 1930 4687 Dei,
1959 4621 1993 4686 et
2007 4630 2065 4699 per
2079 4622 2137 4672 eon

1175 4724 1226 4780 est
1243 4704 1365 4777 haeres
1380 4709 1472 4778 vitae
1488 4721 1662 4781 aeternae.
1712 4702 1760 4778 Et
1776 4708 1903 4779 altera:
1934 4707 1976 4779 ln
1993 4704 2057 4779 boe
2069 4704 2137 4774 iusto

1175 4812 1369 4881 necessaria
1395 4824 1444 4879 est
1468 4835 1560 4880 nova
1583 4809 1805 4891 obedientia,
1841 4810 1928 4902 quia
1951 4813 1998 4882 ita
2020 4813 2054 4880 lit
2075 4828 2136 4876 coo·

1175 4913 1301 4983 solatio
1318 4928 1352 4984 et
1368 4913 1557 4981 vivificatio
1575 4935 1638 5002 per
1654 4912 1779 4992 tidem,
1807 4926 1847 4982 nt
1867 4914 2010 4984 simula
2029 4908 2135 5003 Spiritu

1177 5029 1298 5085 sancto
1319 5040 1411 5083 nova
1440 5015 1499 5084 lux
1516 5028 1550 5082 et
1568 5038 1660 5082 nova
1687 5015 1893 5085 obedientia
1920 5018 2135 5085 accendantur,

133 5116 309 5185 cissimam
340 5116 547 5185 concionem
580 5117 624 5183 de
649 5106 776 5185 officiis
805 5138 905 5184 sexus
939 5114 1124 5185 muliebris
1176 5120 1271 5187 iuxta
1291 5118 1379 5185 illud
1399 5114 1894 5206 leremiaecapitetricesimo
1914 5119 2036 5188 tertio:
2058 5111 2134 5183 Dabo

133 5218 338 5306 opposuisse
365 5216 557 5307 multiplici
586 5218 840 5308 superstitioni.
898 5211 944 5285 Et
967 5219 1124 5287 laculatio
1177 5222 1286 5306 legem
1304 5218 1746 5288 meamincnrdaeornm.
1801 5212 2135 5314 ldeoinquitl'aulut

133 5317 284 5407 insignis
311 5319 467 5408 coniugii
496 5331 546 5388 est
579 5321 799 5390 observanda
837 5319 882 5387 ad
918 5319 1125 5392 refutandos
1179 5324 1211 5396 1.
1236 5316 1399 5393 Corinth.
1425 5319 1477 5394 9.;
1514 5317 1586 5390 Vae
1609 5316 1719 5406 mibi,
1759 5320 1888 5392 sinon
1918 5320 2135 5417 evangelizem·
