4522 5782
51 229 136 305 ste
362 226 475 305 xus·
519 233 556 305 ιί
579 218 945 342 snooauosss
968 224 1020 301 ut
1043 222 1203 303 nesse.
1218 222 1378 301 raon
1402 222 1473 300 so
1493 224 1758 310 noortnos.
1921 174 1924 179 ⁵
1997 210 2091 314 ιιι·
2167 283 2171 301 .

10 448 14 467 .
52 401 147 477 etam
167 403 370 496 proximem-
388 401 598 477 sententism
630 398 768 496 inquit,
802 398 924 473 {oduei
946 352 1040 472 nibil
1090 397 1244 471 tendunt
1273 412 1423 471 naturae
1448 398 1585 474 viribus
1615 416 1652 475 et
1682 408 1850 498 operibus
1881 406 2088 482 iustificari'

55 519 227 600 praestant
249 504 427 596 gentibus.
1089 500 1157 587 Sed
1184 498 1317 571 Paulus
1340 498 1431 571 banc
1453 504 1666 575 columniam
1689 510 1835 597 r'elutst,
1867 536 1907 582 ac
1927 537 1972 581 ne
1993 515 2074 607 quis

151 605 223 678 Sed
245 605 486 696 intelligemus
503 601 864 676 bossententissnon
881 630 1039 699 pugnare
1087 600 1331 697 synecdochen
1348 604 1568 675 comminisci
1591 625 1723 700 posset,
1761 614 1999 705 exceptionem
2016 616 2074 684 di-

55 712 144 782 intes
165 733 221 794 se,
260 710 291 780 si
319 709 662 779 consideraverimus
682 706 744 778 ubi
777 722 953 799 praestent
981 710 1038 779 lu·
1087 720 1179 774 certe
1197 706 1379 797 repudiet,
1405 721 1437 776 ct
1457 706 1552 776 illum
1571 705 1756 781 bominum
1775 730 1908 803 psrtem
1933 732 2074 786 revocet

54 810 146 896 dsei,
170 812 327 883 nbinon
342 822 528 902 praestent.
560 808 915 906 Excellont,inqnit,
942 813 1037 904 quod
1086 809 1129 876 od
1147 807 1382 878 universalem
1407 811 1701 900 propositionem:
1741 811 1879 886 Omnes
1898 831 1982 888 sunt
2004 820 2072 889 sub

55 915 368 1013 sdpromissioncs
382 914 521 988 attinet.
572 910 666 982 Num
688 926 739 981 est
753 912 890 1005 aliquid
908 910 1041 983 hebere
1088 922 1237 1000 peccalo.
1288 908 1334 978 Et
1351 934 1421 1003 qno
1439 912 1567 981 clarior
1585 927 1673 984 esset
1696 940 1769 1002 res,
1803 921 2073 1012 nondeperso-

55 1019 219 1101 verbum,
244 1039 285 1086 sc
300 1015 553 1108 promissiones
575 1016 618 1083 ad
635 1034 693 1083 eos
709 1015 898 1105 pertinere.
950 1014 1037 1088 Goe-
1087 1012 1141 1079 nis
1158 1010 1337 1105 loquitur,
1364 1015 1423 1081 scd
1449 1016 1492 1081 de
1519 1038 1575 1101 re,
1602 1041 1691 1111 quoe
1715 1023 1955 1113 exceptionem
1971 1023 2070 1091 vide-

55 1132 165 1189 terum
192 1112 288 1187 nibil
313 1118 488 1188 excellunt
511 1114 651 1200 ludaei,
685 1119 780 1208 quod
802 1119 844 1185 ad
870 1118 1036 1188 meritum
1087 1127 1146 1183 tur
1175 1136 1309 1201 parere.
1377 1110 1430 1182 Ex
1454 1114 1622 1206 operibus
1643 1120 1749 1207 legis,
1786 1123 1921 1216 inquit,
1964 1147 2071 1193 nemo

55 1223 188 1294 attinet.
257 1219 339 1289 Non
367 1221 463 1289 enim
496 1218 704 1289 iustificetur
734 1241 798 1288 suo
821 1219 938 1304 cultu,
977 1231 1037 1289 aut
1086 1213 1304 1286 iustificetur.
1374 1214 1454 1284 Non
1488 1233 1625 1308 poterut
1661 1223 1769 1310 stragis
1800 1226 1941 1317 proprie
1972 1226 2072 1320 loqui

55 1321 221 1413 operibus
253 1321 353 1412 tegis.
420 1321 588 1393 Nondum
623 1334 740 1390 tensen
772 1320 855 1392 setis
887 1319 1037 1412 explicat
1085 1317 1290 1408 Apostolus.
1341 1314 1386 1387 Et
1404 1318 1440 1386 in
1457 1333 1551 1389 tants
1569 1324 1783 1411 proprietate
1798 1326 1990 1413 sermonis,
2017 1342 2072 1399 ta·
2137 1386 2139 1391 .

55 1419 141 1495 henr
158 1424 423 1515 quaestionem,
449 1447 513 1493 cur
532 1423 600 1503 lats
622 1421 758 1507 pilleis,
789 1434 930 1493 tontum
958 1423 1036 1494 obi·
1085 1442 1166 1487 men
1183 1432 1357 1512 quaerunt
1375 1421 1431 1488 isti
1448 1422 1543 1514 quod
1567 1425 1787 1499 cavillentur.
1840 1426 1919 1498 Hoc
1944 1429 2072 1520 ipsum,

54 1542 102 1599 ter
120 1525 212 1597 etin
228 1540 433 1596 transcursu
456 1524 615 1613 attingit,
641 1536 674 1594 el
697 1523 871 1613 significat
888 1522 1038 1595 ludaeos
1085 1520 1222 1614 inquit,
1247 1524 1341 1615 quod
1360 1521 1491 1613 excipis
1508 1545 1570 1612 ego
1596 1528 1827 1617 complector,
1853 1553 1916 1619 ego
1932 1554 2070 1616 accuso,

56 1628 252 1718 egentibus
268 1642 446 1718 separatos
461 1650 554 1707 esse,
587 1649 662 1695 uon
684 1637 723 1696 ut
748 1625 814 1696 isto
840 1628 939 1698 cultu
961 1652 1036 1696 me-
1085 1644 1149 1712 ego
1167 1624 1311 1695 damno.
1364 1619 1487 1716 ltaque
1508 1640 1629 1695 contro
1646 1627 1746 1698 Partli
1770 1633 1979 1701 sententiam
2002 1627 2070 1702 boc

55 1729 427 1817 serentur-iusticiam,
452 1731 512 1799 sed
527 1728 608 1824 quia
622 1727 780 1818 oportuit
796 1729 944 1799 existere
960 1752 1036 1799 cer·
1085 1725 1163 1795 loco
1201 1720 1449 1818 synecdochen
1487 1728 1703 1816 confingunt.
1770 1730 1839 1802 Sed
1863 1757 1962 1803 error
1988 1734 2070 1803 inde

55 1845 122 1903 tom
143 1830 300 1925 ediquem
329 1831 521 1922 populum,
561 1829 601 1901 in
627 1852 698 1923 quo
721 1830 972 1920 promissiones
993 1833 1037 1900 de
1085 1827 1217 1911 oritur,
1243 1828 1337 1919 quod
1361 1829 1540 1898 somniant
1563 1830 1600 1896 in
1618 1828 1818 1923 Pomponio
1836 1830 1953 1905 Attico
1971 1849 2005 1905 et
2022 1836 2071 1904 si-

55 1928 192 2005 cbristo
207 1932 470 2017 revelarentur,
495 1933 533 2001 in
550 1954 622 2026 quo
638 1931 841 2002 testimonia
866 1935 911 2002 de
928 1935 1037 2002 verbo
1086 1928 1230 1998 milibus
1245 1951 1319 1997 non
1336 1951 1408 1998 csse
1424 1945 1617 2020 peccatum.
1668 1930 1714 2004 Et
1729 1934 1904 2006 iusticiam
1920 1932 1987 2006 Dei
2006 1963 2070 2006 vo-

56 2034 117 2105 Dei
141 2034 329 2106 manifesta
354 2049 389 2104 et
411 2049 504 2106 certa
527 2046 703 2118 extarent,
727 2033 819 2103 inire
842 2031 925 2126 Cap.
944 2028 980 2109 6.
1003 2048 1038 2105 et
1085 2042 1165 2100 cant
1188 2042 1327 2100 tantum
1351 2030 1472 2100 civiles
1496 2056 1628 2116 mores,
1663 2058 1736 2104 non
1759 2037 1864 2107 etism
1886 2038 2074 2133 requirunt

57 2133 189 2229 capt.
220 2136 327 2207 latius
355 2150 526 2230 exponet,
559 2137 657 2232 quod
687 2135 744 2205 lex
773 2139 922 2209 nonsit
956 2138 1038 2222 lata,
1086 2131 1254 2203 noticiam
1269 2130 1346 2211 Dei,
1372 2132 1475 2201 fidem
1490 2156 1552 2203 seu
1568 2135 1732 2204 fiduciam
1746 2136 1964 2228 ergsDeum,
1990 2142 2072 2211 bre-
2133 2127 2140 2135 ’

57 2252 87 2309 ιι
103 2237 277 2309 iustificet„
1085 2235 1175 2305 viter
1205 2234 1373 2326 operibns
1406 2236 1580 2305 secundae
1614 2238 1755 2308 tabulae
1786 2240 1944 2310 contenti
1975 2258 2075 2327 sunt,

146 2335 281 2411 Obiter
295 2340 401 2411 etism
421 2336 644 2434 quaestiones
667 2338 757 2408 aliae
780 2339 953 2433 quaedam
978 2339 1035 2409 in·
1083 2336 1219 2429 primae
1235 2335 1376 2405 tabulae
1391 2330 1513 2418 οὐδεὶς
1531 2332 1648 2437 λόγος.
1700 2334 1782 2411 Non
1806 2344 1965 2413 sentiunt
1991 2367 2072 2435 pec·
2175 2333 2183 2339 ’

58 2455 229 2517 seruntur.
283 2439 321 2513 Si
343 2440 594 2534 promissiones
615 2442 796 2534 pertinent
812 2444 857 2513 sd
872 2442 1035 2533 Iudaeos,
1084 2451 1159 2508 cota
1188 2461 1261 2509 esse
1285 2438 1323 2507 in
1341 2437 1480 2523 Attico,
1508 2439 1767 2527 ignorationem
1790 2443 1880 2528 Dei,
1913 2445 2073 2514 diffidere

57 2568 111 2617 tttr
131 2558 206 2615 txm
229 2545 330 2635 psuci
359 2542 610 2614 crediderunt?
660 2539 763 2613 Hanc
792 2545 1034 2638 quaestionem
1083 2536 1180 2624 Deo,
1215 2562 1339 2609 vacere
1373 2555 1470 2610 metu
1494 2538 1583 2628 Dei,
1617 2543 1793 2614 confidere
1817 2547 1960 2638 propria
1984 2570 2072 2639 pro·
2128 2556 2136 2577 ⁸

56 2643 137 2717 loten
156 2646 198 2715 in
213 2644 343 2737 cop.9.
368 2645 507 2737 repetit.
559 2643 665 2719 Nunc
691 2644 787 2717 velut
814 2647 1037 2738 intempesti-
1082 2642 1203 2712 dentia
1225 2656 1290 2712 etc.

10 2768 12 2775 ¹
56 2773 124 2819 sam
144 2748 282 2819 omittit
304 2771 343 2818 ac
367 2759 533 2840 properat
554 2748 598 2816 ad
616 2746 847 2838 principalem
870 2749 1034 2840 proposi·
1183 2744 1331 2815 Accedit
1359 2743 1567 2814 brevissimo
1601 2746 1785 2836 occupatio
1808 2750 1853 2817 de
1881 2770 1947 2819 usu
1973 2750 2071 2839 legis.

10 3378 12 3385 t

10 3552 12 3563 ι

10 3626 12 3633 t

10 3660 13 3669 ι

10 3738 15 3755 Ι

10 3760 26 3833 ιι

12 3864 16 3871 ι

10 3874 13 3883 ι

10 3926 15 3933 .

10 3952 12 3959 t

10 4002 13 4009 ι

54 2850 200 2938 tionem,
231 2872 277 2919 ne
305 2849 466 2921 videatur
495 2849 629 2919 oblitus
660 2848 814 2920 instituti
846 2849 913 2919 sui.
983 2846 1036 2919 Ac
1082 2845 1227 2917 Necesse
1243 2860 1294 2916 est
1311 2846 1406 2913 enim
1423 2845 1547 2917 lectori
1564 2871 1637 2916 nou
1654 2849 1761 2919 stulto
1779 2849 1816 2918 in
1837 2866 1991 2922 mentem
2011 2878 2073 2922 ve·
2176 2940 2180 2945 Ι

51 2974 129 3023 sane
145 2942 338 3049 prudentia
353 2963 404 3021 est
421 2951 541 3022 videre
557 2954 736 3044 quomodo
754 2951 931 3042 paulisper
953 2975 1033 3021 eva·
1082 2949 1160 3019 nire
1182 2943 1275 3017 hanc
1289 2948 1546 3040 quaestionem.
1600 2947 1708 3037 Quod
1726 2951 1754 3019 si
1772 2951 1859 3041 legis
1872 2977 1978 3044 opera
1996 2978 2071 3026 non

49 3070 144 3143 ptos
158 3056 281 3124 redeat
296 3054 341 3124 ad
355 3052 589 3146 propositum.
646 3052 652 3065 ’
1082 3050 1284 3134 iustificam,
1308 3074 1372 3118 cnr
1386 3049 1494 3138 igitur
1507 3050 1577 3121 lata
1592 3066 1643 3120 est
1658 3051 1737 3120 lex?
1764 3054 1903 3123 videtur
1919 3070 2072 3126 extreme

148 3154 222 3225 Hic
247 3178 329 3245 ergo
350 3154 501 3227 recurrit
521 3155 565 3225 ad
583 3153 741 3224 membra
758 3152 1034 3238 distributionis,
1081 3153 1295 3236 absurdum,
1323 3151 1433 3240 legem
1451 3151 1560 3237 lerre,
1587 3154 1616 3221 si
1633 3152 1717 3242 legis
1732 3178 1838 3245 opera
1855 3179 1927 3225 uon
1946 3158 2072 3228 iustili-

46 3270 78 3329 et
92 3271 136 3329 ut
150 3259 193 3326 in
205 3255 357 3349 Epilogo
373 3281 435 3327 seu
449 3256 676 3327 conclusione
700 3256 776 3325 beri
798 3258 922 3341 debet,
949 3280 1035 3324 con·
1081 3268 1174 3328 cent.
1225 3250 1356 3322 Paulus
1379 3255 1568 3343 respondet
1592 3266 1626 3326 et
1650 3279 1779 3324 novam
1809 3281 1849 3326 sc
1873 3257 2071 3329 inauditnm

46 3359 163 3449 iungit
201 3374 394 3452 utrumque
422 3359 648 3428 membrum:
692 3352 831 3427 Omnes
871 3354 1034 3427 homines
1081 3359 1217 3426 mundo
1246 3354 1457 3424 sententiam
1481 3356 1594 3448 ponit.
1651 3354 1725 3427 Lex
1748 3359 1818 3428 lata
1844 3374 1915 3445 est,
1945 3376 1986 3431 ut
2008 3386 2071 3452 per

46 3474 121 3533 tum
141 3462 280 3545 ludaei,
306 3476 382 3533 tum
400 3475 522 3550 gentes
534 3474 617 3531 sunt
632 3460 698 3530 sub
716 3473 876 3550 porceto,
909 3460 1034 3545 idest,
1080 3483 1155 3529 esm
1177 3470 1411 3555 cognoscetur
1433 3472 1631 3550 peccatum,
1672 3471 1711 3529 ut
1734 3477 1856 3550 arguat
1880 3476 2073 3552 peccalum,

45 3576 129 3634 sunt
153 3562 206 3633 rei
232 3562 355 3633 mortis
381 3576 562 3646 aeternae,
588 3556 721 3631 habent
745 3586 824 3631 vere
843 3573 1034 3653 peccatum,
1081 3583 1155 3629 non
1175 3575 1213 3630 ut
1235 3559 1385 3628 abolent.
1427 3556 1559 3659 ¹Porro
1589 3583 1797 3644 cognoscere
1821 3577 1998 3654 peccatum
2023 3580 2073 3636 est

45 3678 264 3736 oontemtum
290 3662 378 3749 Dei,
403 3677 438 3735 et
462 3663 794 3753 concupiscentiam.
854 3662 928 3733 Nec
951 3685 1033 3753 pos·
1080 3662 1299 3731 vereterr'eri
1316 3662 1664 3753 conspectupeccati.
1707 3660 1875 3733 Nondum
1894 3668 1988 3734 enim
2005 3692 2072 3735 no-

47 3788 168 3837 sssmns
190 3790 210 3837 a
234 3779 396 3858 peccato,
420 3779 482 3837 sut
503 3779 646 3837 aeterne
669 3779 784 3835 morte
802 3765 949 3834 liberari
968 3788 1032 3832 no·
1080 3776 1165 3834 runt
1194 3778 1392 3854 peccatum,
1435 3762 1495 3855 qui
1527 3787 1599 3831 non
1628 3781 1881 3853 expavescunt:
1910 3769 2072 3836 nondum

49 3869 130 3941 stris
152 3869 340 3961 operibus,
380 3879 442 3938 aut
463 3868 552 3957 lege.
622 3867 736 3937 addis
767 3867 968 3937 testimonia
993 3889 1033 3935 ex
1080 3865 1175 3935 enim
1194 3868 1288 3957 apud
1316 3888 1352 3933 se
1373 3886 1454 3933 vere
1478 3867 1654 3950 sentiunt,
1689 3868 1785 3959 quod
1804 3863 2072 3940 Deusoffensus
2201 3902 2206 3912 ·

54 3968 198 4041 Psalmo
214 3982 249 4040 et
264 3971 420 4040 aliunde.
462 3964 511 4040 Et
531 3970 570 4039 in
585 3970 654 4039 line
669 3980 723 4039 est
737 3970 855 4038 addita
872 3968 1032 4060 proposi·
1080 3969 1262 4040 irascatur.
1313 3961 1361 4035 At
1379 3979 1558 4057 peccatum
1578 3982 1638 4049 est,
1663 3969 1758 4061 quod
1776 3968 1925 4040 offendit
1941 3967 2070 4054 Deum,

51 4072 155 4143 lionis
171 4073 416 4163 interpretatio
432 4073 625 4167 quaedem,
650 4084 690 4142 ut
705 4070 944 4160 intelligamus
960 4092 1033 4138 non
1079 4065 1501 4142 etcuiDcussuccenset.
1551 4066 1623 4140 Sed
1640 4070 1684 4140 de
1701 4093 1766 4140 usu
1790 4069 1878 4160 legis
1902 4071 2071 4143 inimco-
2166 4130 2175 4139 .

51 4187 187 4245 tantum
210 4174 536 4266 spertellsgitiosos
551 4172 727 4259 accusari,
752 4174 812 4243 sed
831 4173 934 4242 ctiam
953 4171 1033 4240 illos
1081 4174 1180 4264 piose
1198 4169 1341 4240 docebit
1355 4170 1533 4240 lectorem.

54 4274 162 4367 ipsos,
191 4277 255 4370 qui
271 4276 558 4367 bonisopcribus
579 4287 754 4346 conantur
777 4273 905 4344 mereri
931 4274 1034 4344 iusti·
1120 4282 1123 4287 ’
1419 4274 1422 4280 ’

55 4376 261 4452 bontionem.
313 4376 398 4450 Ideo
419 4378 565 4473 inquit:'
585 4372 641 4447 Ex
662 4377 829 4469 operibns
851 4375 937 4465 legis
960 4398 1033 4444 non

57 4475 258 4552 instificetur
278 4481 396 4550 omnis
412 4502 504 4554 cero.
561 4474 664 4549 Hanc
680 4478 889 4549 sententiam
905 4479 944 4546 in
960 4476 1034 4568 pri·
1183 4470 1288 4544 Nunc
1310 4471 1453 4541 demum
1481 4471 1711 4561 pervenitad
1735 4473 1964 4565 principalem
1985 4503 2070 4570 pro-

60 4581 120 4651 nis
132 4593 275 4675 oportet
293 4582 516 4666 meminisse,
540 4580 624 4675 quia
640 4581 807 4652 nonnulli
823 4577 917 4651 bunc
930 4578 1034 4649 Pssxli
1082 4574 1307 4667 positionem,
1333 4596 1423 4665 quoe
1442 4584 1494 4641 est
1512 4567 1619 4641 huius
1634 4570 1932 4666 totiusEpistolae
1948 4595 2068 4652 ststns.

59 4679 164 4755 lorum
187 4682 342 4756 civiliter
364 4683 592 4776 interpretari
621 4696 817 4768 conantur,
850 4695 884 4752 et
910 4681 1037 4772 dispo·
1083 4675 1131 4749 Ut
1165 4690 1283 4747 eutem
1310 4668 1521 4745 architectus
1550 4688 1660 4745 totam
1684 4677 1833 4747 aedilicii
1857 4679 2006 4749 formem
2030 4684 2069 4752 in

60 4783 291 4858 laotPaulum
309 4809 384 4856 non
402 4780 470 4856 hoc
488 4785 599 4870 velle,
623 4787 720 4879 quod
735 4779 1036 4855 omneshomines
1082 4780 1203 4849 animo
1217 4777 1390 4847 inclusam
1414 4771 1540 4856 hebet,
1574 4791 1608 4848 et
1629 4778 1725 4849 videt
1747 4784 1926 4873 quomodo
1942 4807 2068 4854 omnes

1321 4333 1454 4408 Status
1475 4335 1588 4407 lolius
1615 4332 1827 4433 Epistulae.

10 4978 12 4983 Ι
61 4901 174 5001 petora
203 4888 278 4961 sint
310 4888 378 4959 sub
409 4900 571 4980 peccato,
604 4889 666 4956 sed
700 4900 839 4958 tantum
873 4908 1036 4955 accusare
1083 4883 1177 4952 inter
1199 4904 1235 4950 se
1255 4892 1372 4970 partes
1393 4879 1627 4951 consentient.
1689 4878 1740 4952 Its
1764 4905 1830 4951 nos
1848 4882 1887 4951 in
1910 4884 2069 4973 legendis

61 4988 143 5077 lllos,
167 5014 322 5085 quornm
349 5012 466 5060 mores
491 5001 610 5078 operte
631 4988 716 5057 mali
740 5001 836 5060 sunt.
887 4983 1034 5081 thuis
1081 4983 1248 5073 gravibus
1262 4979 1581 5078 disputationibus,
1607 4981 1767 5052 omnium
1784 4986 2070 5075 propositionum

60 5112 172 5184 magns
199 5087 405 5163 huiusmodi
434 5089 626 5163 multitudo
648 5104 718 5177 est,
748 5090 850 5160 siunt
871 5112 954 5160 eum
978 5112 1035 5182 sy·
1082 5099 1187 5179 atque
1210 5095 1498 5174 argumentorum
1521 5083 1647 5152 seriem
1673 5098 1813 5175 oportet
1832 5087 1952 5156 animo
1968 5112 2068 5159 com·

59 5188 227 5267 nssdoche
241 5195 314 5281 oti,
338 5208 373 5267 et
387 5215 510 5264 omnes
524 5215 688 5283 arguere,
713 5215 793 5262 cnm
806 5191 950 5261 interim
968 5190 1035 5260 sli-
1082 5188 1200 5279 plecti.
1239 5184 1281 5255 ln
1298 5184 1423 5277 primis
1437 5197 1554 5255 nutem
1569 5185 1770 5255 meminisse
1783 5200 1911 5257 statum
1926 5212 2068 5262 necssse

10 5292 17 5389 f,
57 5296 213 5389 quiboni
230 5296 320 5382 sint,
351 5318 505 5390 quorum
527 5316 644 5364 mores
664 5316 739 5364 non
758 5293 896 5385 possint
915 5314 1036 5381 repre-
1083 5302 1144 5374 est,
1165 5289 1229 5383 qui
1246 5287 1404 5360 continet
1418 5285 1551 5376 negotii
1566 5308 1752 5371 summam,
1768 5288 1812 5356 ad
1827 5312 1932 5381 quem
1945 5295 2068 5367 omnis

53 5390 182 5491 hessi,
201 5412 245 5471 ιιι
257 5396 479 5490 Pomponius
493 5392 651 5483 Atticus,
679 5392 854 5469 Aristides
869 5388 935 5466 hos
949 5416 1037 5464 con·
1082 5389 1635 5483 argumentstanuamsdcsput
1647 5388 1862 5465 referuntur.
1885 5386 2072 5490 Ecquem-

100 5504 281 5571 ttsssm.
310 5502 414 5572 Oen.
442 5502 526 5567 Vos.
546 5502 625 5571 XV.
1332 5488 1383 5563 20
