4522 5782
19 206 176 289 aare
279 205 382 282 xm.
437 205 473 280 a.
500 198 801 282 nnaaaamo
826 198 985 281 anisa.
1011 196 1215 279 aaronis
1241 195 1311 275 an
1334 146 1662 281 rmoaumu.
1710 201 1815 280 car.
1841 204 1906 286 1v.
2010 208 2108 287 aare
2180 145 2189 165 ’

71 383 287 478 quissimam·
302 377 555 472 praecaeteris
575 379 853 473 amplectendam
872 398 957 450 esse.
1009 371 1063 448 Ac
1112 388 1230 448 totum
1266 372 1502 467 Evangelium
1536 377 1705 452 reiicinnt
1736 376 2029 468 Mahomctistae,
2069 400 2105 457 et

68 489 160 557 utile
183 497 235 556 est
262 486 424 554 conferre
444 480 632 564 historias,
658 495 692 553 et
715 483 813 571 signa
839 480 1061 574 antiquitatis
1112 493 1346 570 corrumpunt
1379 479 1503 570 legem.
2067 532 2073 537 .

67 590 270 660 observare.
650 604 652 609 ·
1213 578 1297 653 Dixi
1322 583 1365 650 de
1389 576 1574 669 Ethnicis,
1599 583 1741 656 ludaeis
1763 599 1798 658 et
1820 580 2081 660 Mahomctistis

171 688 295 760 Tertia
328 686 549 756 confirmatio
572 684 672 755 firma
697 698 768 771 est,
806 683 984 756 Vaticinia
1015 686 1060 755 de
1111 681 1175 754 ubi
1190 687 1233 754 de
1249 684 1398 773 singulis
1421 685 1718 758 considerandum
1741 702 1813 772 est,
1839 690 1935 760 unde
1955 690 2114 762 suman-0¹

70 793 209 885 regnis,
241 813 331 884 quae
357 813 437 860 cum
463 800 609 858 eventus
637 788 831 860 ostenderit
858 811 938 857 vera
966 808 1058 869 esse,
1111 800 1171 857 tur
1184 788 1427 857 refutationes.
1481 785 1555 857 lam
1572 787 1686 858 dicam
1704 791 1748 860 de
1765 785 1839 879 his,
1859 815 1949 885 quos
1966 791 2098 865 Paulus

68 896 298 965 manifestum
320 904 372 961 est
397 905 595 984 utrunque,
634 904 670 961 et
693 915 713 960 a
736 886 812 962 Deo
843 890 916 981 regi
947 912 1059 981 genus
1110 889 1273 959 nominat
1304 890 1504 959 deficientes
1528 913 1547 958 a
1573 891 1651 959 fide.
1694 889 1834 963 Horum
1867 897 1938 964 duo
1970 917 2098 984 genera

68 993 286 1076 humanum,
321 1010 354 1065 et
370 989 463 1064 hanc
480 994 678 1063 doctrinam
693 1016 713 1063 a
729 992 804 1065 Deo
821 1016 903 1062 esse.
1108 1005 1203 1065 sunt.
1254 991 1329 1060 Alii
1346 1007 1465 1090 aperte
1480 1003 1611 1082 negant
1622 993 1810 1066 articulum
1829 996 1983 1090 aliquem
2000 1022 2098 1092 sym-

171 1095 493 1189 Quarta.Collatio
511 1096 763 1170 doctrinarum.
814 1091 1058 1167 Ethnicitan·
1112 1094 1206 1179 boli,
1249 1107 1291 1164 ut
1332 1091 1537 1164 Manichaei
1574 1110 1771 1186 posuerunt
1810 1099 1882 1168 duo
1921 1100 2098 1191 principia

69 1218 145 1275 tum
167 1205 295 1277 ducent
316 1199 446 1289 legem,
473 1210 508 1268 et
531 1200 674 1292 quidem
695 1213 946 1296 cormrmpunt,
974 1196 1056 1290 quia
1109 1208 1313 1281 coaeterna,
1355 1194 1497 1267 Bonum
1531 1209 1566 1268 et
1601 1196 1753 1274 Malum.
1817 1197 1927 1272 Arius
1957 1202 2098 1290 negavit

68 1304 180 1374 multa
198 1315 398 1392 portentosa
415 1314 450 1372 et
465 1301 702 1370 abominanda
720 1297 859 1385 fingunt
874 1304 917 1368 de
937 1300 1057 1383 idolis,
1108 1298 1220 1367 filium
1243 1294 1310 1367 Dei
1334 1322 1406 1368 esse
1428 1292 1631 1392 ὂμοούσιον
1654 1314 1797 1373 aeterno
1822 1302 1933 1395 patri,
1975 1300 2097 1373 Macc-

69 1420 104 1478 et
121 1420 228 1476 tetras
248 1404 414 1474 libidines
438 1402 657 1494 permittunt.
696 1401 821 1472 Postea
840 1397 985 1472 Ethnici
1012 1404 1057 1471 de
1108 1401 1238 1470 danius
1262 1403 1445 1473 contendit
1470 1402 1643 1493 Spiritum
1669 1417 1831 1475 sanctum
1859 1418 1998 1477 tantum
2023 1428 2097 1475 esse

66 1508 273 1579 remissione
288 1519 530 1597 peccatorum,
556 1504 729 1575 decausis
753 1504 991 1574 clamitatum
1017 1503 1056 1572 in
1108 1518 1243 1574 motum
1261 1517 1417 1574 creatum
1438 1505 1476 1572 in
1493 1505 1627 1594 angelis
1652 1518 1687 1576 et
1709 1506 1746 1574 in
1765 1502 1951 1577 hominum
1975 1507 2097 1577 cordi-

65 1634 194 1701 genere
217 1604 373 1678 htttnanu
399 1602 490 1676 nihil
515 1608 601 1679 certi
626 1607 769 1679 dicitur.
823 1605 1053 1677 Manifestum
1107 1606 1184 1678 hus.
1218 1606 1344 1697 Aliqui
1367 1619 1586 1695 negaverunt
1604 1631 1750 1700 corpora
1769 1604 1955 1680 hominum
1978 1632 2097 1679 resur-

66 1727 120 1782 est
144 1712 271 1802 igitur,
308 1733 432 1779 eorum
458 1710 656 1779 doctrinam
679 1708 948 1779 insufficientem
971 1731 1055 1787 esse,
1107 1721 1244 1777 rectura
1271 1731 1356 1778 esse.
1421 1707 1529 1777 Tales
1563 1709 1679 1800 palam
1713 1710 1870 1781 delentes
1905 1711 2096 1783 articulum

65 1830 103 1886 et
137 1837 210 1882 nou
244 1814 429 1882 ostendere
463 1810 711 1882 liberationem
735 1835 755 1880 a
780 1810 893 1886 malis.
952 1808 1056 1880 Hanc
1106 1809 1262 1904 aliquem
1287 1811 1441 1904 symboli
1463 1810 1567 1879 facile
1588 1812 1733 1901 agnosci
1761 1827 1929 1904 possunt,
1971 1826 2006 1884 et
2037 1837 2096 1883 re-

65 1916 293 1988 collationem
316 1913 468 2002 cogitare
492 1913 580 1984 utile
603 1927 675 2000 est,
709 1912 792 2006 quia
815 1912 970 1984 ostendit
995 1935 1055 2001 ge·
1106 1912 1245 1982 futandi
1263 1925 1347 1983 sunt
1364 1937 1407 1982 ex
1423 1913 1636 1983 testimoniis
1659 1910 1875 2007 propheticis
1895 1929 1931 1987 et
1953 1928 2096 2008 aposto-

65 2042 151 2089 nera
170 2018 435 2099 doctrinarum,
461 2015 651 2085 discrimen
668 2015 755 2105 legis
771 2029 804 2087 et
819 2012 1021 2105 Evangelii.
1106 2014 1202 2099 liris,
1228 2038 1308 2083 cnm
1325 2009 1442 2086 adhuc
1463 2015 1577 2086 videri
1595 2016 1706 2088 velint
1728 2016 1890 2089 assentiri
1907 2012 2096 2111 Prophetis

169 2118 323 2209 Quinta,
371 2117 526 2209 Spiritus
555 2132 695 2187 sanctus
719 2119 757 2187 in
783 2141 864 2187 vera
894 2118 1055 2188 consola·
1106 2130 1141 2187 et
1161 2117 1354 2208 Apostolis.

64 2224 164 2295 tione
183 2219 366 2291 vivificans
390 2221 515 2303 corda,
540 2221 695 2291 ostendit
714 2216 903 2309 Evangelii
926 2221 1055 2291 verita·
1208 2216 1284 2288 Atii
1299 2242 1372 2289 nun
1387 2217 1435 2289 ita
1452 2220 1570 2311 palam
1586 2219 1706 2291 delent
1720 2219 1887 2290 articulos
1904 2220 2006 2302 fidei,
2034 2221 2112 2289 sed‘
2171 2280 2174 2285 .

66 2336 195 2400 temet
223 2323 431 2407 efficaciam,
463 2322 555 2393 sicut
577 2317 754 2392 Dominus
780 2322 898 2416 inquit
927 2317 1053 2393 lohan.
1107 2321 1243 2392 occulte
1267 2344 1325 2391 cos
1348 2335 1583 2414 currumpunt
1608 2322 1979 2415 interpretationibus,
2005 2345 2096 2416 quae

69 2428 148 2501 tu:
176 2422 266 2497 Cum
289 2425 407 2495 veniet
430 2424 576 2515 spiritus
598 2424 773 2504 veritatis,
801 2425 906 2495 ducet
927 2447 993 2495 nos
1016 2426 1054 2494 in
1108 2425 1323 2495 dissentiunt
1352 2426 1399 2493 ab
1425 2423 1512 2515 ipsis
1541 2424 1700 2495 articulis
1724 2425 1897 2519 symboli,
1936 2437 1977 2495 ut
1998 2421 2096 2514 Papa

66 2552 209 2603 omnem
226 2527 420 2601 veritatem.
472 2525 707 2601 Eranusa
741 2524 900 2619 Spiritus
915 2538 1057 2598 sauctus
1106 2542 1140 2597 et
1170 2520 1336 2596 monachi
1368 2526 1523 2596 retinent
1553 2527 1660 2598 verba
1692 2526 1864 2622 symboli,
1914 2541 1948 2596 et
1975 2539 2094 2597 tamen

65 2636 127 2705 dat
151 2630 395 2702 testimonium
410 2628 552 2720 spiritui
577 2642 719 2712 nostro,
744 2631 840 2721 quod
864 2629 975 2698 simus
990 2629 1056 2697 filii
1107 2630 1319 2722 quibusdam
1344 2628 1504 2698 articulis
1531 2630 1669 2699 addunt
1697 2631 1802 2699 falsas
1832 2627 2097 2721 interpretatio·

63 2732 147 2806 Dei.
181 2730 252 2802 'lta
273 2729 390 2802 Adam
414 2726 539 2802 habuit
562 2731 764 2802 testimonia
789 2746 932 2803 externa
949 2746 983 2802 et
998 2733 1056 2800 in·
1107 2754 1170 2800 nes
1185 2756 1265 2800 cum
1279 2725 1474 2821 Evangelio
1496 2745 1710 2823 pugnantes,
1737 2744 1778 2802 ut
1799 2731 2013 2802 nominatim
2036 2724 2094 2800 his

66 2837 212 2911 teriora:
257 2834 344 2905 foris
375 2834 540 2903 audiebat
574 2858 695 2903 vocem
720 2834 911 2918 divinam,
958 2834 1056 2905 intus
1108 2833 1236 2903 duobis
1256 2833 1431 2916 articulis,
1460 2831 1577 2903 Credo
1593 2834 1837 2903 remissionem
1862 2846 2125 2925 peccatorum·

66 2937 241 3011 sentiebat
264 2940 304 3005 se'
324 2960 365 3005 ex
388 2949 502 3004 morte
525 2933 670 3006 liberari
694 2948 728 3007 et
745 2935 926 3004 vivificari.
1109 2933 1213 3005 Item:
1239 2932 1356 3007 Credo
1380 2957 1454 3004 esse
1476 2929 1671 3007 Ecclesiam
1695 2948 1852 3006 sanctam
1874 2930 2096 3006 catholicam.

167 3038 250 3109 Hac
282 3060 405 3107 causae
439 3038 483 3106 de
510 3037 715 3107 discrimine
746 3033 986 3110 Ethnicorum
1021 3051 1056 3110 et
1106 3034 1351 3127 Corrumpunt
1369 3040 1464 3107 enim
1481 3037 1692 3122 articulum,
1719 3037 1836 3108 Credo
1851 3035 2095 3107 remissionem

65 3137 247 3213 Ecclesiae
264 3163 364 3232 saepe
379 3151 414 3210 et
431 3151 564 3209 attente
578 3140 854 3211 considerandae
872 3155 966 3214 sunt.
1108 3152 1349 3232 peccatorum,
1376 3139 1460 3232 quia
1473 3140 1612 3211 addunt
1625 3134 2095 3231 interpretationem‚Credo

168 3242 325 3313 Facilius
344 3253 394 3311 est
410 3242 563 3311 refutare
580 3239 730 3312 ludaeos
754 3255 950 3332 pugnantes
974 3264 1053 3311 cnm
1107 3241 1351 3312 remissionem
1374 3240 1453 3311 aliis
1474 3242 1572 3325 dari,
1613 3266 1688 3312 non
1711 3237 1814 3312 mihi.
1864 3240 1971 3312 ltem:
2011 3238 2096 3310 Non

64 3342 250 3426 Ecclesia,
284 3344 343 3437 qui
370 3343 580 3435 profitentur
602 3367 639 3412 se
662 3344 825 3415 assentiri
847 3332 1055 3435 Prophetis:
1108 3346 1215 3416 credo
1239 3344 1500 3428 remissionem,
1523 3346 1584 3414 sed
1601 3344 1738 3418 dubito.
1791 3342 1873 3415 Non
1895 3344 2096 3432 credu'gra·

63 3474 107 3520 ex
129 3445 188 3518 his
212 3448 307 3517 enim
330 3445 494 3515 convinci
519 3461 686 3545 possunt,
714 3445 968 3538 Apostolorum
990 3446 1055 3515 do·
1107 3447 1153 3518 tis
1172 3446 1251 3515 dari
1268 3458 1412 3537 propter
1438 3445 1550 3516 filium
1575 3445 1662 3531 Dei,
1688 3449 1748 3517 sed
1766 3445 1843 3517 dari
1861 3457 2005 3537 propter
2020 3466 2096 3513 me-

63 3552 215 3623 ctrinam
242 3574 322 3621 curn
350 3541 555 3642 prophetica
579 3571 785 3639 congruere.
833 3545 1056 3619 Dissentiunt
1107 3551 1175 3620 rita
1201 3547 1431 3629 sufficientia,
1480 3563 1625 3639 propter
1651 3549 1883 3621 sufficientem
1908 3544 2097 3619 contritio-

61 3667 184 3725 autem
207 3648 328 3722 ludaei
350 3674 369 3719 a
393 3650 498 3720 nobis
525 3653 569 3720 de
600 3648 749 3732 Massia,
787 3674 893 3746 quem
926 3665 1056 3741 negant
1106 3676 1187 3720 nem
1213 3662 1248 3721 et
1271 3650 1341 3720 alia
1365 3674 1485 3742 opera.
1538 3649 1645 3739 ltem,
1662 3665 1808 3743 propter
1830 3648 2096 3722 satisfactiones.
2161 3712 2165 3719 .

60 3779 139 3827 esse
168 3755 281 3826 fllium
307 3748 376 3823 Dei
403 3765 647 3837 coaeternum,
687 3766 815 3843 negant
839 3744 1056 3840 Passionem,
1107 3751 1184 3826 Hae
1209 3753 1411 3824 additiones
1427 3767 1586 3844 pugnant
1602 3777 1683 3824 cum
1698 3750 1893 3842 Evangelio
1908 3762 2097 3821 enarrante
2227 3824 2234 3833 ,

60 3869 196 3948 negant
210 3880 290 3927 eum
307 3856 392 3926 dare
406 3856 581 3924 iusticiam
597 3867 630 3924 et
644 3856 753 3926 vitam
769 3868 1054 3937 aeternam,con-
1106 3869 1220 3926 totum
1265 3855 1484 3941 articulum,
1535 3852 1653 3927 Credo
1694 3854 1940 3927 remissionem
1974 3874 2096 3945 pecca·

60 3961 221 4031 tendunt
249 3980 397 4049 regnum
429 3957 612 4048 politicum
643 3952 850 4027 habiturum
884 3982 957 4027 esse
989 3973 1053 4029 etc.
1106 3973 1236 4029 torum.

59 4062 114 4135 Hi
137 4061 318 4154 praeripui
343 4082 479 4130 errores
502 4059 649 4131 refutari
665 4084 706 4131 ex
722 4054 981 4153 Prophetarum
1002 4073 1054 4131 te·
1209 4059 1369 4131 Alterius
1412 4060 1553 4131 articuli
1595 4061 1640 4131 de
1676 4055 1836 4131 Ecclesia
1876 4054 2098 4148 corruptelae

59 4162 243 4238 stimoniis
267 4162 449 4252 perspicue
473 4174 634 4255 possunt.
1107 4161 1212 4234 etiam
1244 4162 1461 4254 perniciosae
1489 4177 1591 4250 sunt,
1637 4162 1722 4257 quia
1745 4162 1884 4253 fingunt
1904 4156 2097 4247 Ecclesiam

120 4284 124 4289 '
167 4260 442 4337 Mahomctistae
481 4287 605 4358 parum
648 4262 821 4336 differunt
854 4264 901 4337 ab
935 4261 1055 4356 impiis
1107 4288 1180 4335 esse
1197 4288 1344 4356 regnum
1362 4264 1570 4359 politicum,
1593 4266 1631 4335 in
1649 4289 1722 4358 quo
1743 4263 1920 4335 dominari
1937 4272 2098 4353 oporteat

60 4368 227 4454 ludaeis,
261 4390 378 4460 neque
401 4377 521 4439 tamen
547 4364 724 4459 recipiunt
746 4362 960 4459 Prophetas,
993 4368 1055 4437 sed
1107 4362 1322 4469 Episcopus,
1355 4380 1390 4438 et
1410 4369 1562 4439 condere
1582 4368 1747 4459 dogmata
1762 4380 1795 4438 et
1812 4364 1946 4445 cultus,
1973 4377 2008 4434 et
2030 4356 2098 4431 ho·

58 4471 213 4543 refutari
237 4482 383 4562 possunt
408 4492 428 4540 a
451 4468 713 4540 circumstantia
729 4468 911 4570 temporis.
962 4464 1054 4541 Cum
1106 4494 1185 4540 rum
1203 4471 1423 4539 decretorum
1441 4470 1723 4542 observationem
1747 4491 1820 4540 esse
1843 4466 2018 4538 iusticiam
2035 4488 2098 4535 co·

57 4573 162 4646 enirn
177 4568 334 4644 Ecclesia
357 4573 465 4643 fuerit
481 4571 604 4658 initio,
630 4572 757 4660 dogma
781 4585 898 4642 autem
922 4566 1055 4643 Mahu-
1106 4596 1181 4642 ram
1200 4570 1289 4643 Deo.
1338 4567 1414 4642 Hac
1436 4565 1626 4665 hypothesi
1650 4572 1764 4665 posita
1789 4571 1983 4663 procedunt
2007 4561 2097 4661 Epi-

58 4672 151 4748 meti
177 4696 297 4746 reeens
321 4674 368 4745 sit
392 4687 518 4745 natum
551 4686 632 4767 post
659 4671 870 4767 Apostolos,
916 4673 1055 4744 circiter
1107 4674 1204 4765 scopi
1229 4672 1391 4765 longius,
1417 4674 1638 4746 constituunt
1659 4674 1776 4756 idola,
1802 4687 1836 4744 et
1859 4674 1980 4744 ferunt
2003 4668 2097 4759 leges

60 4801 203 4851 annum
225 4776 537 4858 sexcentesimum,
569 4788 604 4846 et
620 4794 753 4869 pugnet
771 4801 849 4847 cum
866 4770 1056 4868 Prophetis
1107 4800 1189 4847 suae
1211 4776 1416 4870 potentiae,
1450 4776 1523 4847 suis
1549 4776 1678 4867 opibus
1706 4776 2015 4856 accommodatas,
2056 4783 2097 4840 ut

62 4893 101 4951 et
125 4876 325 4971 Apostolis:
358 4880 578 4971 impossibile
606 4894 659 4951 est
681 4873 951 4950 Mahomctistas
981 4902 1055 4949 esse
1105 4880 1217 4969 legem
1248 4880 1291 4949 de
1321 4877 1501 4970 coniugio.
1560 4878 1684 4949 Postea
1707 4878 1741 4946 vi
1768 4876 1943 4969 corporali
1966 4884 2098 4961 cogunt

57 4977 260 5055 Ecclesiam
286 4978 367 5053 Dei.
419 4977 521 5052 Nihil
553 4995 671 5052 autern
703 4980 863 5052 continet
891 4981 1054 5052 doctrina
1107 4977 1289 5063 homines,
1313 4995 1354 5052 ut
1370 4982 1632 5073 obtemperent,
1658 4982 1749 5052 sicut
1764 4970 2097 5049 Nabuchodonosor

57 5080 282 5167 Mahumed,
322 5083 394 5153 nisi
427 5084 638 5173 particulam
670 5083 757 5173 legis
791 5084 837 5152 de
870 5083 1055 5174 operibus,
1106 5082 1219 5174 coegit
1236 5105 1317 5154 suas
1331 5096 1469 5174 gentes,
1497 5098 1536 5155 ut
1551 5097 1702 5156 statuam
1717 5082 1885 5154 colerent.

57 5187 194 5259 deinde
219 5186 316 5258 addit
346 5182 583 5277 blasphemias
607 5197 730 5257 contra
757 5185 869 5255 filium
892 5185 982 5268 Dei,
1020 5199 1054 5257 et
1210 5184 1263 5256 lta
1286 5185 1472 5280 utriusque
1497 5188 1638 5259 articuli
1666 5182 1888 5276 corruptelae
1914 5177 2098 5251 abducunt

57 5302 191 5362 contra
212 5288 386 5380 Spiritum
412 5303 592 5376 sanctum,
619 5288 1053 5383 etsnperstitiososquos-
1104 5301 1241 5358 mentes
1271 5287 1316 5357 ab
1348 5289 1530 5386 agnitione
1564 5286 1780 5367 mediaoris,
1816 5297 1851 5357 et
1878 5280 2097 5373 extinguunt

54 5393 144 5464 dam
165 5390 257 5493 ritus
274 5401 309 5462 et
327 5391 450 5464 stultas
466 5390 720 5463 satisfactiones
735 5412 801 5485 pro
823 5389 979 5471 delictis:
1003 5391 1053 5464 ita
1105 5391 1219 5462 lucem
1234 5422 1238 5431 ·
1253 5388 1439 5482 Evangelii
1465 5394 1509 5461 de
1534 5389 1742 5461 remissione
1768 5400 2015 5483 peccatorum,
2054 5384 2099 5452 de
