4522 5782
78 160 81 167 ’
173 210 252 293 ιιι
592 212 626 271 .·
750 197 889 330 eura
914 193 1033 277 uun
1058 193 1269 281 scutum
1294 195 1600 279 armantes.
1704 272 1707 277 ,
1770 224 1782 235 -
2127 199 2206 291 tat

177 410 265 465 mon
289 382 408 479 inquit
428 379 466 450 in
480 358 691 450 Ecclesiaste
712 375 826 466 capite
848 386 990 446 octavos
1016 369 1091 462 Qui
1103 392 1166 442 cu·
1216 373 1413 464 praeliante
1440 364 1573 462 iosus,
1613 368 1702 445 baec
1735 384 1773 445 et
1803 370 1933 443 similia
1961 370 2212 464 complectitur

181 491 290 563 studit
307 496 551 581 praeceptum,
575 502 651 549 non
666 475 994 569 afficieturpoenis,
1021 477 1083 545 sed
1099 474 1169 566 im·
1218 473 1351 547 dictum
1375 472 1529 563 Christi,
1562 477 1659 569 quod
1688 475 1835 570 quidem
1863 474 2052 564 diligenter
2079 473 2212 547 memi-

181 595 244 688 pio
260 614 333 660 non
351 586 418 657 erit
430 583 603 658 auxilium
620 582 658 650 in
676 581 734 650 die
748 579 892 665 mortis,
918 600 983 647 nee
996 578 1063 647 erit
1076 577 1169 646 libe-

176 695 275 767 ratio
288 693 326 761 in
343 689 456 770 bello,
482 708 547 754 nec
562 683 691 753 evasio.
740 675 957 774 Blaspbemi,
982 677 1170 750 utRabsa-

182 818 258 880 ces,
287 793 410 876 ludas,
435 784 562 872 Arins3
597 785 751 876 periuri,
776 796 817 853 ut
845 781 993 867 Metius,
1015 777 1170 857 homici-

132 936 135 941 >
182 900 270 984 dae,
295 908 336 966 ut
351 892 460 975 Cain,
486 903 521 958 et
537 887 701 982 tyranni,
726 899 766 956 ut
781 883 1000 967 Alexander,
1024 881 1171 971 Caligu-

185 1000 238 1083 la,
271 997 385 1080 Ner03
417 991 589 1074 adulteri,
621 1003 662 1059 ut
697 985 816 1070 Paris,
848 985 1005 1073 Tereus,
1038 997 1073 1054 et
1109 982 1171 1052 alii

186 1095 466 1170 innumerabiles
488 1092 706 1183 puniuntur,
729 1102 771 1159 ut
794 1087 958 1157 desinant
976 1088 1111 1166 furere,
1139 1098 1173 1154 et

187 1201 386 1290 exemplum
415 1218 609 1287 poenarum
638 1194 791 1261 deterret
819 1189 919 1259 alios.
970 1185 1067 1259 Haec
1090 1187 1173 1258 satis

186 1316 239 1373 est
255 1302 434 1372 monuisse
451 1301 494 1365 de
511 1292 689 1364 hocloco:
717 1292 770 1361 Ne
784 1291 949 1382 deinceps
964 1313 1103 1381 pecces,
1127 1312 1173 1357 ne

186 1405 274 1498 quid
292 1403 445 1472 deterius
460 1398 523 1468 tibi
543 1397 685 1465 accidat.
727 1392 831 1463 Hauc
848 1393 1055 1463 concionem
1070 1392 1174 1460 uobis

188 1505 355 1576 omnibus
375 1499 528 1595 proponi
549 1499 718 1576 sciamus,
743 1511 777 1565 et
793 1495 949 1585 exempla
967 1488 1074 1563 buius
1089 1516 1174 1562 con-

188 1607 303 1677 cionis
318 1591 398 1674 'esse
420 1601 608 1670 maximam
630 1611 765 1694 partem
788 1597 1024 1667 calamitatum
1049 1591 1175 1663 buma-

189 1731 337 1799 norum,
371 1727 462 1799 quae
483 1691 548 1770 n'os
569 1701 613 1769 de
635 1699 687 1767 ira
710 1700 779 1768 Dei
800 1700 1031 1778 admoneant,
1058 1699 1177 1765 deter-

188 1823 289 1878 reant
313 1831 333 1877 a
357 1802 596 1889 coutumacia,
627 1814 663 1871 et
684 1796 874 1870 hortentur
892 1822 958 1869 nos
979 1800 1022 1868 ad
1049 1797 1177 1896 poeni·

180 1911 347 1983 tentiam.

348 2072 462 2147 Pater
480 2095 580 2144 meus
602 2065 675 2142 huc
697 2093 810 2169 usque
832 2078 1030 2167 operatur.

106 2294 108 2299 ,
189 2244 195 2255 ’
291 2210 390 2283 Haec
418 2223 469 2279 est
496 2207 674 2291 defensio,
707 2228 812 2298 quam
835 2200 999 2275 Christus
1027 2202 1176 2295 opponit

190 2316 333 2390 ιιιιιιιιιι
357 2315 401 2382 de
423 2311 552 2380 violata
573 2309 648 2397 lege
671 2307 820 2380 sabbati.
871 2304 1004 2398 Estque
1025 2307 1178 2375 secunda

190 2419 283 2490 ratio
306 2440 346 2486 ex
363 2410 438 2496 bis,
463 2433 549 2505 quas
564 2434 668 2498 supra
684 2406 862 2484 recensui,
886 2410 945 2476 sed
962 2408 1074 2476 multu
1089 2410 1178 2477 ube·

189 2520 276 2594 rior.
326 2516 417 2588 Nam
433 2510 596 2583 Cbristus
617 2524 689 2580 tres
707 2508 899 2579 sententias
924 2509 1180 2600 complectitur,

191 2615 343 2717 quorum
366 2640 436 2686 una
458 2628 528 2692 est,
556 2608 648 2680 banc
667 2611 905 2694 sanationem,
924 2612 975 2680 ¹de
1000 2634 1069 2703 qua
1093 2624 1179 2680 tunc

192 2724 447 2802 disserebatur,
478 2738 567 2807 opus
591 2714 660 2783 Dei
685 2735 767 2785 esse,
818 2711 1000 2796 Secunda,
1032 2735 1069 2780 se
1097 2737 1177 2781 cum

76 2816 89 2892 ζ
190 2840 334 2898 aeterno
362 2833 460 2912 patre
485 2819 607 2886 eadem
631 2839 737 2906 opera
763 2814 847 2883 inde
869 2837 980 2906 usque
1005 2812 1049 2881 ab
1074 2803 1196 2883 initio'

191 2929 333 3009 fecisse,
359 2936 391 2992 et
409 2943 504 2989 nune
519 2918 644 2989 faeere.
698 2914 839 2999 Tertia,
862 2930 996 3005 patrem
1014 2939 1086 2984 non
1106 2939 1179 2985 esse

191 3029 365 3110 otiosum,
395 3035 456 3091 aut
479 3020 622 3089 desiisse
643 3040 763 3107 agere,
785 3029 973 3110 postquam
995 3016 1179 3088 fabricavit

183 3143 417 3209 creaturam,
433 3125 523 3193 sicut
545 3118 667 3190 ludaei
690 3120 786 3189 iusta
807 3119 986 3189 somnium
1004 3114 1179 3188 humanae

189 3231 341 3304 rationis
357 3228 546 3314 lingebant,
565 3222 678 3292 Deum
695 3220 848 3290 conditis
864 3221 969 3289 rebus
984 3242 1102 3310 postea
1121 3244 1179 3289 eas

189 3334 396 3425 reliquisse,
412 3328 513 3395 sicut
528 3325 627 3391 inber
642 3322 760 3391 navim
776 3322 980 3391 fabricatam
998 3321 1177 3414 relinquit.

191 3437 251 3507 De
280 3431 336 3503 his
365 3430 478 3502 tribus
497 3424 679 3494 sententiis
701 3422 891 3492 uberrimis
909 3421 1035 3490 ordine
1056 3423 1179 3492 dicen-

192 3540 280 3607 dum
310 3547 378 3615 est,
411 3552 502 3622 quae
525 3528 630 3595 etiam
652 3524 835 3594 continent
860 3525 996 3593 illustre
1020 3526 1179 3596 testimo-

190 3640 293 3709 nium
310 3637 354 3702 de
371 3633 462 3714 ttio,
488 3630 583 3721 quod
598 3627 644 3698 sit
657 3625 875 3696 substantiae
889 3626 1043 3695 divinae.

226 3798 229 3804 .
292 3736 455 3806 Primum
492 3752 575 3817 ergo
611 3731 655 3797 de
684 3728 785 3798 tertia
818 3727 992 3797 sententia
1024 3727 1179 3798 dicatur-s

1217 575 1313 646 nisse
1332 580 1518 663 debemus,
1546 591 1581 650 et
1600 577 1793 667 adiungere
1814 577 1960 647 caeteris
1983 573 2211 658 testimoniis,

1218 702 1309 773 quae
1338 682 1467 752 docent
1487 703 1555 751 uus
1575 681 1621 750 de
1640 680 1797 770 generali
1816 679 1955 751 actione
1975 676 2213 771 Deitcuusere

1219 783 1336 852 vantis
1364 797 1546 868 naturam,
1578 805 1625 852 ne
1651 780 1825 870 fingamus
1855 804 1912 851 res
1933 803 2031 851 nunc
2051 802 2117 850 suu
2140 780 2213 872 img-

1219 896 1304 974 petu
1327 884 1432 969 ferri,
1467 885 1544 954 sine
1565 881 1661 967 Deo,
1695 906 1760 953 uec
1783 906 1804 953 a
1825 880 1902 953 Deo
1923 883 2111 975 petendam
2135 903 2212 953 esse

1221 985 1350 1070 vitam,
1376 1001 1489 1057 terrae
1505 985 1798 1066 foecunditatem,
1824 998 1860 1055 et
1874 984 1943 1054 alia
1960 995 2108 1052 naturae
2125 1006 2213 1073 upe-

1220 1110 1280 1173 ra,
1316 1081 1402 1157 huic
1439 1087 1567 1157 delirio
1601 1081 1779 1156 humanae
1809 1086 1960 1156 rationis
1988 1107 2214 1176 opponamus

1221 1182 1308 1257 baec
1337 1189 1447 1259 dicta:
1484 1186 1527 1258 ln
1549 1187 1625 1257 Deo
1655 1211 1794 1273 sumus,
1826 1186 2000 1272 vivimus,
2031 1200 2065 1258 et
2088 1208 2214 1257 move-

1221 1312 1314 1361 mur.
1365 1290 1423 1360 Ad
1438 1286 1530 1363 Heb.
1547 1291 1598 1365 1.:
1625 1288 1757 1359 Ferens
1770 1289 1891 1360 omnia
1906 1290 2015 1359 verbu
2029 1287 2213 1380 potentiae

1223 1415 1317 1465 suae.
1351 1389 1551 1465 Culuss.1.:
1579 1386 1714 1461 Omnia
1730 1391 1768 1460 in
1782 1416 1822 1461 eu
1834 1391 2047 1461 consistunt.
2077 1384 2214 1464 Matth.

1226 1493 1304 1564 10.:
1332 1490 1413 1563 Duo
1436 1516 1591 1583 passeres
1612 1515 1687 1562 asse
1707 1506 1882 1579 veneunt,
1907 1508 1942 1563 et
1964 1515 2057 1563 unus
2080 1491 2215 1562 exiliis

1224 1620 1298 1664 non
1321 1596 1420 1664 cadet
1443 1619 1550 1686 super
1573 1607 1703 1664 terram
1725 1596 1801 1664 siue
1823 1609 1920 1686 patre
1942 1608 2071 1666 vestro.
2122 1591 2216 1663 Item

1224 1694 1354 1767 Psalm.
1378 1697 1476 1767 103.:
1511 1693 1645 1765 Omnia
1674 1719 1695 1766 a
1720 1709 1754 1767 ιι
1778 1709 1982 1789 expectant,
2012 1708 2053 1765 ιιι
2075 1694 2138 1765 des
2162 1693 2215 1785 eis

1226 1821 1337 1869 escam
1355 1799 1391 1866 iu
1409 1813 1476 1869 tem
1506 1821 1566 1867 ore
1582 1811 1773 1889 oportuno.

1327 1898 1470 1970 Praeter
1481 1823 1573 1969 iianc
1588 1901 1788 1989 generalem
1803 1898 1978 1969 actionem
1993 1894 2080 1983 Dei,
2106 1895 2216 1969 eliam

1225 2001 1314 2071 fiunt
1338 2003 1566 2095 quotidianae
1585 2001 1777 2092 peculiares
1792 2001 2021 2070 liberationes
2035 2001 2075 2068 in
2090 1996 2216 2070 Eccle-

1226 2102 1296 2189 sia,
1330 2105 1373 2172 de
1400 2104 1530 2197 quibus
1553 2103 1750 2195 loquuntur
1771 2102 1840 2171 alia
1864 2103 1976 2172 multa
2000 2101 2218 2186 testimonia,

1226 2219 1265 2275 ut
1288 2206 1395 2296 petite
1418 2219 1451 2275 ιι
1471 2204 1660 2297 accipietis.
1711 2203 1804 2275 Psal.
1823 2203 1899 2274 διε
1933 2202 2072 2273 Multae
2095 2203 2217 2275 tribu-

1226 2306 1376 2376 lationes
1400 2306 1594 2385 iustorum,
1626 2305 1686 2375 sed
1710 2306 1754 2374 de
1777 2301 1834 2375 bis
1857 2306 2025 2375 omuibus
2047 2304 2219 2375 liberabit

1227 2432 1286 2478 eus
1312 2408 1490 2480 dominus.
1540 2405 1588 2476 Et
1609 2421 1789 2500 utrunque
1812 2430 1922 2497 genus
1946 2406 2126 2476 actionum
2144 2405 2217 2475 lide

1227 2509 1497 2600 intelligendum
1512 2523 1580 2594 est,
1606 2523 1646 2579 ut
1660 2532 1741 2577 vere
1755 2521 1950 2578 statuamus
1965 2505 2080 2578 Deum
2095 2508 2218 2577 adesse

1228 2625 1373 2681 naturae
1402 2604 1543 2695 rerum,
1579 2624 1612 2680 et
1644 2623 1803 2700 petamus
1831 2611 1877 2680 ab
1905 2610 2001 2700 ipso,
2035 2623 2077 2681 ut
2104 2608 2218 2680 vitam

1227 2726 1385 2783 nostram
1411 2725 1567 2791 tueatur,
1593 2723 1635 2781 ut
1658 2710 1846 2782 foecundet
1862 2725 2012 2794 terram,
2036 2724 2076 2781 ut
2093 2711 2219 2781 deien-

1228 2816 1287 2884 dat
1302 2837 1377 2884 uos.
1423 2811 1518 2882 Haec
1534 2814 1618 2906 lides
1632 2826 1684 2884 est
1700 2814 1840 2882 credere
1856 2813 2045 2883 articulum
2062 2814 2105 2882 de
2119 2832 2217 2881 crea·

1229 2917 1336 2987 tione.
1385 2913 1476 2985 Nam
1500 2912 1562 3006 qui
1585 2914 1634 2984 sic
1652 2927 1789 2984 tantum
1812 2915 1944 3005 lingita
1962 2912 2039 2996 Deo
2053 2913 2217 2984 conditas

1228 3041 1301 3087 esse
1323 3040 1396 3102 res,
1423 3030 1456 3087 ιι
1478 3029 1597 3106 postea
1622 3017 1778 3101 relictas,
1806 3030 1843 3086 ut
1867 3038 1947 3087 cum
1972 3016 2072 3085 saber
2095 3014 2217 3084 navim

1228 3121 1376 3203 iactam,
1408 3130 1528 3209 postea
1560 3117 1748 3210 relinquit,
1781 3130 1816 3187 et
1847 3117 1956 3187 tradit
1976 3118 2122 3202 nautis,
2158 3110 2217 3185 bic

1229 3244 1303 3289 uun
1324 3233 1416 3290 recte
1436 3219 1565 3307 cogitat
1586 3222 1630 3289 de
1654 3219 1844 3289 creatione.
1897 3217 1988 3288 Cum
2013 3233 2131 3289 autem
2148 3211 2216 3285 bu·

1229 3345 1333 3391 mana
1357 3345 1456 3390 mens
1477 3322 1553 3390 sine
1576 3323 1645 3390 fide
1662 3345 1734 3390 non
1751 3322 1854 3391 aliter
1871 3320 2023 3406 iudicet,
2047 3312 2227 3390 discenda,

1229 3437 1281 3494 est
1298 3447 1377 3492 vera
1398 3423 1569 3493 sententia
1584 3424 1629 3493 de
1644 3425 1909 3493 conservatione
1925 3446 2056 3507 rerum,
2081 3434 2115 3491 et
2130 3420 2217 3491 assi·

1230 3526 1310 3595 duis
1325 3522 1390 3593 Dei
1413 3526 1580 3614 operibus
1600 3549 1641 3591 ex
1659 3524 1887 3603 testimoniis,
1910 3538 1949 3593 ut
1970 3525 2057 3592 fides
2073 3541 2217 3593 accensa

1230 3640 1395 3716 agnoscat
1411 3625 1475 3696 Dei
1493 3624 1745 3716 praesentiam,
1770 3639 1803 3695 et
1817 3640 1908 3695 recte
1923 3625 2063 3695 invocet
2078 3648 2173 3699 eum.

1332 3727 1401 3797 Sed
1421 3752 1483 3794 cur
1498 3728 1630 3797 dictum
1647 3743 1696 3795 est
1712 3726 1751 3795 in
1767 3727 1841 3816 lege
1855 3749 2014 3812 cessasse,
2042 3752 2104 3797 seu
2117 3726 2217 3820 quie-

188 3842 297 3912 Pater
314 3859 412 3906 tueus
431 3855 541 3921 usque
557 3826 665 3898 bodie
678 3843 856 3920 operatur.
908 3827 1003 3898 Haec
1019 3843 1069 3898 est
1084 3831 1178 3898 refu-
1231 3829 1323 3898 visse
1339 3826 1477 3898 Deum?
1514 3827 1744 3918 Respondeo:
1767 3827 2022 3898 -Nondubium
2045 3843 2096 3900 est
2118 3851 2217 3898 arca·

192 3944 279 4015 tatio
303 3934 498 4028 argumenti
523 3931 657 4000 ludaici
680 3933 724 3998 cle
747 3932 912 4010 sabbato,
947 3932 1047 4023 quasi
1069 3932 1178 3999 dicat:
1232 3956 1313 4000 nam
1346 3931 1544 4000 doctrinam
1578 3929 1752 3999 contineri
1777 3930 1813 3997 in
1835 3923 1901 3999 bac
1922 3930 2059 4001 sabbati
2085 3930 2217 4004 descri-

192 4045 349 4124 Erratis,
389 4062 455 4107 nee
489 4048 582 4104 recte
620 4032 818 4121 intelligitis
849 4032 980 4121 legem,
1017 4057 1099 4100 curn
1131 4034 1179 4101 ait
1232 4033 1352 4123 ptione
1374 4046 1408 4101 ιι
1432 4030 1647 4105 conditione.
1699 4029 1874 4100 Evolvam
1897 4045 2218 4103 queml-enam„

193 4133 305 4218 Exod.
322 4143 400 4215 20.:
428 4139 495 4211 Sex
521 4136 646 4204 diebus
666 4134 749 4205 fecit
770 4132 866 4204 Deus
890 4134 1025 4203 coelum
1049 4149 1082 4203 ιι
1108 4147 1180 4203 ter·
1230 4134 1374 4203 difficile
1390 4147 1451 4203 est.
1502 4131 1662 4203 Primum
1679 4134 1759 4202 ideo
1775 4132 1907 4202 dicitur
1921 4134 2095 4225 quievisse
2111 4130 2219 4215 Deus,

192 4271 288 4328 ram,
314 4258 348 4312 et
371 4238 544 4332 requievit
567 4237 624 4306 die
646 4235 810 4326 septimo:
836 4231 921 4304 binc
938 4235 1179 4304 ratiocinami-
1231 4237 1314 4329 quia
1338 4235 1473 4305 nullam
1499 4257 1627 4303 novam
1650 4235 1799 4326 speciem
1824 4233 1861 4303 iu
1879 4249 2004 4305 natura
2022 4235 2163 4325 condit,
2185 4247 2219 4306 st

90 4339 93 4347 ⁸
192 4351 251 4427 ni,
276 4345 392 4415 Deum
412 4366 507 4410 nune
529 4340 681 4408 otiosum
703 4361 794 4420 esse,
818 4350 852 4406 et
873 4349 964 4406 certe
978 4338 1016 4404 iu
1032 4338 1178 4408 sabbato
1202 4360 1205 4391 ³
1229 4338 1313 4407 iacit
1334 4336 1550 4406 mentionem
1573 4337 1776 4407 cessationis
1794 4333 1908 4419 Deus,
1935 4350 1974 4406 ut
1998 4337 2091 4407 clare
2111 4349 2218 4409 ιω..

193 4448 287 4522 nihil
308 4468 418 4529 agere.
470 4443 590 4533 Quare
612 4440 829 4508 sanationem
851 4464 869 4507 a
892 4462 947 4506 me
970 4440 1094 4508 iactam
1115 4463 1180 4507 ne·
1231 4454 1311 4526 tur,
1342 4461 1379 4507 se
1403 4462 1478 4506 uon
1500 4437 1606 4505 aliam
1633 4439 1783 4528 speciem
1804 4438 1939 4507 abiecto
1964 4433 2110 4509 homine
2134 4463 2220 4509 con,

194 4555 283 4646 gatis
311 4571 384 4618 esse
406 4542 474 4615 Dei
504 4562 604 4632 opus.
662 4538 757 4610 Huic
779 4554 912 4608 vestrae
936 4538 1179 4629 imaginationi
1203 4555 1205 4579 ²
1231 4542 1390 4612 diturum
1418 4561 1509 4622 esse,
1542 4541 1602 4608 sed
1636 4535 1817 4608 bominem
1852 4562 1926 4609 esse
1956 4555 2152 4611 extremum
2184 4553 2219 4611 ιι

193 4678 337 4748 oppono
354 4645 421 4718 boc
437 4646 581 4715 dictum.
632 4640 770 4711 Patrem
787 4653 865 4734 post
880 4642 1057 4710 conditam
1074 4655 1180 4712 natu·
1202 4589 1206 4682 i
1230 4666 1408 4713 summum
1431 4663 1542 4731 opus,
1568 4665 1639 4732 quo
1667 4642 1877 4726 delectetur,
1902 4657 1935 4714 et
1957 4644 1995 4711 in
2018 4667 2089 4735 quo
2115 4642 2219 4736 (μὴ.

194 4781 270 4830 ram
295 4774 412 4824 rerum
435 4771 509 4818 non
525 4744 670 4815 desiisse
685 4765 803 4831 agere,
829 4745 888 4813 sed
907 4744 1072 4833 deinceps
1089 4768 1180 4812 sem·
1225 4767 1325 4813 ,scere
1350 4742 1452 4825 velit,
1476 4765 1515 4809 ac
1537 4742 1754 4829 significatur
1780 4742 1904 4831 ingens
1929 4745 2082 4833 dignitas
2100 4739 2219 4815 bomi-

194 4883 258 4955 per
278 4855 420 4926 affuisse
442 4873 507 4919 suo
531 4847 651 4936 operi,
675 4860 710 4914 et
731 4847 767 4914 id
791 4859 1017 4926 sustentasse,
1043 4859 1076 4914 et
1094 4870 1180 4914 eon·
1232 4848 1308 4935 nis,
1334 4858 1368 4913 ιι
1391 4867 1491 4912 amur
1506 4843 1574 4913 Dei
1598 4866 1678 4932 erga
1701 4838 1901 4929 bominem,
1927 4846 1966 4913 in
1988 4843 2054 4915 boc
2070 4846 2149 4938 ipsu
2165 4860 2219 4918 te·

194 4982 367 5041 servasse,
392 4953 604 5023 foecundare
618 4963 746 5018 terram
763 4947 972 5040 quotannis,
998 4947 1180 5039 impertire
1230 4947 1419 5027 stimonio,
1445 4947 1540 5037 quod
1557 4942 1653 5015 Deus
1672 4946 1886 5035 pronunciat
1903 4944 2000 5018 bunc
2015 4971 2088 5017 esse
2102 4964 2219 5020 extre»

194 5066 267 5132 vim
292 5054 565 5152 procreationis,
598 5063 633 5120 et
655 5051 762 5118 vitam
786 5050 1038 5118 animantibus.
1092 5048 1180 5118 ltcm
1230 5073 1329 5118 mum
1350 5071 1457 5138 opus,
1489 5048 1535 5116 ad
1554 5051 1650 5139 quud
1673 5049 1780 5119 fuerit
1801 5048 1931 5119 directa
1954 5049 2062 5120 tutius
2081 5051 2219 5142 opificis

193 5166 232 5234 in
254 5160 411 5233 Ecclesia
431 5155 584 5226 subinde
606 5153 785 5221 mirandas
808 5151 1035 5220 liberationes
1056 5152 1181 5225 iacere.
1229 5150 1439 5219 deliberatio
1473 5160 1508 5218 et
1534 5151 1720 5248 appetitio.
1776 5146 1855 5218 Hoc
1884 5175 1975 5241 opus
2004 5152 2120 5225 voluit
2149 5155 2219 5227 ribi

192 5265 276 5338 Non
298 5277 373 5334 erat
394 5259 528 5332 otiosus
542 5254 659 5338 Deus,
686 5278 766 5324 eum
788 5253 881 5322 viam
899 5254 1031 5343 pupulo
1048 5255 1181 5343 pateia-
1228 5250 1326 5324 Deus
1349 5251 1491 5343 quidem
1517 5274 1610 5335 esse,
1634 5276 1706 5344 quo
1725 5250 1800 5342 ipse
1815 5254 1958 5343 proprie
1972 5253 2219 5344 delectamur.

193 5383 288 5441 reret
301 5390 363 5460 per
377 5385 474 5434 mare
489 5360 658 5444 rubrum,
683 5380 763 5427 cum
779 5355 917 5428 sisteret
931 5379 1073 5435 cursum
1086 5353 1182 5429 Sulis
1228 5371 1264 5439 et
1280 5355 1404 5449 inquo
1420 5366 1590 5447 perpetuo
1609 5366 1643 5426 et
1659 5353 1737 5424 siue
1751 5352 1822 5424 fine
1835 5355 2085 5435 celebraretur.
