4522 5782
69 154 263 293 ἰη’
436 224 444 269 ·.
575 87 1675 275 ..·rumudhscmrra.fflusalua-.
1768 206 1831 271 .·'
1924 226 1927 231 ·
2025 188 2150 269 -ddl

112 379 352 459 rehabeamus
371 354 814 443 uenam'eonrotntonem
828 372 956 435 contre
970 361 1103 463 draps-³
1157 363 1227 437 mis
1248 358 1428 439 umam
1452 361 1695 455 temporibus,
1720 386 1831 458 quare
1854 387 1938 437 eum
1963 362 2149 457 diligenter

115 486 301 561 rationem.
351 469 442 547 Erat
456 467 566 560 igitur
577 479 613 539 et
632 467 673 537 in
692 464 835 537 latrone
851 462 1037 538 conversio
1060 464 1100 537 io
1158 468 1357 553 audiamus,
1371 479 1406 539 ct
1421 466 1622 558 exemplum
1638 464 1715 537 eius
1729 479 1863 539 attente
1877 466 2148 556 coresiderrmue,

115 609 218 660 cruce
235 602 326 651 nova
341 570 564 651 obedientia,
585 568 707 640 aderat
723 566 960 658 poenitentia:
993 591 1104 659 quae·
1159 595 1201 643 ac
1215 569 1410 645 imitemur.

116 692 209 763 ritur
231 683 329 755 euim
350 696 573 769 sepeccasse.
623 671 672 745 Et
693 670 785 741 mira
807 667 1108 741 lurbdeiinhoc
1259 669 1454 764 Postquam
1479 682 1598 741 autem
1630 669 1661 740 si
1689 670 1821 762 placet,
1856 683 1897 741 ut
1929 658 2034 760 diri,
2064 696 2146 748 noer

117 792 255 864 abiecto
278 781 424 855 homine
443 788 563 847 exorta
586 787 658 859 est,
684 771 911 866 ostenditque
928 769 1026 843 Deus
1040 767 1110 843 hoc
1160 772 1385 857 obediemim
1423 772 1488 843 etsi
1514 772 1587 844 vita
1618 787 1761 845 aeterna
1792 786 1938 866 propter
1971 769 2146 849 Christum

94 889 283 981 ,exemplo
306 907 342 954 se
366 877 578 952 mirabiliter
601 875 641 945 in
657 875 823 945 extremis
839 874 1112 947 difficultatibus
1161 876 1271 967 pratis
1298 878 1475 956 donatur,
1508 889 1628 948 tamen
1653 875 1760 948 etiam
1785 888 1992 967 compensat
2016 892 2146 951 nostros

119 991 314 1068 Ecclesiam
331 1003 540 1057 conservare
561 991 596 1049 et
616 976 815 1049 restituere.
866 975 1031 1069 Apostoli
1057 976 1114 1047 di·
1163 980 1322 1065 labores,
1360 977 1516 1048 actiones
1547 991 1582 1047 ct
1610 1000 1810 1050 aerumnas.
1886 976 1973 1048 ldeo
1995 974 2146 1051 Christus

122 1094 212 1184 lapsi
238 1089 450 1161 dubitabant
471 1085 515 1153 de
533 1078 725 1170 Magistro,
753 1078 918 1151 viderant
934 1078 1116 1168 magnitu·
1165 1080 1302 1175 inquit:
1327 1076 1468 1150 Mereor
1491 1092 1606 1150 vestra
1628 1080 1770 1172 copiosa
1790 1093 1843 1150 est
1868 1077 1906 1149 in
1930 1081 2052 1155 coelis.
2108 1078 2148 1155 Er

124 1199 247 1271 ‹line'm
279 1185 508 1268 calamitatis,
547 1206 656 1277 quare
694 1181 898 1271 cogitabant
935 1183 1115 1253 desertum
1167 1205 1372 1279 quanquam
1390 1205 1464 1251 non
1481 1193 1664 1252 merentur
1679 1181 1789 1252 vitam
1810 1194 2012 1265 aeternam,
2040 1197 2146 1256 nmen

125 1318 200 1371 esse
225 1290 356 1365 aDeo:
389 1289 448 1360 sed
470 1281 537 1355 hac
559 1284 675 1375 specie
696 1306 772 1354 non
794 1285 992 1356 deterretur
1013 1285 1118 1367 latro,
1167 1297 1349 1356 merentur
1378 1307 1441 1353 sua
1475 1284 1630 1374 praemia
1652 1284 1850 1374 corporalia
1879 1298 1915 1354 et
1943 1285 2148 1376 spiritualis,

126 1425 200 1494 quo
222 1394 342 1465 minus
364 1392 409 1461 ab
429 1412 472 1459 eo
494 1387 643 1457 salutem
670 1397 784 1477 petat,
827 1385 989 1458 audierat
1010 1383 1117 1477 poulo
1168 1410 1259 1483 quse
1282 1386 1497 1476 contingunt
1517 1400 1593 1457 lum
1617 1385 1655 1455 in
1679 1381 1848 1470 haesita,
1874 1399 1949 1457 turn
1970 1402 2053 1480 post
2070 1383 2150 1459 haur

127 1515 345 1575 antevocem
362 1488 470 1562 hanc:
506 1487 611 1559 Pater
636 1487 852 1563 remitteris.
892 1485 1069 1559 Audierat
1083 1498 1118 1557 et
1168 1491 1290 1563 eitam.
1340 1485 1432 1559 Cum
1448 1488 1544 1557 enim
1561 1488 1645 1560 velit
1661 1485 1758 1558 Deus
1775 1489 1869 1558 inler
1890 1484 2059 1560 homines
2075 1515 2150 1562 coo·

128 1601 301 1697 qrraedam
325 1596 399 1665 eius
421 1593 511 1662 lacta
535 1603 569 1660 et
585 1613 695 1680 gersus
710 1590 954 1680 professionis.
1008 1588 1118 1660 Vide·
1168 1614 1308 1663 servare
1321 1588 1538 1677 Ecclesiam,
1564 1590 1722 1682 impertit
1736 1590 1849 1662 multa
1872 1593 2076 1684 corporalia
2096 1594 2149 1665 be-

127 1706 218 1777 bant
242 1713 405 1770 naturam
439 1717 589 1771 rerum,
627 1693 817 1763 obscurato
847 1691 923 1763 sole
949 1705 986 1763 et
1006 1705 1120 1763 terrae
1169 1693 1303 1765 nebris.
1354 1686 1421 1764 Est
1434 1715 1524 1785 opus
1538 1692 1652 1773 victu,
1680 1715 1765 1785 pace
1779 1692 1896 1778 civili,
1918 1706 1955 1764 et
1971 1694 2055 1764 aliis
2067 1695 2151 1767 vitae

130 1819 232 1876 motu
255 1804 299 1871 de
321 1823 364 1868 eo
387 1793 628 1867 testimonium
654 1792 786 1869 dicere.
853 1790 988 1885 Magno
1012 1794 1120 1885 igitur
1169 1794 1376 1867 commodis.
1441 1794 1506 1865 Est
1527 1807 1563 1865 et
1584 1794 1831 1887 spiritualibus
1856 1796 2039 1869 mordelis
2058 1820 2153 1890 epm,

132 1909 270 1997 impetu
291 1925 372 1970 eum
404 1898 565 1980 invocat,
606 1894 791 1988 iuquiens:
833 1893 1018 1967 Memento
1050 1895 1120 1966 mei
1171 1897 1385 1990 prudentia,
1416 1897 1636 1983 eruditione,
1674 1896 1902 1982 fortitudine,
1940 1900 2152 1971 successibus

132 2007 302 2087 Domine,
330 2025 411 2073 cum
435 1999 473 2068 iu
494 2021 642 2087 regnum
659 2012 759 2068 luum
776 1997 927 2069 veneris.
978 1994 1122 2086 Quanta
1171 2001 1210 2071 in
1234 2000 1431 2073 vocatione.
1509 1996 1593 2069 ldco
1621 1994 1786 2069 Christus
1812 1998 1955 2092 inquit:
1996 1998 2153 2072 Primum

131 2107 220 2181 haec
239 2104 321 2185 fidei
338 2104 400 2174 lux
417 2115 507 2171 erat:
536 2096 632 2170 hunc
647 2099 812 2191 supplicii
830 2099 963 2170 socium
986 2115 1021 2172 et
1042 2125 1122 2171 mo-
1171 2101 1328 2196 quaerite
1344 2124 1491 2191 regnum
1510 2099 1598 2184 Dei,
1618 2116 1652 2172 et
1668 2115 1803 2171 caetera
1818 2101 2038 2174 adiicientur
2053 2101 2156 2179 robis.

134 2212 286 2285 rientem
313 2204 385 2277 iam
416 2202 574 2293 agnoscit
595 2223 669 2271 esse
695 2197 863 2272 Messiam
885 2201 1122 2275 remittentem
1175 2200 1223 2275 Et
1247 2201 1397 2274 Paulus:
1424 2202 1540 2274 Pietas
1563 2198 1671 2274 habet
1696 2201 1947 2294 promissiones
1968 2204 2155 2296 praesentis

12 2380 16 2386 ,
134 2325 296 2407 peccata,
334 2320 369 2380 et
401 2306 566 2376 daturum
600 2303 710 2375 vitam
750 2317 949 2384 aeternam,
988 2304 1122 2376 abolita
1174 2319 1209 2378 et
1233 2306 1372 2377 loturae
1395 2307 1501 2375 vitae.
1552 2301 1598 2376 Et
1615 2302 1729 2375 Marci
1749 2304 1827 2378 10.:
1860 2304 2025 2398 Recipiet
2042 2322 2155 2381 cento-

135 2427 251 2489 mortc
273 2424 308 2482 et
329 2420 556 2498 regnaturum
581 2420 660 2495 post
679 2398 907 2481 hancvitnm.
958 2404 1122 2500 Apostoli
1173 2408 1272 2500 plum
1288 2408 1327 2476 in
1343 2404 1407 2478 hac
1425 2408 1514 2488 vita,
1535 2408 1690 2477 sedtum
1706 2410 1958 2498 persecutione.
2000 2404 2052 2483 El
2065 2434 2155 2502 pras-

136 2532 241 2590 antea
258 2514 297 2582 in
312 2513 386 2582 reb.
399 2507 1026 2600 secundiscogitaverantforcregenn
1044 2510 1124 2601 pul·
1174 2524 1314 2603 ceptum
1333 2523 1499 2604 quartum
1516 2509 1581 2579 ait:
1617 2522 1657 2579 ut
1676 2508 1725 2578 sis
1745 2510 1938 2600 longaevus
1963 2536 2075 2604 super
2093 2526 2156 2585 ter·

137 2621 186 2691 sis
206 2614 392 2689 Romanis.
459 2611 508 2679 At
533 2603 590 2678 hic
612 2631 683 2679 una
709 2610 918 2679 morientem
944 2612 1126 2707 praedicat
1175 2636 1263 2685 ram.
1314 2606 1554 2685 EtChristus:
1587 2608 1697 2715 Date,
1724 2628 1759 2683 et
1780 2613 1926 2683 dabitur
1948 2614 2067 2687 vobis.
2111 2608 2155 2687 Ilt

137 2730 367 2811 regnaturum
383 2735 458 2783 esse
471 2726 547 2801 post
567 2725 727 2785 mortem.
779 2708 944 2783 Vicissim
968 2714 1077 2803 igitur
1091 2727 1126 2785 et
1177 2708 1397 2788 Marrh.10.:
1424 2710 1497 2801 Qui
1515 2713 1652 2784 dederit
1667 2729 1788 2804 potum
1806 2739 1937 2806 aquae,
1958 2717 2024 2786 uni
2041 2740 2083 2786 err
2094 2712 2165 2785 nri-¹

138 2819 303 2896 Christus
317 2828 463 2887 testatur
477 2836 515 2882 se
536 2828 764 2902 regnaturum
787 2836 878 2898 esse,
904 2839 941 2885 se
963 2839 1038 2886 esse
1063 2817 1126 2885 da-
1176 2816 1303 2902 nimh,
1330 2832 1474 2907 propter
1487 2816 1706 2901 doctrinam,
1728 2840 1802 2887 uon
1817 2819 1939 2907 perdet
1954 2822 2156 2893 mercedem.

141 2939 255 2999 torem
269 2920 362 2991 vitae
377 2932 558 2999 aeternae,
581 2928 617 2985 et
638 2915 808 3006 proponit
827 2917 960 2988 latroni
981 2919 1126 2989 absolu·
1177 2916 1341 3012 Denique
1365 2918 1493 3009 passim
1515 2931 1633 2988 extant
1657 2917 1695 2987 in
1718 2919 1951 2989 concionibus
1968 2917 2155 3013 Propheta-

142 3027 277 3101 tionem
301 3035 334 3092 et
349 3017 584 3107 Evangelium
609 3019 653 3086 de
678 3017 750 3086 vita
775 3031 936 3100 aeterna,
961 3031 1003 3090 ut
1022 3018 1125 3089 fidem
1180 3043 1257 3089 rum
1276 3020 1527 3112 promissiones
1541 3022 1586 3089 de
1602 3021 1845 3109 corporalibus
1862 3035 1895 3091 et
1918 3024 2156 3112 spiritualibus

144 3130 222 3199 eius
235 3125 402 3197 accendat
417 3136 452 3193 et
465 3118 665 3189 confirmet:
698 3116 817 3189 Hodie
841 3120 909 3191 eris
929 3145 1068 3191 mecum
1089 3123 1126 3191 in
1180 3122 1377 3206 beneficiis,
1415 3135 1455 3190 ut
1477 3118 1602 3190 Esaiae
1620 3121 1683 3195 dd.
1714 3122 1845 3195 dicitur
1867 3126 1912 3193 de
1938 3125 2024 3214 piis:
2058 3123 2156 3195 Panis

144 3227 326 3302 Paradiso.
377 3221 454 3331 Hac
479 3244 566 3292 voce
587 3220 815 3291 confirmatus
838 3221 948 3308 latro,
971 3225 1130 3313 agnoscit
1180 3224 1230 3292 eis
1245 3226 1409 3308 dabitur,
1436 3238 1470 3294 et
1493 3247 1608 3315 regem
1626 3225 1800 3295 videbunt
1814 3224 2019 3309 florentem,
2045 3225 2156 3313 idest,

144 3355 182 3402 se
197 3353 271 3399 non
286 3339 430 3427 propter
445 3346 507 3395 sua
525 3324 669 3407 merita,
694 3322 754 3392 sed
780 3337 925 3414 propter
946 3320 1043 3396 huuc
1065 3328 1131 3395 do·
1181 3320 1365 3396 habebunt
1397 3325 1560 3408 victum,
1600 3339 1678 3396 tran
1709 3325 1813 3395 uillas
1846 3327 2065 3419 respublicas
2098 3343 2155 3399 etc.

146 3432 286 3502 minum
308 3423 438 3498 habere
460 3426 570 3496 vitam
592 3440 782 3497 aeternam.
848 3420 897 3496 Et
918 3428 1025 3497 simul
1049 3452 1129 3499 cum
1181 3428 1303 3499 Vidua
1319 3428 1512 3516 Sareptena
1533 3429 1667 3520 excepit
1681 3350 1846 3518 hospitio
1872 3424 1990 3499 Ellam
2007 3426 2156 3523 Prophe·

144 3528 213 3604 hac
239 3531 308 3601 tide
340 3543 376 3600 et
405 3526 671 3613 consolatione,
716 3525 880 3597 incoatur
908 3528 951 3599 in
982 3552 1024 3599 eo
1058 3531 1130 3600 vita
1181 3546 1276 3612 tarrr,
1301 3555 1381 3600 cum
1399 3554 1541 3599 annona
1561 3530 1871 3602 essetarctissima.
1922 3528 1992 3600 Hic
2011 3532 2155 3622 primunt

147 3646 310 3718 aeterna,
347 3643 518 3725 quaeest
547 3651 639 3700 nova
669 3628 872 3698 obedientia
892 3651 973 3720 erga
1001 3631 1132 3703 Deum.
1182 3632 1342 3701 mulieris
1365 3632 1470 3701 tidem
1499 3645 1640 3723 specta,
1677 3632 1808 3701 deinde
1839 3654 1944 3725 opus:
1987 3647 2154 3724 postremo

152 3734 277 3806 Videte
306 3753 455 3826 quaeso,
497 3750 581 3800 narn
605 3725 664 3799 hic
685 3731 878 3822 Apostolus
905 3732 1132 3822 pendens,e
1182 3733 1336 3826 praemia
1357 3732 1578 3803 admiranda.
1649 3730 1826 3825 Propheta
1849 3735 1947 3806 iubet
1967 3734 2037 3804 sibi
2066 3760 2158 3828 prae·

149 3836 296 3908 sublimi
311 3834 541 3905 concionatus
557 3845 697 3902 estnon
714 3845 852 3902 tantum
869 3834 922 3902 illi
938 3837 1053 3906 coetui
1071 3837 1131 3928 qui
1184 3836 1257 3905 beri
1275 3836 1486 3929 quantulum
1503 3848 1578 3905 erat
1591 3835 1663 3904 cibi
1683 3836 1878 3927 reliquum,
1903 3850 1938 3907 et
1960 3838 2062 3909 addit
2081 3863 2156 3929 pro·

143 3953 236 4010 tunc
261 3941 408 4021 aderat,
446 3934 507 4021 sed
535 3933 721 4004 universae
748 3929 927 4004 Ecclesiae
956 3952 1134 4008 venturae.
1184 3937 1406 4023 missionem,
1437 3949 1478 4006 ut
1509 3936 1664 4008 ostendit
1698 3936 1802 4009 lectio
1834 3933 2015 4009 historiae.
2075 3938 2158 4012 Huic

149 4038 269 4129 Quam
289 4038 437 4112 illustris
451 4037 567 4133 imago
584 4034 815 4125 proponitur,
839 4060 881 4105 ex
905 4060 973 4130 qua
994 4040 1133 4110 discen·
1184 4040 1263 4108 voci
1288 4042 1508 4129 obtemperat
1529 4040 1677 4129 mulier,
1704 4041 1843 4111 tametsi
1868 4042 2013 4115 videbat
2031 4057 2157 4134 praeter

150 4144 237 4214 dum
255 4155 321 4227 est,
345 4139 454 4229 gratis
470 4161 535 4207 nos
551 4136 680 4207 salvari
695 4151 838 4227 propter
852 4135 1034 4210 Christum
1051 4142 1132 4228 fide,
1185 4135 1248 4210 has
1266 4136 1539 4234 reliquiasnihil
1556 4164 1749 4233 superesse.
1800 4140 1903 4217 Hanc
1918 4143 2155 4216 liberalitatem

151 4256 318 4315 ettamen
341 4243 461 4311 adesse
476 4251 639 4331 oportere
663 4239 933 4329 poenitentiam,
960 4266 999 4312 ac
1021 4258 1133 4314 caete·
1182 4268 1257 4313 non
1279 4243 1486 4313 exercuisset
1506 4244 1654 4328 mulier,
1679 4243 1747 4313 nisi
1773 4245 1843 4314 fide
1864 4258 1999 4329 erecta,¹
2020 4248 2158 4336 cogitas·

152 4367 212 4415 ros
235 4345 348 4415 bonos
367 4343 516 4414 fructus.
567 4338 610 4410 ln
627 4336 695 4411 hoc
711 4341 848 4411 latrone
869 4345 1136 4433 conspiciuntur
1182 4342 1317 4416 setDeo
1332 4346 1572 4416 obediendum
1588 4369 1671 4430 esse,
1686 4347 1881 4417 iuvandum
1893 4343 2116 4438 Prophetam,
2128 4361 2156 4419 rt

150 4446 387 4538 poenitentia,
408 4446 515 4523 fides,
541 4441 740 4527 invocatio,
765 4444 939 4513 confessio
965 4469 1025 4515 seu
1048 4472 1133 4517 con-
1185 4446 1335 4517 vicissim
1350 4448 1605 4538 expectandum
1621 4447 1828 4519 beneficium
1852 4448 1978 4519 aDeo.
2026 4449 2159 4552 Accipit

149 4548 218 4623 cio.
282 4544 430 4618 Constal
460 4557 576 4615 aurem
605 4540 692 4615 haec
721 4567 794 4614 esse
823 4547 1009 4638 praecipua
1039 4550 1132 4618 bona
1184 4549 1292 4638 igitur
1326 4549 1522 4642 praemium
1555 4551 1636 4620 fidei
1670 4564 1704 4622 et
1739 4553 2008 4646 eleemosynae,
2059 4555 2159 4626 alitur

151 4672 259 4740 opera
279 4663 314 4720 et
336 4669 494 4719 summos
513 4647 629 4717 cultus
651 4645 730 4717 Dei.
805 4644 958 4719 Addidit
978 4664 1012 4720 et
1034 4652 1130 4721 alind
1183 4652 1315 4721 familia
1347 4652 1519 4722 divinitus
1547 4656 1662 4723 donec
1683 4654 1797 4722 laxior
1823 4655 1911 4723 lacta
1936 4668 1989 4749 cst
2012 4679 2159 4743 annona,

149 4750 409 4841 instruemus,
433 4771 473 4819 ac
487 4748 675 4839 praecipue
691 4750 949 4837 necessarium,
970 4756 1132 4845 quando·
1183 4756 1382 4825 restituitur
1397 4768 1433 4825 et
1448 4770 1609 4826 mortuus
1623 4755 1741 4841 lilios,
1766 4779 1837 4849 qno
1860 4755 2036 4829 miraculo
2056 4758 2158 4849 magis

148 4876 290 4948 cunque
305 4848 450 4923 Christo
467 4851 700 4926 maledicitur.
737 4850 885 4922 Duriter
900 4855 1040 4942 castigat
1057 4880 1131 4924 ma·
1182 4857 1387 4928 confirmata
1405 4870 1455 4926 est
1471 4856 1556 4925 fides
1571 4857 1709 4937 matris,
1736 4872 1770 4930 et
1794 4856 1996 4929 adolescens
2011 4856 2064 4931 'ad
2091 4862 2159 4953 pic-

147 4954 324 5038 tadicum,
348 4967 385 5026 et
400 4953 559 5024 defendit
580 4953 730 5043 gloriam
745 4949 890 5024 Christi.
942 4953 995 5025 lta
1017 4973 1131 5028 etnos
1183 4972 1286 5027 tatem
1311 4972 1470 5042 vocatus,
1500 4983 1605 5051 quem
1630 4959 1773 5053 quidem
1799 4954 2025 5048 Epiphanius
2045 4962 2161 5034 scribit

147 5079 232 5129 nero
255 5056 367 5129 animi
388 5056 517 5128 ardore
539 5068 658 5125 taxare
671 5057 841 5126 debemus
864 5056 992 5146 impios
1007 5062 1128 5128 docto·
1181 5058 1287 5127 lnisse
1308 5059 1428 5129 lonmn
1447 5057 1678 5148 Prophetarn,
1704 5064 1765 5155 qni
1781 5074 1901 5153 postea
1924 5063 1998 5153 regi
2016 5063 2161 5161 Assyrio

144 5180 222 5241 res,
261 5173 433 5254 tyrannos
460 5173 495 5229 et
524 5179 647 5227 eorum
679 5158 864 5241 satellites,
900 5159 961 5251 qui
986 5158 1128 5231 Christo
1180 5163 1216 5229 in
1233 5160 1363 5232 Ninive
1384 5163 1613 5234 concionatus
1635 5180 1705 5253 est,
1732 5181 1765 5237 et
1787 5165 1933 5235 verbum
1949 5162 2017 5237 Dei
2042 5170 2163 5242 latret

142 5260 304 5332 muricia
318 5260 453 5334 dicunt.
512 5258 568 5328 Ac
584 5253 672 5329 mihi
688 5281 792 5350 saepe
807 5258 844 5326 in
862 5274 1015 5330 mentem
1030 5262 1126 5333 verrit
1178 5266 1325 5336 feliciter
1340 5267 1556 5356 propagavit.
1596 5267 1648 5335 lta
1664 5268 1831 5337 omnibus
1847 5268 2072 5359 temporibus
2085 5296 2164 5343 san-

139 5353 236 5435 huuc
257 5362 544 5435 concionatorem
559 5362 748 5457 praecipue
771 5361 967 5453 siguificare
986 5381 1124 5458 postre-
1175 5368 1221 5438 cti
1236 5381 1446 5461 acceperunt
1461 5393 1534 5438 non
1555 5370 1670 5439 solum
1687 5368 1882 5460 spiritualia
1900 5370 2089 5465 beneficia,
2103 5376 2163 5447 sed
