4522 5782
110 192 189 280 an
313 246 319 263 ,
377 253 381 260 .
711 124 1547 272 rmnnmsmnrasxuounca.
1589 198 1594 207 ·
2067 183 2148 286 aa

117 369 285 463 ignorant
304 364 473 439 beurim
497 362 668 452 Messias,
701 379 737 438 et
760 377 898 437 tantum
924 364 1106 438 somniant
1255 361 1311 434 Ac
1325 366 1427 437 docet
1441 359 1605 439 hocloco
1618 362 1793 460 Christus,
1818 375 2001 468 quomodo
2015 374 2148 453 salvaffl

38 464 43 471 ’
117 494 223 544 snum
253 471 343 549 illud
377 468 600 540 mundanum
633 490 802 558 regnum,
838 468 964 559 repetit
995 466 1107 558 igitur
1155 460 1228 535 sint
1256 488 1379 537 omnes
1413 461 1584 540 haeredes
1615 471 1709 545 vitae
1733 488 1914 563 aeternae,
1954 485 2148 574 antequattt'

116 569 388 646 Christussuas
418 570 694 642 asseverationes
722 570 964 640 demissione
992 583 1029 641 ct
1060 569 1106 640 dc
1155 562 1321 637 Christus
1337 569 1647 659 exvirginenatua
1662 589 1726 648 ast.
1773 573 1956 649 Pharisaei
1969 584 2148 672 putabant

117 675 301 758 doctrina,
325 688 360 746 et
376 674 528 767 explicat
541 672 777 744 obiectionem
792 673 837 741 de
852 666 1048 745 Abraham.
1155 690 1278 738 omnes
1294 668 1483 763 disciplina
1498 673 1586 763 legis
1599 675 1753 747 salvatos
1767 701 1861 765 esse,
1887 680 1979 753 sicut
1993 685 2148 777 scripssd

1156 783 1242 840 runt
1254 782 1290 841 et
1306 766 1494 859 Monachi,
1517 776 1580 868 qui
1595 776 1776 852 finxerunt
1795 795 1868 852 tres
1884 782 1997 874 leges,
2022 799 2058 856 et
2079 787 2148 857 add

258 944 264 962 1
1155 870 1324 944 diderunt
1359 897 1653 970 unumquemque
1683 880 1858 953 salvatum
1890 907 1964 955 esse
1997 900 2147 980 propter

220 941 317 1017 dum
334 965 465 1020 meum·
1156 996 1256 1043 snam
1279 974 1404 1064 legem.
1455 973 1554 1048 Haec
1572 980 1805 1056 deliramenta
1832 990 2027 1060 execranda
2046 1004 2143 1076 sunt,

219 1080 317 1153 llaec
331 1104 423 1151 nova
439 1080 638 1150 absurditas
659 1079 770 1170 magis
785 1077 890 1149 etiarn
909 1077 1025 1149 irritat
1041 1077 1105 1148 ad-
1155 1094 1198 1144 ac
1213 1073 1397 1147 sciendum
1413 1101 1521 1148 unam
1538 1103 1613 1151 esse
1627 1082 1740 1172 tegern
1760 1099 1960 1175 aeternam,
1986 1105 2144 1183 quaeest

118 1185 313 1267 versarios,
339 1183 625 1268 miscetastacas,
646 1204 746 1251 susm
765 1175 992 1251 scabrahae.
1155 1175 1328 1247 iudicium
1358 1191 1544 1285 aeternnm
1569 1181 1638 1253 Dei
1666 1186 1710 1255 de
1741 1186 1902 1279 peccaro:
1948 1190 2146 1286 Nunquam·

220 1283 318 1374 Quid
350 1279 418 1354 hoc
448 1284 499 1353 rei
530 1283 606 1353 est?
655 1282 726 1354 Sed
757 1283 970 1352 nominatim
999 1278 1104 1352 dicit:
1155 1291 1269 1369 potest
1282 1275 1360 1350 Deo
1375 1281 1513 1373 placere
1527 1285 1742 1357 adulterium
1759 1285 1920 1378 Davidis,
1944 1317 2009 1363 nec
2024 1296 2143 1387 placet

118 1383 302 1461 Abraham
318 1385 581 1476 optavitvidcre
591 1383 683 1453 diem
699 1408 828 1454 mcum.
851 1382 928 1454 Etsi
944 1386 988 1454 de
1004 1406 1106 1473 prae-
1155 1379 1265 1450 ullius
1278 1374 1437 1455 hominis
1449 1399 1642 1477 peccatum,
1654 1391 1715 1459 scd
1730 1390 1783 1461 ira
1798 1392 1948 1465 incurrit
1961 1396 2001 1464 in
2015 1397 2147 1487 filium,

118 1489 298 1562 dicatione
323 1487 492 1558 victoriae
518 1489 616 1557 etde
646 1487 855 1556 liberatione
875 1487 1012 1574 generis
1036 1479 1105 1552 hu·
1156 1495 1301 1574 propter
1333 1476 1429 1556 hnnc
1463 1487 1633 1579 recipitur
1675 1515 1825 1583 persona
1856 1498 2065 1587 confugiens
2094 1486 2147 1571 a&

118 1588 408 1684 maniloquitnr,
432 1603 549 1659 tamen
569 1590 689 1658 desua
709 1610 858 1678 persona
880 1587 985 1657 etiarn
1003 1586 1104 1655 dicit:
1155 1582 1281 1656 lilium.
1338 1582 1486 1679 Semper
1511 1589 1623 1678 igitur
1648 1592 1704 1662 lex
1733 1596 1868 1683 arguit,
1897 1612 1933 1671 et
1966 1599 2147 1681 accusaris

119 1686 305 1766 Abraham
326 1690 447 1760 videre
464 1704 643 1783 utrunque
659 1692 824 1760 ardenter
837 1689 983 1780 cupivit,
1009 1683 1105 1757 hunc
1155 1698 1317 1776 peccata,
1342 1711 1408 1757 nec
1424 1690 1611 1784 qnisquam
1628 1710 1776 1792 propter
1792 1699 2017 1791 disciplinam
2040 1702 2147 1777 ittarta

117 1792 411 1887 propiciatorem,
438 1805 472 1862 et
492 1793 603 1881 ipsam
626 1790 925 1882 praedicationem
941 1786 1105 1878 Evangc·
1155 1786 1309 1858 salvatus
1322 1802 1386 1863 est.
1424 1789 1496 1862 Sed
1511 1797 1634 1864 eodem
1652 1799 1901 1871 modosaliati
1917 1814 2147 1877 sontomnea

118 1895 172 1980 lii,
188 1909 222 1965 et
235 1893 383 1984 gloriam
402 1893 568 1963 victoriae
583 1894 622 1961 in
640 1892 907 1976 resurrectione,
922 1915 961 1960 ac
976 1892 1103 1961 trium·
1156 1884 1322 1959 haeredes
1338 1891 1430 1962 vitae
1451 1910 1633 1978 aeternae,
1658 1897 1745 1984 fide,
1770 1902 1806 1970 iu
1828 1916 1898 1987 est,
1921 1904 2050 1974 fidncia
2072 1892 2144 1973 ιιιίδΙ

117 1994 231 2090 phnm
246 1991 380 2066 Christi
399 1995 620 2064 ascendentis
640 1995 680 2062 in
697 1994 835 2079 coelos,
862 1994 925 2063 ubi
939 1990 1105 2084 Apostoli
1156 1991 1367 2063 sericordiae
1400 2010 1545 2086 propter
1577 1995 1744 2068 Messinm
1779 2005 1983 2095 promissae.
2043 2003 2146 2077 ttasc

118 2100 285 2168 viderunt
300 2097 451 2167 sormam
467 2096 543 2167 cius
562 2096 675 2189 regni,
700 2097 797 2191 quod
813 2094 1106 2186 eritpostrssnr-
1156 2115 1301 2182 prorsus
1331 2094 1452 2184 ignota
1480 2099 1625 2170 luerunt
1656 2095 1875 2192 pharisaeis,
1909 2107 1972 2201 qui
2001 2120 2141 2178 tantum

117 2201 323 2274 rectionem·
681 2206 685 2213 ’
1155 2195 1383 2266 somniabant
1399 2200 1621 2270 mundanum
1645 2203 1855 2295 imperinm,
1879 2232 1945 2285 nec
1963 2209 2143 2300 intelligas

221 2300 414 2390 Quomodo
438 2296 547 2388 igitur
560 2299 651 2372 vidit
672 2294 759 2369 haec
774 2291 982 2370 Abraham?
1029 2291 1105 2367 Rc-
1156 2297 1243 2366 bant
1265 2299 1532 2388 promissionem
1556 2303 1600 2371 dc
1623 2305 1891 2395 benedictione,
1914 2334 1980 2381 nec
2006 2312 2141 2402 cogita·

118 2406 295 2497 spondeo:
321 2401 514 2472 Personam
538 2402 657 2488 novit,
682 2397 751 2471 hoc
774 2412 843 2481 est,
864 2399 967 2469 novit
991 2398 1103 2468 lilium
1155 2398 1242 2468 bant
1275 2400 1361 2492 quid
1397 2397 1564 2472 Abrahae
1597 2417 1632 2474 et
1664 2409 1832 2479 omnibus
1866 2413 2027 2502 patrihut
2061 2422 2142 2502 poti

117 2503 186 2577 Dei
208 2516 396 2574 venturum
419 2503 459 2571 in
477 2527 638 2589 carnem,
659 2517 693 2574 ct
714 2499 809 2573 hunc
830 2524 903 2571 esse
926 2499 1103 2592 propicia·
1154 2499 1291 2589 lapsum
1321 2502 1405 2570 inde
1433 2528 1545 2597 nsque
1575 2506 1620 2575 ab
1648 2506 1750 2578 initio
1781 2513 1972 2602 profuisset
2002 2513 2141 2604 agnitio

118 2624 232 2679 torem
255 2620 416 2676 nostrum
439 2619 474 2675 et
488 2607 687 2690 custodem,
711 2610 761 2675 sic
784 2616 886 2673 norat
906 2603 1018 2673 hlium
1035 2598 1104 2672 Dci
1154 2600 1316 2676 Messiae.
1357 2601 1534 2702 ‘Denique
1555 2631 1698 2700 prorsus
1716 2610 1931 2702 ignorabant
1953 2639 2073 2686 veram
2096 2604 2146 2687 da'

118 2723 154 2782 et
170 2708 294 2788 iacob,
322 2706 382 2800 qni
401 2706 536 2796 inquit:
562 2703 754 2776 Benedicat
769 2703 888 2795 pueris
904 2704 981 2775 istis
994 2703 1103 2789 Deus,
1154 2701 1284 2772 Messio
1303 2706 1515 2782 doctrinam.
2131 2708 2139 2739 ⁵

51 2868 53 2873 ,
118 2806 982 2900 etangelns,quieripnitmeexomnibusmalis.
1033 2803 1103 2874 Hic
1255 2803 1334 2876 Hoc
1350 2808 1457 2897 igitur
1480 2810 1613 2882 dictum
1628 2807 1760 2886 Christi
1784 2817 2069 2908 meminerimus,
2095 2804 2146 2891 da*

116 2913 280 3001 angelus,
307 2911 369 3004 qni
392 2909 519 2980 liberat
535 2911 581 2979 ab
601 2910 768 2979 omnibus
791 2907 910 2993 malis,
938 2921 1030 2978 certe
1052 2919 1103 2976 est
1153 2907 1347 2978 salvatione
1363 2925 1515 3000 patrum,
1541 2914 1586 2983 ad
1602 2917 1696 3007 quod
1714 2921 1877 3006 congruit
1891 2920 2024 2992 dictum
2041 2916 2143 2993 Petri

115 3015 212 3084 iilius
232 3009 319 3096 Dei,
351 3026 468 3081 custos
492 3025 526 3082 et
555 3011 710 3081 salvator
736 3024 874 3094 noster,
908 3011 945 3080 id
972 3022 1102 3078 norant
1154 3010 1192 3077 in
1209 3004 1307 3080 Actis
1321 3012 1434 3103 capite
1452 3008 1526 3086 15.:
1581 3014 1989 3107 QuidtentatisDeum,
2020 3023 2142 3116 impo-

114 3130 253 3209 patres,
276 3113 357 3185 ideo
373 3126 406 3183 et
421 3113 551 3184 delilio
565 3109 641 3183 Deo
657 3112 870 3202 intelligitur
886 3133 1102 3201 congressus,
1154 3126 1276 3181 nentes
1301 3112 1423 3202 iugum
1449 3137 1555 3206 super
1578 3119 1711 3188 collum
1736 3121 2011 3213 discipulorum,
2042 3116 2142 3218 quod

117 3242 197 3287 cum
213 3216 377 3307 apparuit
394 3211 489 3283 Dens
503 3210 670 3285 Abrahae
692 3215 730 3283 in
741 3213 839 3311 xualle
856 3211 1011 3296 Mamre,
1038 3210 1101 3281 ubi
1153 3237 1268 3306 neque
1283 3228 1398 3306 patres
1414 3219 1536 3300 nostri,
1562 3242 1679 3311 neque
1696 3245 1761 3292 nos
1784 3239 1924 3315 portare
1947 3225 2144 3316 potuimug

115 3332 187 3387 tres
203 3319 299 3386 viros
314 3313 467 3407 hospitio
483 3315 628 3406 excipit,
655 3329 689 3386 et
704 3340 816 3385 unum
836 3315 976 3399 adorat,
1000 3314 1102 3384 vide-
1153 3319 1211 3384 sed
1240 3316 1349 3404 gratia
1375 3317 1514 3386 domini
1539 3316 1617 3389 lesu
1640 3317 1772 3393 Christi
1798 3327 1975 3396 credimus
1997 3320 2142 3417 salvari,²

116 3421 216 3505 licet,
242 3418 336 3489 inter
351 3418 493 3506 angelos
508 3431 648 3487 euntem
664 3417 779 3487 filium
792 3416 873 3486 Dei.
1153 3417 1244 3486 sicut
1259 3431 1293 3486 et
1312 3418 1400 3509 ipsi,
1428 3432 1461 3488 et
1483 3435 1526 3492 nt
1546 3444 1611 3490 noa
1637 3427 1823 3512 gratuitam
1857 3428 2140 3499 misericordiam

217 3520 272 3590 Ac
294 3521 339 3588 de
359 3518 593 3610 promissione
614 3520 694 3588 data
718 3514 883 3587 Abrahae
908 3515 1014 3585 nimis
1036 3513 1101 3585 iri·
1153 3519 1283 3588 clarius
1304 3519 1561 3610 intelligamus,
1586 3526 1742 3595 attidem
1762 3528 1971 3614 excitemus,
1998 3529 2140 3603 intuea-

116 3623 198 3712 gide
214 3621 430 3712 cogitamus,
455 3621 485 3689 si
501 3645 574 3690 non
590 3621 828 3690 existimamus
844 3642 922 3688 enm
939 3619 1101 3687 conside·
1153 3645 1233 3689 mur
1254 3635 1369 3712 patres
1390 3636 1472 3692 ante
1495 3624 1627 3713 legem,
1660 3639 1895 3700 sustentantes
1925 3653 1961 3700 se
1984 3633 2140 3722 promis-

115 3749 228 3803 rasse,
264 3736 396 3814 quanta
421 3745 477 3791 res
506 3721 676 3813 promissa
701 3722 818 3792 suerit.
878 3717 1101 3810 intelligebat
1152 3723 1269 3806 sione,
1295 3747 1368 3792 non
1392 3724 1484 3813 lege,
1513 3726 1604 3797 sicut
1626 3743 1660 3798 et
1685 3727 1815 3800 Paulus
1838 3732 1940 3802 uoltis
1963 3733 2139 3824 singulari

114 3821 297 3896 Abraham
313 3848 386 3892 non
402 3836 539 3895 tantum
554 3822 622 3893 sibi
640 3824 800 3913 promitti
827 3846 973 3908 regnum
994 3846 1100 3891 mun·
1152 3825 1299 3893 consilio
1326 3821 1391 3893 hoc
1412 3827 1546 3896 dictum
1563 3831 1748 3921 proponit:
1773 3830 1935 3905 Credidit
1951 3829 2139 3907 Abraham·

115 3932 267 4012 danum,
294 3951 373 3994 cum
398 3924 586 4016 promissio
600 3923 711 3996 dicat:
739 3920 781 3992 ln
797 3925 936 3994 sentina
953 3938 1014 3994 tuo
1037 3926 1099 3994 be·
1151 3922 1245 4010 Deo,
1272 3941 1306 3996 et
1328 3927 1540 4018 imputatum
1565 3945 1617 4001 est
1636 3932 1670 4000 ei
1693 3934 1737 4002 ad
1761 3934 1947 4005 iusticiam.
2000 3935 2043 4005 ln
2066 3932 2139 4009 hoc

113 4030 323 4111 nedicentur
346 4052 468 4098 omnes
489 4042 620 4117 gentes.
673 4022 895 4101 Gubernatio
918 4027 1099 4095 mundana
1149 4026 1350 4117 excurplum
1371 4029 1502 4099 intueri
1527 4053 1592 4101 nos
1615 4033 1730 4119 iubet,
1756 4052 1790 4107 ct
1814 4043 1915 4107 docet
1934 4061 2000 4107 nos
2023 4039 2138 4129 recipi

112 4134 211 4219 regni
233 4129 419 4200 lsrae'litici
442 4125 536 4197 nihil
561 4129 728 4219 proderat
754 4128 898 4198 caeteris
925 4128 1098 4216 gentibus,
1149 4131 1187 4196 in
1205 4129 1373 4215 gratiam,
1399 4154 1473 4198 non
1490 4148 1633 4223 propter
1654 4137 1782 4225 legem,
1810 4141 1870 4208 sed
1893 4138 1981 4223 fido,
2007 4140 2045 4210 id
2070 4124 2138 4227 est,

112 4237 172 4302 scd
191 4220 322 4302 sciebat
337 4225 518 4300 Abraham
535 4229 741 4319 promissam
764 4253 836 4299 esse
852 4229 1097 4299 liberationem
1148 4231 1275 4301 fiducia
1299 4230 1558 4302 misericordiae
1580 4252 1725 4329 propter
1742 4237 1909 4310 Messiam
1929 4242 2137 4332 promissae,

113 4347 298 4425 apeccato
325 4345 360 4401 et
390 4357 410 4400 a
442 4344 555 4400 morte
589 4346 749 4415 aeterna,
782 4345 816 4399 et
836 4330 1096 4400 restitutionem
1148 4334 1239 4402 sicut
1252 4327 1434 4402 Abraham
1452 4351 1611 4426 receptus
1626 4354 1686 4409 est.
1721 4339 1793 4411 Nec
1811 4344 1959 4412 dubium
1977 4357 2029 4415 est
2045 4344 2137 4434 quiin

112 4453 274 4507 aeternae
300 4432 459 4503 institiae
485 4449 518 4503 et
540 4432 643 4505 vitae.
697 4431 755 4503 Sic
773 4432 882 4521 igitur
897 4431 1096 4502 viditdiem
1147 4430 1310 4505 Christus
1331 4434 1368 4501 in
1393 4430 1458 4505 hac
1483 4440 1686 4509 narratione
1699 4440 1946 4532 Evangelistae
1962 4446 2006 4513 ad
2029 4446 2136 4516 illnm

111 4538 253 4608 venturi
271 4532 441 4618 Messias,
467 4533 643 4605 intellexit
661 4535 944 4624 promissionem,
965 4533 1097 4606 sciebat
1147 4536 1263 4604 locum
1284 4536 1322 4603 in
1339 4533 1469 4605 Genesi
1492 4540 1673 4629 respiciat,
1700 4568 1780 4612 cum
1806 4547 1855 4615 ait
1872 4548 1915 4615 de
1931 4541 2144 4617 Abraham:-

111 4655 300 4708 ventnrnm
314 4660 432 4704 semen
447 4635 523 4704 fore
538 4629 689 4707 hostiam
706 4659 770 4726 pro
786 4649 937 4726 peccato,
962 4648 993 4704 et
1013 4659 1095 4724 pro·
1148 4637 1248 4707 t’iuir
1265 4652 1298 4706 et
1313 4638 1460 4707 laetatus
1474 4655 1534 4712 est.
1569 4641 1647 4710 Hoc
1663 4645 1766 4734 plane
1783 4648 1875 4716 idem
1892 4662 1954 4732 est,
1979 4652 2078 4741 qnod
2095 4650 2144 4720 in·

111 4755 190 4833 pter
211 4743 327 4831 ipsum
350 4738 425 4805 dari
448 4738 690 4807 remissionem
719 4756 939 4826 peccatorum
974 4750 1008 4805 et
1040 4738 1093 4804 vi·
1147 4736 1278 4806 Genesi
1297 4738 1445 4808 dicitnr:
1469 4738 1647 4828 Credidit,
1673 4760 1706 4814 et
1729 4748 1941 4839 imputatum
1963 4766 2014 4819 est
2031 4752 2065 4820 ei
2088 4755 2136 4822 ad

111 4862 183 4916 tam
199 4857 397 4923 aeternam,
423 4839 494 4908 imo
508 4852 611 4908 norat
629 4839 732 4909 etiam
754 4839 868 4929 ipsum
888 4839 998 4905 hlium
1014 4837 1093 4921 Dei,
1144 4841 1331 4913 iusticiam.
1382 4837 1460 4910 Etsi
1484 4836 1568 4912 haec
1591 4849 1763 4919 sententia
1788 4875 1807 4919 a
1830 4852 1977 4921 somniis
2002 4848 2138 4922 Phari-

111 4969 215 5039 quem
236 4944 372 5010 viderat
395 4955 581 5011 venturum
605 4938 642 5008 in
665 4963 817 5009 carnem.
869 4936 964 5007 Hinc
986 4940 1094 5026 igitur
1144 4962 1304 5011 saeorum
1324 4965 1467 5032 prorsus
1487 4944 1717 5037 discrepabat.

110 5050 259 5117 laetatus
283 5033 353 5122 est,
385 5043 469 5135 qrtia
493 5041 629 5127 agnitio
659 5039 920 5109 misericordiae
947 5056 1093 5132 propter
1246 5040 1340 5113 Sunt
1381 5058 1498 5115 autem
1539 5046 1578 5115 in
1612 5052 1728 5120 verbis
1769 5054 1933 5124 ardentes
1966 5053 2134 5126 affectus:

109 5150 221 5216 hlium
245 5144 454 5237 promissae,
483 5142 613 5211 liberat
639 5132 660 5211 a
688 5142 837 5232 peccatis
870 5154 904 5211 et
934 5167 953 5209 a
978 5158 1092 5214 urorte
1143 5140 1326 5215 Abraham
1341 5146 1475 5235 optavit
1492 5149 1611 5218 videre
1627 5152 1721 5220 diem
1738 5176 1866 5238 meum,
1892 5156 1928 5224 id
1945 5169 2010 5239 est,
2030 5174 2136 5248 opto-

109 5263 266 5329 aeterna,
300 5244 459 5336 staffort
482 5243 591 5311 vitam
617 5255 814 5328 aeternam,
848 5243 938 5314 sicut
959 5241 1092 5315 Paulus
1143 5248 1194 5318 vit
1211 5260 1244 5317 et
1259 5270 1316 5315 me
1332 5271 1452 5331 nosse,
1477 5261 1512 5318 et
1535 5252 1603 5319 mei
1620 5254 1792 5323 adventus
1814 5254 1983 5345 gloriam,
2011 5259 2133 5345 idest,

109 5349 243 5443 inquit:
263 5347 351 5416 Fide
365 5343 542 5416 iustificati
555 5368 676 5437 pacem
688 5339 860 5419 habemus
873 5347 1091 5439 ergaDeum.
1143 5349 1378 5422 incoationam
1402 5350 1501 5438 regni
1524 5355 1656 5424 aeterni
1675 5355 1807 5432 ridere.
1862 5356 1978 5447 Vidit,
2005 5359 2044 5431 id
2065 5376 2133 5445 est.

168 835 369 915 Abrohom
396 849 504 941 poter
532 835 871 924 carcassonam,
903 847 943 911 nt
973 830 1105 910 videret
