4522 5782
108 218 184 296 m
493 220 513 275 .·
697 200 827 279 arur.
851 200 971 279 uua.
996 195 1206 276 scauro
1231 198 1545 280 aurorum.-
1708 210 1765 267 2*
2068 199 2147 277 ara

117 387 275 473 sancio„
295 401 348 460 est
380 385 426 456 de
457 378 657 451 'dilectione
698 377 793 449 inter
829 380 955 448 iratres
990 385 1110 445 tuente
1157 372 1235 444 niat
1249 398 1347 446 mors
1359 380 1467 468 super
1480 376 1581 456 illos,
1614 388 1649 447 et
1665 377 1881 450 descendant
1903 374 1942 446 in
1966 375 2150 445 infernum

116 491 364 573 concordiam,
398 487 442 559 ad
472 485 567 576 quod
594 480 748 550 ollicium
770 479 894 549 multis
917 478 1108 546 virtutibus
1159 478 1331 551 viventes.
1358 477 1454 547 Haec
1470 479 1626 550 breviter
1641 481 1686 549 de
1697 480 2027 570 insigniveraiculo,
2042 497 2150 569 quem

118 617 209 683 opus
246 607 311 677 est,
355 586 645 668 mansuetudine,
692 582 882 673 patientia,
923 579 1109 673 aequitate.
1159 580 1242 647 citat
1261 574 1445 665 Christus,
1478 580 1574 665 dixi,
1610 595 1651 651 ut
1683 576 1770 651 haec
1801 582 1950 652 vulnera
1970 577 2152 650 Ecclesiae

120 693 317 768 Ardentius
345 703 462 760 autem
493 686 718 757 commendat
747 685 820 753 suis
843 682 1001 752 studium
1025 702 1110 747 con·
1159 680 1440 766 consideremus,
1484 696 1519 753 et
1544 682 1683 751 animos
1710 684 1959 753 confirmemus
1984 678 2149 771 exemplo

120 799 283 881 cordiae,
307 796 376 863 iam
400 817 440 860 ex
463 785 531 859 hoc
550 790 685 857 mundo
703 785 941 863 discessurus,
966 796 1006 852 ut
1025 777 1111 849 haec
1159 776 1312 868 Christi,
1338 807 1418 853 cum
1437 784 1600 874 perfidias
1615 786 1810 855 amicorum
1827 786 2041 876 experimur.

120 900 247 972 ultima
276 897 443 965 mandata
473 891 584 979 magis
616 902 780 956 moveant
804 887 952 956 animos.
1017 880 1110 952 Nam

120 997 208 1071 haec
233 1000 306 1069 cluo
324 996 511 1089 praecipue
525 992 706 1060 efficienda
724 1000 806 1059 sunt
822 990 918 1057 bono
934 986 1112 1075 guberna-

122 1103 211 1185 tori,
236 1116 274 1172 ut
297 1113 390 1169 recte
414 1099 537 1166 doceat
552 1091 808 1180 Evangelium,
833 1103 866 1159 et
886 1089 1002 1157 foveat
1026 1109 1112 1154 con·
1261 1083 1376 1161 Addit
1402 1085 1568 1163 Christus
1602 1093 1796 1179 rationem,
1837 1118 1902 1164 cur
1927 1092 2149 1184 proditorem

123 1203 301 1281 cordiam,
332 1224 397 1268 nec
426 1197 544 1267 turbet
575 1218 650 1261 eam
675 1192 883 1272 ambitione,
917 1188 1112 1269 iracundia,
1161 1213 1258 1257 nunc
1276 1194 1500 1262 antefactum
1523 1193 1675 1278 indicet,
1707 1197 1931 1266 videlicetut
1952 1193 2149 1285 praedictio

123 1304 328 1396 asperitate,
354 1315 393 1370 ut
408 1296 610 1389 saepissime
626 1296 664 1364 fit
679 1295 715 1362 in
731 1295 829 1362 omni
844 1291 1112 1382 gubernatione.
1161 1293 1206 1359 sit
1220 1294 1469 1363 testimonium·
1480 1299 1699 1385 praesentiae
1713 1295 1779 1367 Dei
1796 1299 1833 1366 in
1848 1293 2005 1371 Christo.
2057 1295 2149 1365 Nam

123 1403 172 1477 Et
194 1418 233 1474 ut
254 1400 313 1473 hic
326 1406 385 1470 dat
401 1411 603 1491 praecepta,
630 1398 677 1465 ita
694 1409 815 1486 postea
830 1394 916 1484 petit
933 1406 1114 1482 utrunque
1162 1409 1445 1483 praemonstrare
1461 1397 1601 1479 lutura,
1625 1411 1659 1466 et
1676 1399 1796 1468 videre
1812 1401 1974 1469 cordium
1989 1397 2151 1481 consilia,

124 1505 248 1591 aDeo,
271 1518 311 1574 nt
327 1514 423 1591 regat
440 1503 619 1587 doctores,
646 1511 685 1566 ut
704 1520 784 1566 vera
800 1499 968 1578 doceant,
993 1507 1026 1561 et
1043 1494 1114 1560 sint
1162 1497 1346 1586 proprium
1362 1495 1438 1566 Deo
1454 1515 1516 1568 est.
1569 1499 1706 1569 Deinde
1721 1500 1806 1587 haec
1823 1501 2019 1592 praedictio
2043 1499 2149 1569 ctiam

124 1608 328 1680 concordes.
378 1601 474 1672 Haec
504 1601 647 1691 politica
674 1598 835 1668 doctriua
866 1620 940 1665 uon
972 1608 1023 1665 est
1048 1594 1115 1663 ob·
1162 1597 1335 1684 significat
1355 1594 1539 1669 Christum
1566 1622 1627 1669 sua
1654 1617 1781 1693 sponte
1806 1604 1927 1673 subire
1949 1601 2150 1693 passionem

125 1733 247 1793 scura,
271 1710 331 1777 scd
356 1704 468 1775 animi
490 1717 606 1772 motus
628 1703 791 1769 ardentes
805 1699 1017 1782 ambitione,
1043 1697 1115 1763 ira·
1163 1721 1227 1788 pro
1242 1698 1354 1769 salute
1369 1703 1506 1788 generis
1522 1697 1691 1788 humaui,
1714 1729 1789 1774 nou
1810 1706 1887 1796 rapi
1911 1706 2066 1773 inscium
2087 1713 2149 1773 aut

125 1812 277 1892 cundia,
312 1808 503 1899 cupiditate
532 1803 729 1890 vindictae,
763 1815 798 1872 et
818 1801 997 1870 similibus
1018 1822 1114 1867 mor·
1163 1798 1317 1869 invitum
1335 1803 1379 1870 ad
1401 1804 1589 1895 supplicia.
1646 1802 1786 1876 Deinde
1808 1809 1930 1877 attexit
1951 1829 2056 1897 saepe
2077 1819 2149 1874 tra-

125 1914 200 1998 bis,
225 1914 364 1981 frenare
379 1908 522 1978 difficile
536 1920 597 1979 est.
1164 1901 1275 1970 ditam
1297 1906 1527 1990 sententiam,
1570 1930 1639 1996 qua
1665 1911 1890 1978 commendat
1913 1908 2019 1977 uobis
2043 1907 2150 1975 mini·

1164 2017 1254 2073 stros
1279 1999 1478 2095 Evangelii.
1537 2004 1612 2096 Qui
1638 2010 1782 2101 recipit,
1816 2012 1844 2079 si
1873 2034 1979 2102 quem
2006 2009 2150 2093 misero,

1165 2128 1221 2191 me
1235 2106 1371 2196 recipit.
1425 2107 1608 2197 Significat
1622 2126 1738 2181 autem
1755 2113 1884 2181 similia
1901 2110 2061 2201 pericula
2082 2110 2150 2179 mi·

230 2217 349 2288 Verba
369 2228 483 2288 sumta
499 2226 582 2283 sunt
597 2237 639 2282 ex
655 2210 786 2282 Psalm.
802 2210 880 2279 tt:
907 2206 1037 2278 Beatus
1053 2201 1115 2296 qui
1165 2207 1359 2277 nistrorum
1376 2211 1497 2279 futura
1513 2233 1599 2281 esse.
1651 2211 1831 2284 Promittit
1852 2215 1962 2302 igitur
1986 2213 2148 2283 beneficis

128 2320 300 2407 intelligit
318 2341 426 2408 super
450 2339 598 2404 egenum
622 2327 655 2382 et
677 2335 888 2403 pauperem,
912 2310 974 2379 ubi
994 2331 1116 2377 recen·
1164 2331 1245 2396 erga
1260 2310 1454 2398 Apostolos
1476 2326 1511 2382 et
1533 2314 1611 2402 pios
1634 2316 1797 2386 doctores
1819 2316 1995 2406 praemia,
2026 2328 2062 2384 et
2083 2314 2149 2383 mi-

130 2439 228 2493 setur
248 2414 445 2491 antithesis.
496 2416 620 2507 Aliqui
638 2414 740 2504 pauci
759 2411 962 2482 afficiuntur
978 2408 1116 2477 miseri·
1166 2425 1271 2480 natur
1288 2407 1449 2484 hostibus
1464 2436 1605 2506 poenas.

130 2523 252 2595 cordia
266 2541 497 2592 aerumnosae
510 2515 705 2600 Ecclesiae,
732 2538 795 2603 pro
811 2509 880 2581 hoc
894 2509 1117 2581 officioDeus
1740 2586 1748 2604 '
1782 2584 1788 2602 .

130 2628 171 2695 in
195 2650 236 2695 co
251 2623 394 2694 Psalmo
416 2620 571 2711 praemia
593 2616 806 2687 dulcissimis
829 2615 947 2684 verbis
972 2612 1120 2705 pollice-
1455 2574 1714 2682 Reipmmdl
1731 2596 1857 2682 ‘alluh

130 2742 201 2815 tur.
252 2720 301 2793 Et
323 2726 367 2792 de
382 2720 547 2812 praemiis
564 2719 796 2789 concionatur
812 2711 973 2789 Christus
987 2706 1115 2784 Matth.
1268 2718 1388 2807 Imago
1404 2733 1454 2790 est
1468 2720 1628 2811 piorum,
1652 2724 1714 2816 qui
1730 2725 1849 2794 audita
1874 2722 2056 2793 mentione
2079 2746 2148 2793 sce·

11 2880 16 2890 ι
130 2825 211 2902 25.;
247 2826 376 2895 Venite
399 2821 597 2905 benedicti,
629 2835 694 2896 etc.
757 2815 805 2889 Et
829 2819 984 2908 exempla
1008 2816 1118 2884 multa
1167 2821 1552 2890 lerisalicuiusinsuo
1575 2827 1733 2912 agmine,
1767 2832 2003 2916 expavescunt
2028 2840 2064 2896 et
2085 2828 2148 2895 do·

132 2916 235 3018 suut,
262 2951 352 3020 quae
374 2927 566 2996 ostendunt
584 2925 622 2990 in
638 2917 704 2991 hac
719 2920 790 2991 vita
808 2919 961 3008 gloriose
976 2932 1119 2987 ornatos
1169 2924 1256 2995 lent,
1305 2920 1486 3002 Primum,
1513 2939 1676 2994 metuunt
1693 2930 1875 3019 propriam
1897 2927 2148 3011 infirmitatem,

132 3056 206 3101 esse
227 3029 359 3101 amicos
376 3023 570 3107 Ecclesiae,
595 3037 633 3093 ut
657 3022 855 3111 exemplum
874 3023 1002 3091 viduae
1016 3019 1120 3089 Sare-
1169 3048 1208 3092 ac
1225 3024 1352 3093 timent
1366 3024 1486 3114 lapsus
1500 3027 1659 3117 aliquos,
1693 3042 1727 3098 et
1741 3031 1836 3098 anxii
1856 3042 1978 3111 orant,
2011 3043 2151 3098 utcon.

127 3124 270 3226 ptauae.
321 3129 461 3200 Rursus
484 3126 565 3209 alii,
589 3125 787 3217 etquidem
810 3124 915 3213 multi
934 3137 968 3192 et
986 3120 1119 3211 praeci·
1170 3125 1356 3194 firmentur
1371 3140 1406 3195 et
1428 3143 1606 3216 regantur.
1666 3125 1804 3199 Deinde
1828 3145 1861 3201 et
1885 3132 2053 3200 scandalo
2076 3156 2149 3200 mo·

24 3266 28 3275 ·
131 3235 194 3327 pul
227 3233 330 3302 amici
358 3228 551 3300 Ecclesiam
584 3227 621 3294 in
652 3224 910 3297 calamitatibus
943 3226 1121 3304 deserunt,
1170 3240 1309 3299 ventur.
1368 3227 1573 3297 Adversarii
1599 3232 1871 3312 confirmantur,
1903 3256 1983 3301 cum
2008 3234 2065 3302 illi
2087 3231 2150 3323 ipsi

133 3350 195 3405 aut
221 3335 325 3402 etiam
350 3342 573 3420 oppugnant,
606 3340 645 3397 ut
667 3326 756 3396 Cain
779 3326 922 3395 fratrem
946 3324 1120 3393 interficit.
1170 3330 1359 3415 deficiunt,
1386 3330 1448 3421 qui
1470 3328 2146 3423 auteaEvangeliumacriterdefendc·

132 3433 229 3507 Esau
259 3433 449 3502 insidiatur
477 3431 570 3498 vitae
598 3426 721 3496 lacob:
756 3422 884 3516 loseph
911 3426 1119 3494 venditura
1172 3444 1263 3507 rant.
1305 3429 1420 3500 Totus
1433 3433 1539 3502 etiam
1554 3448 1675 3504 coctus
1691 3437 1834 3506 ducitur
1848 3458 1921 3504 esse
1939 3436 2054 3505 levior
2070 3461 2148 3529 pro·

117 3536 314 3606 iratribus·
374 3533 554 3601 Adversus
582 3526 755 3599 Davidem
787 3528 879 3597 filius
910 3527 1119 3597 seditionem
1171 3532 1416 3622 pteraliorum
1436 3533 1810 3608 inconstantiamrllis
1826 3537 2000 3606 scandalis
2015 3540 2147 3610 uribu-

133 3639 257 3708 movit.
316 3633 413 3705 Haec
443 3631 632 3702 domestica
657 3631 804 3699 vulnera
827 3632 930 3719 longe
951 3631 1120 3698 maiorem
1171 3657 1236 3702 nas
1256 3649 1388 3703 mentes
1411 3637 1634 3707 manifestum
1658 3653 1728 3723 est,
1767 3639 1859 3710 sicut
1880 3654 1913 3709 et
1937 3637 2072 3711 Paulus
2095 3642 2149 3709 in·

133 3742 295 3810 dolorem
317 3739 474 3819 faciunt,
498 3757 602 3829 quam
620 3732 817 3801 alienorum
834 3728 1020 3801 bominum
1041 3753 1121 3799 cru·
1172 3736 1249 3828 quit
1263 3738 1297 3804 2.
1315 3732 1479 3811 Corinth.
1501 3742 1575 3812 11.=
1605 3738 1696 3827 Quis
1713 3743 1853 3831 languet
1879 3743 1943 3824 ita,
1976 3765 2023 3812 ne
2045 3740 2147 3812 simul

136 3843 272 3914 clelitas.
342 3837 426 3907 lcleo
450 3835 662 3905 nominatim
686 3835 814 3903 citatur
835 3830 894 3903 hic
918 3832 1122 3914 versiculus,
1172 3852 1206 3906 ot
1222 3839 1296 3927 ipsc
1312 3838 1515 3926 langueam,
1549 3843 1629 3933 quis
1646 3843 1810 3913 movetur
1834 3844 2146 3938 scandaloaliquo,

135 3958 175 4014 ut
209 3963 457 4034 praeparemus
487 3939 625 4006 animos
655 3938 698 4004 ad
726 3936 926 4005 tolerandas
957 3934 1121 4027 perfidias
1173 3939 1218 4007 ita
1238 3963 1282 4006 ne
1299 3939 1372 4028 ipse
1386 3940 1495 4012 simul
1509 3943 1615 4011 urarl
1640 3942 1721 4014 Non
1737 3960 1852 4038 potest
1868 3946 2079 4041 lieri,·quiu
2095 3970 2147 4020 es·

135 4043 345 4115 amicorum:
382 4040 455 4129 Qui
486 4063 622 4107 mecum
649 4039 884 4107 manducabat
906 4061 1051 4128 panem,
1084 4036 1119 4101 id
1172 4040 1310 4109 lumitas
1326 4043 1437 4110 nostri
1455 4045 1613 4131 corporis
1629 4060 1663 4114 et
1685 4052 1924 4117 membrorum
1944 4064 2145 4120 nostrorum

136 4159 209 4229 est,
236 4148 298 4238 qui
313 4140 401 4213 mihi
418 4141 675 4223 familiaritate,
701 4140 959 4217 benevolentia,
987 4137 1122 4220 officiis,
1172 4143 1332 4211 dolorem
1354 4145 1460 4212 nobis
1482 4146 1624 4231 afferat,
1662 4164 1702 4219 ut
1725 4152 1907 4220 manifest,
1934 4153 2147 4242 experieng,

135 4249 300 4316 societate
329 4243 558 4336 professionis
581 4241 888 4311 coniunctissimus
911 4241 995 4324 fuit,
1025 4263 1122 4308 nunc
1172 4246 1330 4317 testatur.
1390 4242 1574 4318 Recitatur
1597 4272 1680 4338 ergo
1704 4247 1771 4321 hoc
1794 4254 1871 4322 luco
1896 4248 2146 4343 Apostolorum

135 4348 336 4438 opprimere
358 4359 391 4415 et
412 4347 529 4415 delere
553 4357 714 4414 conatur.
780 4342 872 4411 Sum
895 4358 1010 4412 autem
1033 4342 1122 4409 aliae
1172 4346 1359 4415 solicitudo
1375 4361 1409 4416 et
1425 4353 1673 4424 consternatio.
1775 4402 1778 4407 .

134 4450 283 4519 usitatae
298 4450 391 4516 inter
406 4443 567 4516 homines
582 4447 686 4515 etiam
702 4446 739 4512 in
755 4445 850 4512 civili
865 4444 1122 4513 consuetudine
1271 4447 1339 4518 Sed
1358 4443 1416 4516 bie
1431 4453 1614 4522 considera
1633 4453 1740 4524 luda,
1755 4457 1934 4527 duritiem,
1986 4456 2057 4529 115c
2073 4484 2146 4530 mo,

133 4550 229 4621 vitac
264 4551 461 4619 amicorum
498 4546 666 4638 perfidiae
700 4561 735 4615 et
772 4545 1034 4631 distractiones,
1082 4561 1120 4616 ut
1172 4549 1267 4619 nitus
1289 4563 1322 4619 et
1346 4553 1532 4641 castigatus
1553 4556 1688 4649 aliquot
1715 4560 1816 4628 dictis
1840 4555 1997 4644 Christi,
2032 4579 2145 4633 tamen

132 4654 239 4742 poeta
256 4649 477 4721 exclamarit:
512 4648 695 4741 Nusquam
720 4661 794 4717 tuta
815 4649 912 4716 fides.
965 4648 1032 4718 Sed
1049 4646 1120 4718 Ec·
1172 4652 1619 4743 nonagitpuenitentiam,
1653 4683 1726 4727 nou
1752 4661 1905 4731 ilectitur
1926 4664 1970 4730 ad
1990 4667 2146 4754 cogitan-

133 4754 237 4823 alesia
274 4748 380 4821 habet
415 4752 571 4838 exempla
607 4752 761 4819 tristiora
792 4765 824 4819 ot
853 4751 1120 4840 perniciosiora,
1170 4755 1252 4822 dam
1273 4756 1553 4842 magnitudinem
1574 4762 1705 4847 peccati
1731 4763 1785 4830 sui
1808 4780 1842 4835 et
1864 4761 2040 4849 irae-Dei,
2072 4768 2147 4835 talis

131 4858 214 4949 quia
240 4855 278 4923 in
298 4854 452 4923 dissidiis
467 4849 643 4922 Ecclesiae
658 4853 827 4920 factiones
843 4852 993 4939 gignunt
1009 4877 1119 4923 riovos
1170 4857 1289 4936 furor,
1316 4859 1473 4927 auferres
1490 4846 1640 4930 durities
1659 4864 1836 4956 sequitur,
1868 4879 2054 4958 postquam
2080 4870 2145 4936 iui-

131 4981 287 5042 ermrer,
309 4969 529 5043 et-magnam
554 4949 1119 5043 paucmpopulitrahuntinex-
1168 4956 1229 5024 tiis
1250 4959 1485 5027 tentationum
1513 4986 1586 5031 nou
1610 4982 1841 5054 repugnatum
1864 4981 1935 5051 est,
1970 4983 2027 5049 ut,
2067 4972 2147 5063 quia

129 5076 283 5130 tremum
301 5058 444 5126 exitium
457 5108 466 5144 ,
479 5060 575 5123 ideo
590 5069 622 5123 et
640 5056 683 5121 de
702 5055 827 5143 poeuis
847 5078 969 5123 eorum
990 5057 1117 5145 passim
1169 5052 1327 5138 Pharao,
1354 5058 1459 5146 Saul,
1484 5060 1699 5157 Achitophel
1715 5071 1848 5155 primas
1860 5071 2023 5140 flarnmas
2047 5073 2146 5141 uuio.

127 5151 1117 5234 multaesunteouciones,utMatth.25stltemaledicti
1168 5181 1247 5225 rum
1272 5183 1346 5227 uon
1371 5165 1613 5247 extinxerunt,
1652 5171 1711 5238 secl
1737 5173 1919 5254 aluerunt,
1951 5187 2071 5261 postea
2094 5176 2148 5242 in·

125 5263 601 5357 inignemaeternum,etc.
646 5250 836 5330 EtPsalm.
851 5253 927 5328 45.:
957 5256 1014 5329 Tu
1032 5285 1116 5331 vero
1167 5260 1332 5330 centium
1357 5266 1470 5335 maius
1488 5269 1619 5338 factum
1644 5285 1713 5354 est,
1753 5298 1860 5365 quam
1882 5288 1918 5344 ut
1947 5276 2149 5365 extinguere

126 5359 234 5432 bomo
251 5363 449 5440 unanimis,
478 5364 549 5429 dux
566 5379 683 5442 meus,
710 5371 744 5428 et
761 5370 992 5433 uotusmeus.
1045 5362 1113 5433 Ve.
1169 5377 1325 5454 possent.
1375 5364 1509 5441 Moniti
1527 5372 1634 5458 igitur
1648 5374 1719 5445 illis
1736 5377 1946 5448 tristissimis
1969 5380 2151 5472 exemplis,

1335 946 1437 1022 Dico
1454 948 1554 1023 vobis
1570 959 1769 1051 antequam
1778 947 1874 1048 fiat,
1901 961 1964 1028 etc.
1987 1020 1990 1025 .

306 2078 386 2181 Qui
406 2073 608 2151 manducat
630 2099 765 2148 mecum
787 2088 962 2174 panem·
