4522 5782
107 340 109 343 ·
179 214 259 299 ns

350 387 407 462 Et
421 381 575 462 credidit
593 381 692 485 ipse,
718 387 753 452 et
767 372 898 451 domus
913 373 1006 452 eins.

273 542 379 617 Prior
393 546 492 615 locus
507 555 559 613 est
572 536 771 630 exemplum
787 532 949 604 infirmae
962 528 1057 610 fidei,
1081 549 1172 622 quae

184 664 301 725 tamen
318 647 503 740 impetrat,
529 641 624 738 quod
641 639 740 732 petit.
791 635 894 707 Alter
906 633 1005 704 locus
1017 644 1068 702 est
1085 654 1171 723 enn-

183 747 337 823 firmatio
359 762 479 822 secute
499 758 685 828 eventum,
711 752 746 815 et
765 738 958 808 multorum
976 755 1172 805 conversio.

183 851 270 925 Post
284 851 468 923 victoriam
486 850 573 918 fides
588 848 627 916 lit
640 842 834 924 ardentior,
860 839 950 908 sieut
965 833 1098 906 Paulus
1114 833 1171 902 in-

185 955 280 1050 quit:
314 952 484 1024 Probatio
516 972 613 1043 spem
642 945 767 1028 elficit,
799 965 879 1011 cum
901 937 1112 1007 dimicamus
1137 946 1173 1004 et

104 1115 110 1121 .
185 1056 379 1140 vincimus,
405 1054 634 1124 confirmatur
655 1048 743 1115 tides
767 1054 801 1112 et
822 1063 917 1133 spes,
943 1052 984 1108 ut
1008 1037 1172 1127 deinceps

185 1157 337 1229 alacrius
347 1169 567 1248 expectemus
580 1148 749 1220 auxilium
759 1142 839 1228 Dei,
855 1156 888 1211 et
901 1147 937 1215 Ξ.
946 1134 1112 1212 Corinth.
1122 1140 1171 1211 1.:

184 1254 413 1352 Responsum
444 1255 569 1326 mortis
599 1250 636 1318 in
662 1247 766 1317 nobis
791 1240 1001 1321 habuimus,
1035 1255 1172 1312 utnon

185 1362 296 1433 simus
309 1360 525 1430 confidentes
540 1357 576 1423 in
593 1350 710 1435 nobis,
724 1350 783 1419 sed
799 1348 836 1415 in
851 1343 939 1430 Deo,
956 1345 1017 1438 qui
1036 1365 1172 1413 exusci-

185 1464 237 1535 t'at
252 1474 429 1545 mortuos,
455 1457 575 1552 quiex
599 1467 695 1526 tanta
712 1463 825 1520 morte
844 1447 1007 1517 liberavit
1030 1468 1112 1528 nos,
1137 1457 1173 1513 et

185 1564 335 1646 liberat,
358 1562 397 1630 in
422 1583 526 1654 quem
552 1576 749 1648 speramus,
776 1550 871 1646 quod
892 1560 928 1619 et
956 1547 1084 1618 iterum
1107 1568 1173 1614 nos

185 1665 401 1739 liberaturus
443 1663 506 1745 sit,
550 1657 804 1729 adiuvantibus
840 1649 965 1720 vestris
998 1648 1172 1739 precibus.

186 1762 376 1859 Utrunque
396 1766 500 1834 docet
523 1762 618 1858 quod
639 1757 736 1828 Deus
759 1754 851 1824 sinat
874 1775 943 1821 nos
961 1749 1064 1820 obrui
1088 1772 1173 1841 pro·

186 1868 286 1940 cellis
314 1865 570 1948 afflictionum,
613 1875 655 1930 nt
685 1859 859 1929 discamus
893 1853 1055 1922 timorem
1086 1847 1173 1934 Dei,

185 1971 415 2043 emendemus
430 1965 662 2042 securitatem,
688 1961 908 2049 deponamus
924 1954 1089 2024 fiduciam
1106 1974 1173 2020 no-

186 2072 269 2158 stri,
291 2069 382 2142 sicut
405 2068 501 2141 Deus
524 2090 640 2154 regem
661 2053 994 2132 Nabuchodonosor
1017 2052 1173 2148 punivit,

185 2187 228 2245 ιιι
256 2175 448 2264 deponeret
473 2166 638 2239 fiduciam
666 2163 739 2233 sui:
773 2181 896 2230 aursus
924 2158 1028 2228 etiam
1059 2158 1173 2240 docet,

185 2276 283 2370 quod
304 2272 430 2345 liberet
454 2293 538 2354 nos,
568 2282 608 2338 ut
631 2262 834 2336 testimonia
858 2255 1050 2329 habeamus
1070 2279 1173 2355 prae·

112 2453 119 2460 ,
185 2376 319 2448 sentiae
341 2387 375 2444 et
396 2369 660 2442 misericordiae
679 2366 773 2446 eius,
799 2361 895 2458 qnod
914 2384 996 2430 vere
1017 2358 1172 2450 opitule-

185 2491 257 2550 tur.
308 2475 408 2548 Sicut
422 2471 519 2565 Agar
533 2472 652 2541 adiuta
668 2467 706 2537 in
728 2466 834 2537 exilio
849 2475 1044 2533 monstrato
1062 2461 1173 2544 sonte,

184 2591 306 2673 postea
329 2578 367 2647 tit
396 2576 532 2645 firmior
562 2570 712 2654 infide,
748 2580 783 2638 et
809 2565 943 2634 maiore
973 2562 1174 2633 constantia

155 2708 160 2715 ¹
185 2693 342 2771 expectat
364 2677 536 2748 auxilium
558 2671 646 2758 Dei,
671 2671 761 2740 sicut
781 2680 817 2739 et
838 2667 875 2736 in
897 2667 991 2736 dicto
1017 2662 1171 2734 Paulino

184 2780 337 2855 dicitur:
379 2777 452 2868 Qui
478 2777 663 2849 etiterum
690 2769 856 2841 liberabit
879 2791 964 2849 nos,
996 2780 1061 2836 etc.
1119 2762 1171 2835 lta

184 2882 310 2954 crescit
335 2895 368 2952 ct
392 2880 622 2951 confirmatur
647 2874 733 2943 fides
762 2873 800 2941 in
826 2864 895 2939 hoc
921 2868 1056 2950 aulico,
1091 2890 1171 2936 cnm

138 3046 140 3050 ,
184 2983 356 3078 comperit
370 3007 444 3052 non
460 2981 567 3051 fuisse
590 2975 725 3046 irritam
745 2971 972 3066 petitionem,
998 2983 1033 3039 et
1048 2993 1171 3039 move-

183 3099 244 3159 tur
260 3085 393 3156 familia
408 3082 611 3154 testimonio
628 3076 808 3162 miraculi,
833 3086 872 3143 ut
889 3073 958 3140 iam
975 3071 1093 3141 credat
1108 3094 1172 3139 au·

183 3202 297 3259 torem
313 3185 476 3257 beneficii
490 3207 563 3255 esse
577 3179 757 3254 Messiam.
808 3173 915 3246 Tales
935 3186 1018 3243 sunt
1041 3172 1171 3240 libera-

183 3290 317 3375 tiones,
343 3289 429 3359 tales
451 3299 535 3356 sunt
556 3281 742 3361 victoriae,
767 3277 855 3348 tales
877 3269 1049 3363 triumphi
1064 3268 1171 3342 Chri-

182 3391 247 3477 sti,
280 3413 370 3483 quos
398 3387 637 3475 intelligemus
664 3396 771 3466 tunc,
804 3402 884 3449 cum
916 3374 1172 3464 glorificabitur

180 3486 359 3579 Ecclesia,
384 3490 564 3583 quomodo
588 3485 627 3555 in
645 3484 779 3556 talibus
799 3479 999 3549 actionibus
1020 3476 1171 3567 praelia-

181 3607 239 3664 tus
257 3594 303 3664 sit
317 3617 397 3666 cum
413 3590 578 3676 diabolo,
601 3601 642 3661 ιιι
657 3587 777 3681 plures
793 3605 814 3652 a
830 3579 966 3675 laqueis
982 3579 1057 3650 eius
1078 3578 1170 3648 libe-

181 3709 287 3771 rarat.

556 3941 696 4049 Caput
738 3936 796 4023 V.

359 4100 494 4182 Postea
510 4112 588 4178 erat
595 4101 738 4203 sestam
752 4092 993 4171 Iudaeorum.

282 4257 338 4332 Ex
354 4260 443 4329 serie
457 4255 627 4329 historiae
646 4263 790 4342 apparet
805 4246 921 4320 adhuc
936 4248 993 4339 agi
1014 4249 1168 4340 primum

181 4386 317 4438 annum
344 4386 364 4432 a
386 4362 562 4452 baptismo
582 4351 737 4435 Christi,
762 4366 795 4421 et
817 4356 963 4435 festum,
988 4352 1089 4422 errius
1110 4349 1169 4423 hic

181 4470 222 4541 fic
239 4463 384 4549 mentio,
406 4461 575 4532 scribitur
590 4482 608 4526 a
626 4453 760 4550 Cyrillo
775 4477 848 4523 esse
863 4452 1080 4539 Pentecoste,
1107 4456 1169 4547 qui

182 4569 301 4653 addit,
333 4588 375 4636 eo
401 4565 459 4634 die
479 4561 622 4631 solitum
650 4558 813 4645 angelum
837 4559 881 4626 de
906 4556 1004 4627 coelo
1023 4557 1169 4625 descen-

181 4673 286 4752 dere,
312 4680 347 4738 et
361 4661 453 4736 hanc
468 4663 638 4753 piscinam
655 4660 807 4747 agitare,
832 4672 873 4728 ut
891 4669 1073 4728 sanaretur
1093 4658 1168 4746 pri-

79 4834 89 4841 ..
181 4794 280 4856 mus,
305 4769 369 4860 qui
389 4767 617 4838 inferebatur.
668 4759 830 4833 Dicimus
852 4775 970 4832 autem
990 4761 1035 4829 de
1059 4759 1164 4826 mira-

182 4874 273 4943 culis
286 4865 421 4941 Christi
437 4867 570 4961 ubique
586 4866 705 4935 eadem
720 4863 759 4932 in
775 4885 921 4948 genere,
947 4884 1038 4953 quae
1051 4873 1086 4929 et
1109 4855 1167 4929 hic

181 4974 337 5043 breviter
359 4982 491 5068 repeto.
543 4968 721 5039 Primum:
748 4962 924 5033 Miracnla
948 4974 1002 5031 tot
1023 4973 1057 5030 et
1079 4984 1166 5030 con·

181 5073 342 5162 gretentia
364 5085 447 5143 sunt
464 5071 683 5151 testimonia,
709 5061 777 5137 hoc
794 5063 964 5146 verbnm,
989 5064 1083 5155 quod
1106 5056 1165 5131 hic

179 5178 306 5249 doctor
321 5176 471 5268 spargit,
494 5196 578 5243 vere
599 5171 762 5241 divinum
782 5187 873 5244 esse,
900 5177 933 5237 et
949 5165 1128 5234 doctorem
1143 5187 1165 5232 a

179 5275 257 5352 Deo
277 5278 424 5347 missum
437 5296 537 5359 esse,
566 5271 649 5364 qnia
669 5290 726 5337 res
746 5264 920 5346 ostendit,
946 5289 1026 5337 eum
1048 5264 1163 5335 iuvari

180 5377 304 5453 sDeo.
354 5376 538 5456 Secundo,
564 5367 650 5442 haec
669 5368 839 5442 miracula
855 5367 1057 5445 testimonia
1079 5381 1164 5443 sunt

649 232 652 239 =
776 200 906 287 emt.
927 201 1047 281 nnn
1078 190 1292 278 concers
1321 124 1658 273 nxrnnncc

2139 194 2215 287 tte

1220 365 1399 457 potentiae
1414 366 1557 439 divinae
1574 368 1613 439 in
1637 361 1707 439 hoc
1721 365 1879 441 doctore·
1929 363 2030 440 Sicut
2044 361 2214 468 hicelam

1222 467 1392 540 affirmat:
1420 468 1527 541 Pater
1547 493 1648 559 meus
1664 470 1860 541 etiamnum
1885 483 2068 561 operatur,
2093 483 2127 543 et
2146 494 2213 562 ego

1222 593 1361 662 operor,
1382 595 1472 664 quae
1487 572 1549 643 ille
1562 572 1657 657 iacit,
1675 571 1818 644 attilius
1833 571 1997 643 similiter
2011 571 2106 646 facit.
2140 569 2214 647 Hic

1126 732 1134 749 .
1222 671 1374 741 affirmat
1390 667 1552 745 Christus
1572 668 1659 743 haec
1677 673 1789 755 lacta,
1815 686 1850 744 et
1864 674 1910 744 ab
1932 686 2076 745 aeterno
2099 687 2214 767 patre,

1223 786 1296 844 eta
1320 795 1393 843 sese
1417 774 1505 849 lieri.

1223 889 1343 967 postea
1359 876 1507 961 dicetur,

1561 770 1697 868 Estque
1722 775 1861 864 insigne
1885 775 2146 863 testimonium,
2170 789 2215 851 ιιι

1531 877 1577 947 de
1592 876 1713 947 divina
1730 874 1855 948 natura
1872 877 1947 947 tilii.
1980 875 2117 963 Tertio,
2140 878 2213 948 mi·

1222 976 1448 1063 raculasunt
1471 978 1629 1070 exempla
1652 978 1947 1071 promissionum,
1972 1000 2062 1071 quae
2079 1001 2145 1049 nos
2164 981 2212 1049 ad

1221 1078 1413 1169 petendum
1429 1091 1463 1148 et
1478 1083 1712 1171 expetendum
1727 1080 1898 1151 auxilium
1913 1103 2057 1150 movere
2070 1080 2213 1168 debent,

1223 1179 1369 1272 perinde
1385 1195 1425 1250 nt
1437 1181 1533 1272 ipsae
1550 1179 1801 1273 promissiones
1822 1196 1856 1254 et
1870 1181 1989 1252 omnia
2010 1180 2211 1253 reserantur

1143 1341 1152 1358 .
1222 1282 1269 1352 ad
1289 1275 1381 1350 hanc
1401 1284 1633 1354 sententiam:
1663 1279 1843 1378 Apparuit
1861 1283 1956 1353 filius
1977 1280 2065 1370 Dei,
2090 1297 2131 1355 ut
2148 1286 2216 1355 de-

1224 1396 1337 1453 struat
1352 1407 1460 1478 opera
1477 1385 1624 1461 diaboli.
1674 1383 1724 1457 Ut
1738 1398 1872 1455 certum
1887 1384 1933 1456 sit
1947 1386 2080 1455 destrui
2096 1409 2116 1455 a
2134 1385 2214 1457 filio

1223 1481 1290 1554 Dei
1306 1499 1487 1576 peccatum
1504 1498 1539 1557 et
1553 1499 1724 1571 mortem,
1746 1509 1849 1577 saepe
1865 1486 1960 1557 tollit
1979 1488 2141 1574 morbos,
2174 1501 2215 1563 et

1223 1585 1408 1657 resuscitat
1428 1602 1605 1675 mortuos,
1631 1601 1770 1677 ergoet
1794 1611 1859 1658 nos
1882 1587 1938 1656 vel
1962 1604 2122 1677 peccato,
2153 1590 2212 1659 vel

1223 1688 1355 1779 peccati
1374 1689 1499 1780 poenis
1519 1690 1659 1775 obruti,
1684 1690 1930 1780 confugiamus
1953 1691 1998 1759 ad
2011 1685 2212 1777 Christum,

1223 1803 1258 1858 et
1273 1801 1430 1880 petamus
1448 1803 1482 1862 et
1504 1804 1725 1882 expectemus
1746 1791 2006 1861 liberationem.
2058 1789 2109 1877 Hi
2125 1807 2210 1865 sunt

1223 1891 1357 1975 cultus,
1383 1891 1446 1985 qui
1468 1888 1657 1983 praecipuo
1678 1889 1815 1962 honore
1836 1889 1933 1962 hunc
1948 1890 2117 1965 Messiam
2133 1894 2212 1964 afli-

1224 1992 1342 2075 ciunt,
1374 2007 1409 2063 et
1439 2017 1512 2063 non
1535 1994 1786 2085 intelliguntur
1811 1996 1856 2065 ab
1879 1989 2034 2064 humana
2056 1995 2211 2078 ratione,

1224 2093 1301 2163 sine
1321 2093 1400 2164 luce
1415 2088 1612 2185 Evangelii.
1661 2095 1753 2166 Nam
1777 2091 1953 2165 humanae
1969 2110 2104 2169 mentes
2124 2110 2211 2169 sunt

1223 2209 1410 2286 occupatae
1424 2197 1654 2288 opinionibus
1671 2197 1766 2289 legis,
1792 2211 1826 2268 et
1839 2220 1977 2288 semper
1994 2198 2149 2268 afferunt
2163 2200 2210 2269 ad

1222 2291 1339 2367 Deum
1362 2291 1454 2365 hanc
1477 2293 1757 2390 philosophiam,
1789 2298 1838 2370 sic
1861 2322 1942 2368 vere
1962 2299 2060 2369 coles.
2079 2296 2211 2382 Deum,

1222 2397 1253 2469 si
1270 2397 1415 2469 eximias
1432 2399 1579 2471 virtutes
1595 2403 1638 2470 ad
1656 2402 1772 2490 ipsum
1788 2400 1929 2484 afferes,
1954 2395 2018 2471 has
2033 2400 2117 2493 quia
2133 2425 2212 2473 non

1223 2495 1344 2585 affers,
1370 2524 1444 2570 non
1462 2524 1497 2571 es
1513 2504 1644 2596 dignus
1660 2503 1735 2571 eins
1752 2502 1970 2577 muneribus.
2023 2500 2210 2575 Praeterea

1223 2603 1415 2672 absurdum
1433 2616 1485 2672 est
1505 2627 1524 2672 a
1541 2603 1617 2674 Deo
1640 2617 1773 2694 petere,
1798 2617 1839 2674 ut
1856 2615 2016 2675 accurrat
2038 2606 2083 2673 ad
2109 2618 2211 2676 tuam

1222 2703 1370 2788 febrim,
1399 2705 1444 2772 ad
1467 2719 1562 2776 tuam
1586 2706 1762 2797 inopiam,
1787 2720 1821 2777 et
1838 2707 1882 2774 ad
1906 2706 2119 2775 domandam
2142 2706 2212 2777 ali·

1223 2826 1328 2897 quam
1344 2805 1488 2875 stultam
1505 2808 1754 2900 cupiditatem,
1779 2806 1930 2897 curipse
1952 2831 2030 2876 eam
2054 2831 2129 2880 non
2153 2830 2211 2880 re·

1222 2905 1373 2999 primis?
1403 2904 1480 2978 Hac
1493 2908 1763 2997 imaginationes
1777 2908 1915 2979 duriter
1930 2922 2092 2978 exercent
2106 2933 2211 2980 men-

1222 3019 1274 3077 tes
1306 3002 1501 3092 humanas,
1536 3014 1596 3082 sed
1631 3010 1808 3080 discamus
1841 3010 1922 3080 ideo
1954 3010 2101 3080 missum
2136 3035 2212 3082 esse

1222 3109 1335 3178 filium
1352 3108 1430 3192 Dei,
1453 3113 1533 3183 ideo
1549 3113 1677 3182 editam
1695 3135 1815 3181 vocem
1832 3106 2029 3201 Evangelii,
2052 3125 2093 3183 ut
2108 3112 2209 3182 illam

1223 3206 1485 3302 philosophiam
1512 3213 1661 3284 rationis
1694 3207 1870 3281 humanae
1895 3215 2141 3298 emendemus,
2174 3227 2211 3285 et

1222 3311 1373 3381 sciamus
1397 3339 1478 3383 vere
1509 3316 1625 3385 cultus
1647 3311 1712 3382 Dei
1743 3337 1835 3398 esse,
1873 3328 1992 3403 petere
2018 3315 2212 3400 auxilinm,

1222 3415 1313 3483 sicut
1333 3409 1498 3486 Christus
1520 3416 1653 3510 inquit:
1680 3413 1766 3485 Sine
1789 3439 1847 3484 me
1873 3411 1965 3484 nihil
1989 3416 2134 3507 potestis
2156 3417 2211 3486 sa-

1222 3538 1312 3584 cere.
1343 3513 1440 3588 Haec
1455 3520 1499 3588 de
1514 3517 1696 3588 miraculis
1711 3517 1748 3585 in
1765 3540 1892 3607 genere
1908 3517 2037 3587 dixisse
2053 3518 2138 3589 satis
2153 3519 2212 3597 sit.

1271 3695 1438 3794 Angelus
1465 3709 1564 3774 stato
1586 3710 1741 3802 tempore
1765 3695 2000 3773 descendebat
2028 3699 2069 3771 in
2095 3682 2211 3800 pisci·¹

1324 3827 1427 3877 nam.

1299 3937 1415 4010 Multa
1428 3940 1573 4012 inerunt
1587 3940 1756 4011 miracula
1772 3935 1893 4029 inqhoc
1906 3940 2050 4033 populo,
2076 3942 2211 4034 quibus

1221 4039 1318 4112 Deus
1342 4043 1583 4113 testimonium
1598 4042 1696 4112 dedit
1711 4045 1819 4113 verbo
1835 4067 1918 4122 stro,
1945 4044 2038 4113 inter
2057 4068 2151 4136 quae
2172 4059 2209 4117 et

1221 4136 1289 4212 hoc
1317 4148 1575 4214 numerandum
1598 4158 1667 4230 est,
1698 4147 1792 4239 qnod
1824 4146 1862 4214 in
1892 4145 1967 4235 ipsa
1989 4141 2210 4234 Pentecoste,

1221 4248 1412 4336 quotannis
1426 4261 1675 4336 compererunt
1695 4271 1822 4340 aquam
1841 4248 1886 4317 ab
1911 4247 2037 4336 angelo
2059 4250 2210 4335 moveri,

1220 4360 1254 4417 et
1278 4348 1450 4436 primum,
1482 4349 1544 4441 qui
1568 4362 1644 4438 post
1666 4362 1799 4419 motam
1820 4372 1947 4441 aquam
1979 4348 2210 4438 inferebatur,

1221 4449 1357 4532 sanari,
1389 4473 1455 4518 nec
1473 4451 1624 4519 dubium
1650 4464 1721 4534 est,
1755 4451 1842 4543 quin
1865 4445 1961 4519 hunc
1984 4449 2080 4519 diem
2103 4452 2210 4524 datae

1220 4549 1307 4637 legis
1325 4574 1454 4619 ornare
1472 4546 1539 4621 hoc
1559 4552 1761 4621 testimonio
1787 4552 2010 4642 peculiariter
2027 4536 2125 4621 Dens
2141 4579 2209 4626 vo·

1219 4651 1336 4726 luerit.
1378 4651 1535 4742 Angelus
1550 4655 1765 4723 conturbans
1780 4677 1927 4745 aquam,
1954 4652 2128 4742 significat
2142 4680 2210 4728 vo-

1219 4779 1292 4822 cem
1310 4754 1416 4843 legis,
1442 4759 1712 4825 conturbantem
1735 4756 1984 4840 conscientias,
2011 4776 2209 4843 agnoscen-

1218 4870 1269 4925 tes
1284 4850 1492 4926 horribilem
1509 4856 1596 4927 iram
1613 4854 1679 4927 Dei
1697 4858 1866 4926 adversus
1880 4870 2029 4948 peccata.
2079 4855 2150 4929 Sed
2168 4861 2207 4932 id

1217 4957 1275 5041 fit,
1309 4982 1383 5029 non
1412 4972 1452 5029 ut
1476 4971 1619 5049 pereant
1641 4962 1871 5030 conturbatae
1893 4973 2049 5044 mentes,
2077 4962 2141 5030 sed
2165 4975 2208 5035 ut

1218 5058 1395 5149 primitiae
1416 5060 1618 5145 salventur,
1645 5061 1726 5131 ideo
1748 5075 1886 5132 tantum
1904 5061 2041 5150 primus
2055 5065 2208 5134 sanaba-

1216 5173 1286 5231 tur.
1347 5160 1439 5232 Nam
1461 5188 1527 5233 vox
1547 5164 1634 5253 legis
1653 5163 1842 5232 conturbat
1862 5162 2069 5231 universum
2093 5186 2207 5252 genus

1216 5257 1433 5346 humanum,
1459 5267 1518 5335 sed
1534 5267 1717 5335 salvantur
1731 5262 1920 5355 primitiae,
1947 5263 1983 5331 id
2000 5276 2063 5344 est,
2089 5267 2208 5353 electi,

1215 5363 1278 5461 qui
1297 5379 1495 5458 agnoscunt
1513 5367 1629 5443 fitium
1647 5366 1741 5456 Dei,
1774 5359 1861 5438 haec
1883 5367 1930 5440 sit
1952 5365 2070 5439 brevis
2091 5367 2209 5462 signi-
