4522 5782
114 202 217 283 assa
317 200 419 279 xrn.
470 200 507 276 c.
533 196 834 317 ansnnsrro
858 198 1015 280 nessa.
1042 182 1251 272 enroms
1275 180 1347 263 an
1371 175 1700 261 clnorlssttns
1753 180 1861 263 can.
1886 182 1955 267 m.
2029 144 2158 273 ‘cass

116 373 181 451 seni
206 370 363 472 μεσίτην
379 370 445 449 καὶ
464 368 611 469 ἱκέτην,
637 375 795 449 mirabili
815 390 851 449 et
874 372 1106 448 inenarrabili
1158 360 1215 434 nil
1236 358 1409 453 Princeps
1433 355 1583 447 mundi,
1611 369 1649 435 ct
1671 380 1748 433 non
1769 352 1877 439 babet
1901 362 1940 435 in
1963 386 2021 435 me
2045 366 2152 461 quid-

114 482 267 552 consilio
295 493 330 550 et
356 478 528 549 immensa
558 477 737 565 bonitate,
782 478 962 551 sanctifica
985 502 1047 550 cor
1070 490 1106 548 et
1158 486 1277 561 quam·
1578 530 1584 547 .

111 584 268 653 animam
293 605 406 651 meam
430 578 570 670 Spiritu
592 594 715 651 sancto
738 596 820 662 tuo,
853 604 935 670 rege
962 593 997 652 et
1019 582 1106 650 doce
1258 562 1353 639 Sunt
1368 556 1503 636 etbaec
1526 558 1678 634 illustria
1700 564 1903 639 testimonia
1929 570 2148 665 praesentiae

112 709 189 772 me,
215 706 314 755 aava
332 681 528 755 Ecclesiam
543 694 611 757 ese,
659 724 663 733 .
1158 681 1193 739 et
1208 667 1380 739 bonitatis
1398 663 1482 752 Dei,
1501 678 1534 733 et
1549 664 1657 735 simul
1671 666 1830 757 ingentia
1846 673 2035 755 miracula,
2050 678 2149 769 qnod

217 785 259 857 ln
277 786 338 857 tali
356 786 470 855 forma
486 782 724 857 invocationis
742 784 1037 855 commonefactio
1054 797 1106 854 est
1158 783 1279 860 Reum
1294 774 1338 840 ad
1354 767 1556 839 mitialem
1571 762 1759 861 Evangelii
1774 787 2032 856 vomuerunt,
2049 778 2146 870 quod

112 891 158 959 de
183 888 258 958 veri
281 885 349 958 Dei
374 884 617 970 invocatione,
654 888 700 957 de
722 888 935 979 segreganda
960 887 1106 957 invoca.
1158 871 1263 945 multi
1287 896 1369 943 vere
1392 868 1554 941 conversi
1575 885 1680 957 sunt,
1714 886 1749 943 et
1772 874 2029 949 confessionem
2053 878 2150 975 inter

111 992 212 1064 tione
236 987 414 1063 Ecclesiae
436 988 483 1059 ab
505 984 662 1063 ethnica.
1158 987 1272 1046 tantas
1298 973 1558 1065 persecutiones
1582 976 1825 1046 ostenderunt.

1258 1074 1415 1147 Maxime
1433 1098 1517 1145 vero
1531 1072 1669 1147 illustre
1686 1076 1928 1149 testimonium
1953 1092 2003 1149 est
2026 1102 2145 1151 resur-

338 1165 573 1265 Instsficntns
594 1194 662 1271 per
683 1168 869 1271 spiritum.
1156 1177 1264 1249 rectio
1287 1172 1442 1261 Christi,
1472 1189 1506 1246 et
1535 1178 1692 1248 ascensio
1727 1177 1765 1249 in
1792 1178 1931 1251 coelum
1958 1196 2146 1274 conspecta

1155 1303 1303 1371 magnae
1327 1276 1568 1350 multitudinis
1591 1280 1714 1355 oeulis.
2012 1274 2018 1285 ’

1256 1378 1312 1451 De
1328 1377 1384 1453 bis
1402 1380 1697 1471 patefactionibus
1709 1379 1776 1453 Dei
1795 1395 1829 1456 et
1853 1383 2065 1455 testimoniis
2089 1386 2146 1455 in-

1155 1482 1244 1576 quit,
1262 1484 1300 1552 in
1315 1480 1471 1553 Ecclesia
1489 1484 1671 1553 veritatem
1686 1508 1789 1571 esse,
1806 1501 1847 1557 ut
1862 1486 2063 1558 firmissime
2075 1502 2146 1559 sta·

1155 1601 1294 1655 tuamns
1318 1599 1455 1655 tautum
1483 1582 1520 1653 in
1548 1578 1616 1655 boc
1647 1602 1767 1672 coetu,
1808 1588 1943 1683 inquo
1973 1590 2147 1661 retinetur

1154 1687 1447 1773 fundamentum,
1491 1686 1629 1774 idest,
1660 1689 1802 1759 articuli
1827 1690 1908 1759 fidei
1933 1690 2145 1783 incorrupti.

1154 1812 1272 1859 veram
1294 1788 1512 1879 agnitionem
1528 1801 1562 1859 et
1576 1788 1837 1885 invocationem
1851 1788 1918 1862 Dei
1935 1813 2027 1879 esse,
2053 1794 2144 1865 sicut

1152 1914 1255 1983 saepe
1270 1891 1357 1961 alias
1372 1890 1521 1963 dicitur:
1548 1887 1622 1978 Qui
1642 1915 1715 1960 non
1734 1894 1847 1965 credit
1863 1894 1901 1965 in
1919 1894 2045 1983 filium,
2067 1919 2142 1966 ma·

1152 2008 1212 2066 net
1239 1994 1291 2063 ira
1312 1991 1381 2064 Dei
1411 2014 1643 2085 supereum,
1670 1988 1748 2065 loh.
1772 1994 1809 2070 d.

228 1331 269 1404 ld
303 1345 384 1415 est,
428 1324 592 1399 Christus
622 1326 819 1397 declaratus
851 1328 933 1399 dato
965 1323 1102 1418 Spiritu

113 1451 253 1522 sancto,
279 1447 313 1504 ct
328 1431 429 1502 lactis
444 1429 625 1501 miraculis
647 1427 906 1521 perspiritum
928 1442 1102 1513 sanctum,

111 1564 154 1612 ac
169 1540 217 1609 ita
235 1536 431 1609 declaratus
447 1545 515 1617 est,
537 1546 578 1602 ut
592 1542 728 1602 constet
742 1554 901 1601 veracem
919 1543 954 1602 et
970 1531 1101 1600 iustum

112 1665 188 1712 esse
218 1655 251 1712 et
277 1634 513 1726 Evangelinm
545 1655 620 1703 non
648 1653 723 1703 esse
743 1632 957 1704 lab'ulosum.
1010 1630 1101 1701 Nam

110 1742 269 1835 Spiritus
284 1755 425 1811 sanctus
439 1747 472 1806 et
488 1735 630 1828 publice
654 1734 895 1806 testimonium
920 1733 1018 1806 dedit
1039 1756 1102 1824 per

109 1844 301 1924 miracula,
335 1842 426 1911 sicut
451 1836 570 1931 inquit
584 1833 762 1907 Dominus
777 1832 900 1907 loban.
918 1835 993 1908 16.:
1017 1834 1101 1926 Spi-

96 1948 201 2020 ritus
219 1970 276 2016 me
292 1941 516 2035 glorificabit.
552 1934 600 2009 Et
616 1938 782 2032 privatim
797 1939 980 2008 confirmat
994 1939 1100 2008 corda

110 2048 353 2131 credentium,
392 2067 473 2114 curn
500 2041 604 2131 erigit
625 2063 665 2110 ea
690 2041 730 2109 in
751 2040 869 2110 media
897 2054 1030 2126 morte,
1066 2053 1101 2111 et

111 2154 239 2222 liberat
260 2173 326 2220 nos
341 2173 359 2217 a
377 2161 540 2238 peccato,
571 2156 607 2213 et
631 2167 672 2211 ex
696 2143 881 2215 doloribus
903 2142 1100 2213 inferorum

111 2274 195 2325 vera
218 2248 479 2333 consolatione,
505 2270 596 2339 quae
619 2245 772 2316 sentitur
792 2245 831 2314 in
853 2244 1040 2327 cordibus,
1067 2256 1102 2313 et

109 2356 257 2426 initium
274 2367 325 2424 est
344 2354 436 2423 vitae
452 2364 632 2433 aeternae,
658 2362 699 2419 ut
720 2344 876 2421 Roman.
894 2350 929 2422 8.
953 2346 1101 2418 dicitur:

109 2456 308 2551 Accel'lssss
333 2455 516 2573 ⁸l’l'll9m’
539 2474 622 2570 ‚q¹¹⁰
646 2449 966 2569 ⁶l³m³¹⁰¹¹³‚A,bl{³
992 2460 1104 2542 ΡΜ
1254 2476 1297 2549 ln
1314 2479 1430 2572 primo
1446 2480 1560 2572 capite
1582 2480 1739 2554 breviter
1762 2506 1937 2554 summam
1960 2484 2144 2557 doctrinae

110 2560 188 2651 ipse
204 2559 348 2678 spiritus
369 2570 611 2675 testrmorsrum
637 2552 782 2645 praebet
804 2566 947 2646 spurtus
966 2563 1102 2636 nostro,
1151 2583 1418 2672 compeditur,
1457 2582 1521 2654 ubi
1542 2584 1587 2653 de
1609 2584 1813 2656 discrimine
1837 2584 1940 2678 Legis
1964 2602 1998 2657 et
2023 2584 2145 2658 Em·

110 2664 209 2757 ΨΜ
232 2682 342 2781 *ΡΨ
363 2659 427 2728 filu
452 2656 536 2727 Del
775 2755 785 2774 ,
840 2755 850 2775 ,
1065 2754 1074 2773 ,
1150 2684 1233 2775 gelli
1258 2685 1355 2757 dicit.
1405 2684 1492 2756 Item
1515 2708 1596 2757 curn
1614 2685 1684 2757 ait:
1737 2684 1857 2761 Milite
1889 2690 2022 2759 bonam
2044 2690 2168 2759 mili-·

212 2759 413 2881 Diligenter
428 2771 544 2829 autem
562 2758 752 2829 observent
773 2779 932 2876 rumores
954 2749 1102 2848 phrasrn
1151 2787 1256 2874 tiam,
1287 2781 1422 2859 haben,
1444 2787 1549 2857 fidem
1574 2802 1610 2859 ,t
1633 2789 1764 2859 bonam
1787 2791 2049 2863 conscientiam·
2100 2788 2145 2865 ln

112 2868 154 2937 3¹¹
178 2866 287 2935 'illm
316 2860 527 2934 ¹¹¹⁵l¹fi⁰³¹¹¹⁸
557 2871 627 2950 ‘⁸¹‘
667 2872 700 2932 ‘l
725 2863 971 2946 ⁰⁰⁰⁸¹dm¹¹¹³
1011 2880 1101 2953 ‘1⁰⁰‘
1151 2890 1307 2961 secundo
1325 2889 1439 2981 capite
1455 2888 1544 2960 dicit
1558 2890 1604 2959 da
1619 2880 1793 2964 exercitiis
1807 2891 1910 2985 fidei,
1936 2893 1980 2961 de
1997 2892 2144 2965 invoca·

110 2968 222 3041 ”¹⁰⁶⁰
235 2966 407 3060 <imum
430 2965 509 3077 ¹9⁶⁰
531 2974 737 3055 usurP‘lm'·
1153 2992 1250 3062 tione
1266 3004 1302 3063 et
1319 2993 1363 3085 de
1377 2990 1458 3061 aliis
1479 2992 1584 3061 bonis
1602 2990 1780 3083 operibus.
1831 2991 1876 3065 ln
1898 2992 2003 3066 tertio
2028 2996 2144 3089 capite

1152 3095 1197 3163 de
1222 3092 1422 3165 ministerio
1449 3105 1484 3164 et
1510 3094 1555 3164 de
1576 3088 1747 3167 Ecclesia.
1877 3158 1881 3163 .

1253 3209 1360 3283 Nunc
1381 3210 1422 3281 in
1449 3224 1577 3305 quarto
1606 3210 1721 3301 capite
1753 3211 1854 3282 addit
1882 3212 2146 3311 admonitiones

214 3322 390 3397 Existimo
405 3343 479 3389 rem
495 3340 659 3389 arcanam
675 3330 710 3387 et
724 3339 887 3406 magnam
901 3315 1103 3407 significari,
1153 3312 1396 3403 gravissimas,
1434 3328 1474 3385 ut
1501 3325 1622 3385 caveat
1647 3307 1825 3400 Ecclesia,
1858 3337 1923 3385 nec
1946 3315 2145 3409 decipiatur

113 3456 197 3506 mm
226 3432 297 3513 ais,
332 3435 557 3515 conspectum
585 3441 657 3489 csse
690 3413 873 3489 Christum
897 3421 942 3490 ab
970 3422 1103 3510 angelis
1150 3416 1248 3485 falsis
1264 3416 1505 3507 dogmatibus:
1531 3428 1573 3486 ut
1597 3414 1695 3485 euim
1719 3416 1878 3487 medicus
1899 3432 2144 3490 monstrasse-

111 3534 221 3610 bnnis
244 3546 281 3604 et
304 3527 419 3599 malis.
468 3521 604 3593 Vident
628 3520 714 3592 boni
738 3519 855 3612 angeli
879 3545 1000 3593 causas
1023 3546 1101 3593 om·
1152 3515 1291 3604 lubria,
1332 3530 1367 3589 et
1389 3518 1490 3590 iubet
1514 3518 1627 3589 vitare
1649 3539 1705 3589 res
1729 3518 1910 3591 nocituras
1933 3520 2145 3617 valetudini,

114 3640 217 3710 niusn
241 3653 389 3725 operum
410 3623 496 3712 Dei,
535 3639 569 3695 et
590 3646 699 3718 quare
721 3624 771 3692 sic
795 3623 925 3694 redimi
948 3624 1103 3697 voluerit
1152 3620 1200 3693 ita
1216 3620 1256 3689 in
1274 3621 1435 3691 docendo
1452 3618 1528 3690 fieri
1542 3632 1724 3714 utrunque
1740 3644 1880 3693 necesse
1895 3634 1960 3697 est.
2004 3619 2144 3715 Propo-

112 3763 224 3833 genus
243 3734 460 3815 humanum,
497 3740 534 3799 et
554 3726 669 3820 qualis
690 3726 736 3795 sit
757 3726 935 3818 copulatio
959 3726 1101 3797 divinae
1150 3724 1270 3793 nenda
1295 3736 1348 3794 est
1372 3746 1456 3795 vera
1478 3721 1661 3805 doctrina,
1688 3735 1722 3794 et
1748 3725 2026 3812 ostendendum,
2052 3748 2144 3819 quae

111 3859 148 3917 et
169 3838 348 3913 humanae
370 3847 538 3914 naturae,
577 3843 612 3899 et
637 3827 796 3899 serviunt
818 3822 903 3899 huic
926 3824 1101 3916 Domino,
1150 3824 1257 3897 falsae
1280 3824 1468 3917 opiniones
1484 3824 1648 3897 vitandae
1669 3838 1704 3896 et
1719 3822 1961 3917 explodendas
1983 3826 2066 3901 sint.

109 3960 154 4021 Dl
168 3941 318 4017 Gdbl'lel
332 3949 384 4009 eil
405 3934 559 4005 nuncius
579 3934 623 4003 dd
638 3928 793 4001 Mariam
818 3926 936 4000 Lucae
960 3938 994 4004 l.
1029 3930 1098 4000 ve·
1254 3942 1342 4016 Tria
1383 3957 1501 4017 putem
1540 3944 1731 4037 praecipue
1765 3941 1826 4017 bie
1858 3945 2142 4020 considerentur,

109 4049 170 4121 nit
189 4045 335 4135 angelus
356 4040 400 4109 ad
422 4034 617 4106 Dominum
643 4031 682 4101 in
706 4054 820 4122 agone
841 4033 887 4101 ad
912 4055 993 4102 eum
1014 4058 1100 4104 ton·
1150 4045 1311 4117 Primum
1346 4046 1559 4118 nominatim
1586 4047 1724 4141 inquit,
1753 4044 1948 4121 Diabolum
1981 4064 2142 4121 autorem

110 4150 326 4223 firmandum
351 4141 468 4213 Lucre
488 4138 550 4212 22·
600 4132 772 4207 Serviunt
792 4134 826 4205 θῑ
854 4146 890 4205 el
912 4134 952 4203 5¹¹
978 4136 1099 4207 defen·
1150 4173 1225 4219 esse
1247 4150 1440 4241 impiarum
1461 4148 1697 4241 opinionum,
1738 4163 1773 4221 et
1795 4150 2006 4225 vitiosarum
2028 4152 2143 4226 tradi-

112 4256 217 4329 cione
247 4244 426 4319 Ecclesiae
461 4239 602 4313 P⁸⁸l¹⁰⁰
626 4237 711 4323 34η
742 4234 870 4309 librae·
890 4238 924 4313 l·
968 4234 1010 4309 1¹¹
1042 4232 1100 4309 Μ’
1150 4253 1309 4333 tionum,
1334 4253 1426 4324 sicut
1440 4253 1485 4323 de
1502 4250 1591 4323 luda
1607 4251 1740 4323 dicitur
1753 4249 1871 4325 Lucae
1882 4254 1964 4329 22:
1993 4252 2142 4329 Satanas

109 4358 219 4429 rebus
231 4348 400 4423 omnibus
415 4343 594 4415 laetantur
606 4339 778 4431 sapientia
795 4353 829 4411 et
845 4339 1005 4411 bonitate
1021 4339 1100 4426 Dei,
1149 4354 1297 4426 intravit
1312 4355 1350 4425 in
1366 4379 1427 4427 tor
1442 4355 1529 4425 effug
1582 4351 1668 4425 Ideo
1693 4379 1773 4427 cum
1796 4356 1947 4447 legimus
1963 4357 2019 4427 vel
2036 4358 2140 4448 audi.

109 4473 145 4533 et
152 4455 269 4528 Deum
284 4450 373 4542 grati
390 4448 568 4518 celebrant
582 4442 717 4534 ingenti
732 4455 767 4513 et
782 4442 1013 4514 inenarrabili
1027 4443 1101 4516 lae·
1149 4481 1231 4529 mus
1254 4459 1392 4529 furore,
1412 4456 1627 4537 Marcionis,
1664 4454 1960 4529 Manichaeorum
1985 4474 2018 4531 ει
2040 4459 2142 4530 simi.

109 4559 211 4644 titia,
249 4570 285 4627 et
305 4553 459 4645 gaudent
479 4570 553 4619 esse
577 4544 664 4617 socii
688 4543 879 4615 ministerii
899 4568 965 4635 pro
987 4545 1101 4617 salute
1150 4560 1259 4644 lium,
1283 4573 1321 4631 η
1335 4557 1640 4651 Anabgpsissicm,
1666 4560 1729 4653 qui
1746 4559 1914 4631 videntur
1927 4585 2002 4634 non
2016 4564 2141 4633 eadm

109 4661 318 4741 bominum,
350 4655 433 4749 quia
457 4652 584 4720 v⁰¹¹¹⁰l
604 4645 720 4718 Deum
744 4641 917 4718 h⁰⁰⁰f⁰³
936 4647 1100 4737 plurimis
1150 4663 1188 4731 in
1212 4656 1393 4743 homines,
1435 4684 1703 4753 expavescamus
1730 4674 1766 4734 et
1786 4662 1938 4734 sciamus
1959 4666 2046 4737 tales
2074 4661 2140 4733 bo·

110 4765 222 4849 affici,
247 4775 282 4832 et
297 4782 362 4828 nos
379 4779 460 4827 vere
479 4750 649 4843 diligunt,
682 4762 718 4821 et
737 4749 861 4821 dolent
883 4750 1015 4821 mullos
1031 4746 1100 4822 ho·
1148 4764 1262 4833 mines
1288 4760 1488 4836 habitacula
1518 4787 1592 4833 esse
1620 4762 1867 4847 diabolorum,
1908 4779 1943 4836 et
1968 4766 2042 4856 regi
2065 4788 2140 4837 non

110 4869 227 4939 mines
253 4864 382 4956 perire.
1149 4880 1297 4937 naturae
1313 4867 1469 4951 vicibus,
1493 4868 1554 4936 sed
1576 4865 1714 4955 impelli
1738 4867 1941 4939 adiabolis.
1992 4866 2048 4938 Sit
2071 4866 2140 4957 igi-

211 4974 352 5054 Dehac
374 4973 582 5063 angelorum
607 4968 776 5060 sapientia
800 4980 834 5038 et
855 4969 989 5041 laetitia
1012 4969 1100 5041 dicit
1149 4983 1208 5040 tnr
1246 4969 1401 5060 precatio
1440 4967 1644 5053 ardentior,
1687 4969 1777 5040 sicut
1809 4965 1987 5039 Dominus
2021 4968 2140 5062 inquit

109 5088 239 5161 Petrus
263 5084 296 5153 1.
323 5079 419 5150 Petri
444 5081 496 5150 t.:
541 5071 643 5162 Quae
672 5071 789 5160 angeli
816 5070 994 5143 intuentes
1025 5073 1099 5141 lae·
1147 5069 1266 5142 Lucae
1290 5073 1377 5142 22:
1425 5066 1557 5155 Orate,
1586 5095 1631 5140 ne
1662 5071 1801 5143 intretis
1824 5071 1861 5138 in
1892 5069 2140 5147 tentationem.

107 5203 246 5264 tantur.
297 5180 428 5255 Contra
450 5198 630 5247 verocum
648 5173 751 5244 malis
767 5173 951 5264 spiritibus
971 5198 1097 5266 magna
1148 5170 1196 5243 Et
1211 5170 1387 5263 Propheta
1411 5173 1531 5268 inquit
1553 5171 1672 5243 Psalm
1700 5172 1801 5245 118.:
1839 5168 1910 5242 Fac
1932 5195 2012 5241 cum
2036 5195 2139 5245 servo

107 5288 302 5365 conamina
323 5284 488 5365 luerunt,
522 5290 806 5361 summersam,
844 5272 1018 5348 Matthaei
1040 5276 1097 5349 4.:
1149 5289 1210 5345 tuo
1228 5278 1422 5346 secundnm
1439 5276 1718 5347 misericordiam
1734 5286 1853 5360 tuam,
1871 5272 2139 5349 etiustificatio·

106 5393 268 5469 Accessit
286 5391 331 5462 ad
347 5412 429 5459 eum
454 5394 618 5457 tentator.
655 5375 703 5453 Et
722 5376 895 5452 lobannis
918 5381 992 5456 leb:
1026 5376 1098 5450 Ve-
1148 5402 1211 5450 nes
1237 5391 1314 5450 tuas
1340 5381 1428 5450 doce
1455 5403 1523 5451 rne.

1437 2275 1576 2389 Caput
1609 2287 1815 2391 quartum.

398 3156 622 3265 Conspectus
649 3158 817 3259 Angelis.
