4522 5782
73 104 170 185 sss*
277 106 381 191 xnt
429 114 466 186 s
481 66 859 192 'conunnrsnu
883 114 936 191 nr
959 104 1947 202 seren-mousonouauosoar.x1v.
2050 99 2188 213 m·

171 278 371 357 =Secnndos
403 281 598 381 Postquam
631 286 868 370 dictumest,
906 312 997 384 quae
1029 291 1076 362 sit
1130 300 1233 367 vocat
1256 308 1395 359 aurum.
1443 279 1519 355 Atti
1539 286 1672 360 addent
1694 289 1859 381 stipulas,
1885 297 1922 369 id
1946 312 2015 387 est,
2042 306 2123 398 opi.

75 408 164 459 scra
183 382 363 472 Ecclesia,
401 388 472 459 iam
496 392 700 460 addendum
730 404 800 470 est,
834 389 926 461 hanc
955 418 1073 462 veram
1127 389 1258 458 niones
1275 390 1539 472 incommodas,
1566 400 1601 456 et
1624 388 1761 477 aliquid
1785 400 1915 468 erroris
1938 397 2121 499 habentes,

75 486 296 573 Ecclesiam,
327 510 417 582 quae
443 504 495 561 est
524 491 667 580 exigua,
701 515 742 561 ae
774 504 911 562 tantum
933 511 1073 565 sancto·
1127 491 1217 560 sient
1234 492 1338 560 initio
1354 490 1470 559 statim
1488 490 1653 560 conditae
1666 509 1750 565 sunt
1763 503 2002 591 ceremoniae,
2029 532 2119 603 quse

12 612 16 619 ·
77 612 180 671 rum,
214 588 370 660 retinere
397 614 516 661 veram
541 593 740 662 doctrinam
765 591 972 683 Evangelii,
1011 620 1072 667 eeu
1125 616 1241 662 secum
1261 605 1442 662 traxerunt
1466 592 1572 662 salsas
1585 592 1787 682 opiniones.

10 736 13 747 ·
79 692 253 764 articulos
273 691 376 775 fidei,
410 693 499 764 sicut
524 691 658 764 Paulus
684 719 761 763 eam
795 712 914 781 vocat,
954 700 1071 768 sedem
1228 693 1276 766 Ut
1300 689 1532 763 Ambrosium
1554 694 1718 765 existimo
1748 721 1821 769 esse
1852 725 1976 774 verum
2004 730 2116 781 mem-

21 812 25 817 “
79 793 252 866 veritatis.
302 791 375 864 Sed
398 789 485 865 haec
509 795 587 890 ipsa
609 819 690 866 vera
710 792 868 867 Ecclesia
885 794 989 871 habet
1005 803 1071 870 do.
1125 795 1228 866 hrum
1245 794 1444 879 Ecclesiae,
1471 796 1501 863 is
1519 808 1636 864 tamen
1663 796 1781 889 inquit
1802 803 1847 871 de
1869 804 2013 877 ieiunio.
2028 836 2115 900 que-

10 910 14 949 .·
79 896 234 969 guium
256 894 344 964 alias
367 897 501 986 magia,
524 897 754 967 aliagminus
778 923 903 989 puram
929 915 963 972 et
989 923 1068 993 per.
1123 899 1356 986 dragesimae:
1384 895 1527 969 Caetera
1546 896 1678 966 ieiunia
1696 914 1779 970 suut
1801 904 2013 989 voluntatis,
2046 906 2113 983 hoe

10 1026 16 1039 ·
80 997 255 1093 spicuam.
320 994 439 1069 Habet
463 1010 497 1070 et
521 1000 633 1069 multa
657 1000 798 1070 infirma
820 1004 997 1087 membra,
1029 1016 1071 1074 ut
1124 999 1338 1071 necessitatis
1359 1012 1421 1069 est.
1487 997 1584 1069 Haec
1613 999 1737 1090 opinio
1761 1017 1811 1074 est
1832 1006 1964 1099 stipula
1990 1012 2111 1085 addita

81 1098 250 1193 Apostoli
271 1112 372 1169 erant
388 1095 566 1190 Ecclesia,
593 1123 657 1170 nec
682 1114 800 1172 tamen
823 1102 1070 1195 intelligebant
1122 1103 1303 1172 doctrinae
1322 1100 1415 1172 fidei.

80 1217 162 1273 ante
175 1197 310 1273 Christi
327 1202 642 1287 resurrectionem,
667 1202 771 1294 quale
794 1219 882 1275 esset
907 1208 1067 1276 futurum
1223 1201 1293 1273 Sed
1320 1199 1477 1270 Basilius
1500 1199 1638 1273 addidit
1661 1200 1912 1293 Monosticen,
1938 1224 2107 1306 tanquam

80 1320 229 1395 regnum
246 1297 394 1376 Christi.
445 1301 570 1373 Petrus
592 1309 696 1373 etiam
720 1319 799 1394 post
813 1308 935 1377 datum
951 1305 1067 1400 Spiri-
1121 1302 1288 1394 stipulas,
1314 1316 1349 1372 et
1369 1304 1490 1373 laudat
1514 1298 1582 1371 hoc
1602 1324 1713 1392 genus
1735 1307 1828 1375 vitae
1852 1309 2052 1384 immodicis
2075 1331 2109 1389 et
2238 1332 2241 1337 '

14 1496 17 1501 .
80 1420 155 1479 tntu
181 1417 345 1474 sanctum
373 1399 491 1473 adhuc
520 1404 800 1493 imaginabatur,
825 1409 943 1480 cultus
978 1412 1066 1500 legis
1119 1405 1216 1474 salsis
1237 1404 1453 1496 praeconiis,
1491 1428 1570 1473 cum
1600 1405 1744 1494 quidem
1774 1409 1820 1478 ab
1841 1407 2019 1506 Episcopo
2042 1441 2107 1487 suo

78 1505 296 1577 necessarios
311 1528 404 1590 esse,
429 1509 490 1575 sed
509 1508 554 1575 de
576 1506 676 1575 coelo
693 1509 917 1596 admonitus,
941 1512 1068 1583 didicit
1120 1504 1449 1597 reprehenderetur.
1508 1502 1613 1593 Quod
1630 1520 1747 1576 autem
1765 1512 1900 1583 nonsit
1918 1514 1994 1585 lere
2011 1534 2107 1591 erra·

78 1628 227 1699 regnum
251 1600 387 1676 Christi
406 1630 480 1677 non
506 1630 580 1679 esse
602 1609 761 1700 politiam
779 1608 981 1701 Iudaicam,
1006 1616 1067 1685 sed
1120 1622 1215 1694 tum,
1248 1609 1433 1679 instituere
1453 1629 1565 1675 novos
1587 1606 1722 1692 cultus,
1754 1632 1857 1701 saepe
1878 1632 1999 1688 monet
2019 1620 2106 1689 scri·

77 1710 195 1782 cultus
209 1706 412 1798 spirituales
426 1732 466 1780 ac
481 1723 689 1801 perpetuos,
714 1706 793 1781 Act.
808 1715 846 1786 9.
1121 1722 1239 1798 ptura,
1267 1725 1301 1780 et
1318 1710 1402 1779 satis
1419 1708 1589 1795 significat
1608 1703 1693 1777 baec
1708 1733 1778 1779 nna
1794 1717 1985 1787 sententia:
2013 1717 2044 1789 F
2044 1745 2105 1792 ru·

176 1807 306 1880 Postea
337 1808 477 1881 incoata
509 1810 772 1903 praedicatione
802 1812 1067 1903 Apostolorum,
1117 1825 1188 1881 stra
1207 1813 1330 1882 colunt
1352 1836 1408 1879 me
1430 1809 1605 1880 mandatis
1629 1804 1827 1882 hominnm.
1880 1812 2000 1890 Grave
2024 1845 2104 1910 pec·

76 1912 219 1985 lucebat
254 1910 293 1979 in
322 1910 409 2003 ipsis
439 1913 601 1985 doctrina
631 1938 718 2006 pura
742 1928 777 1984 et
799 1918 1000 2007 perspicua,
1030 1932 1065 1988 et
1118 1928 1233 1984 catum
1270 1928 1322 1985 est
1361 1924 1482 1982 contra
1519 1913 1673 2000 primum
1709 1931 1950 2006 praeceptum,
1989 1923 2105 1995 cultus

77 2028 196 2085 tamen
220 2011 355 2083 interea
377 2028 480 2086 erant
508 2016 614 2086 multi
647 2015 803 2106 irrl'trmi,
842 2018 906 2110 qui
927 2020 1063 2089 tametsi
1118 2040 1191 2084 non
1219 2017 1402 2085 mandatos
1434 2037 1454 2081 a
1483 2009 1560 2081 Deo
1591 2011 1775 2083 instituere
1804 2032 1865 2086 aut
1895 2024 2103 2109 approbare.

76 2128 290 2187 esoetrtvera
305 2117 462 2185 membra
478 2112 677 2203 Ecclesiae,
702 2130 736 2187 et
751 2131 911 2189 tenerent
929 2122 1062 2191 articu-
1117 2117 1206 2187 Nam
1233 2118 1387 2209 primum
1411 2128 1653 2206 praeceptum,
1677 2138 1756 2184 curn
1779 2112 1947 2209 prohibet
1966 2124 2102 2196 alienos

76 2216 249 2302 losbdei,
272 2228 391 2286 tamen
413 2217 550 2311 aliquid
571 2221 750 2289 addebant
771 2221 918 2306 erroris,
944 2222 1061 2315 utqui
1115 2219 1243 2291 cultus.
1927 2256 1932 2262 ·

10 2334 12 2343 '
74 2319 312 2391 observabant
330 2318 446 2390 cultus
467 2321 572 2414 legis,
610 2345 676 2390 nec
703 2322 787 2393 satis
814 2322 1061 2412 intelligebant
1217 2317 1419 2414 Cyprianus
1442 2329 1543 2405 urget
1566 2341 1697 2407 poenas
1718 2320 1922 2406 canonicas,
1950 2347 2102 2418 quarum

74 2419 341 2510 abrogationem
356 2420 443 2510 legis
456 2437 489 2491 et
504 2445 605 2492 veros
620 2422 748 2493 cultus.
788 2421 857 2493 Hic
871 2449 971 2496 error
986 2449 1061 2495 uon
1115 2439 1199 2492 tunc
1213 2436 1286 2494 erat
1302 2442 1404 2504 usus,
1429 2435 1463 2489 et
1479 2420 1665 2490 confirmat
1678 2422 1883 2510 opiniones,
1907 2428 2009 2517 quasi
2028 2429 2100 2500 sint

75 2535 148 2594 erat
161 2521 274 2607 levis,
300 2534 336 2593 et
357 2523 512 2613 aliquam
531 2524 717 2614 caliginem
746 2525 955 2597 offundebat
976 2528 1060 2598 arti·
1116 2522 1349 2607 necessariae,
1386 2535 1420 2591 et
1450 2535 1594 2613 propter
1618 2545 1676 2591 eas
1699 2523 1925 2594 remittantur
1946 2545 2099 2618 peccato,

76 2624 166 2695 tulis
195 2622 300 2696 fidei·
364 2624 416 2693 lta
440 2619 603 2696 Christus
630 2627 805 2718 praedicit
833 2630 878 2698 de
905 2625 1062 2698 Ecclesia
1113 2628 1292 2697 interdum
1315 2623 1435 2716 inquit
1458 2622 1719 2692 absolutionem
1740 2624 1816 2693 sine
1838 2626 1909 2694 illis
1933 2629 2098 2703 inutilem

72 2725 243 2819 postremi
259 2725 449 2814 temporis,
465 2728 601 2799 laturas
617 2751 760 2819 magnas
775 2732 957 2816 tenebras,
973 2756 1062 2825 quae
1114 2753 1197 2798 esse.
1248 2727 1410 2798 Fortasse
1424 2724 1596 2794 sentiebat
1609 2726 1847 2806 commodius,
1870 2752 1976 2819 quam
1993 2732 2096 2803 locu·

73 2827 178 2899 stiam
202 2826 338 2903 electos,
352 2827 566 2919 impedient,
601 2853 671 2924 quo
700 2831 819 2903 misus
846 2855 971 2923 puram
996 2837 1061 2903 do·
1114 2845 1263 2915 tuaest,
1299 2843 1416 2899 tamen
1447 2825 1502 2894 itti
1530 2849 1666 2895 errores
1691 2851 1764 2896 non
1787 2843 1870 2898 sunt
1891 2831 2006 2916 leves,
2036 2837 2101 2905 sed

74 2928 225 3003 minam
243 2926 399 2998 habituri
417 2928 500 3003 sint.
1113 2935 1305 3001 admodum
1338 2931 1466 2996 densae
1497 2927 1675 3016 stipulae,
1713 2929 1942 3000 obscurantes
1972 2957 2097 3024 puram

174 3027 302 3101 Manet
317 3028 426 3117 igitur
441 3031 559 3123 aliqua
572 3053 654 3100 vera
669 3027 843 3114 Ecclesia,
869 3058 960 3129 quae
977 3037 1060 3107 reti·
1114 3035 1311 3104 doctrinam
1328 3033 1371 3099 de
1388 3028 1568 3099 beneficiis
1582 3023 1732 3115 Christi,
1761 3043 1794 3100 et
1811 3033 1855 3099 de
1871 3032 1950 3104 bde.
2106 3040 2109 3045 '

72 3131 316 3209 astarticulos
329 3132 429 3213 bdei,
455 3136 516 3203 sed
534 3133 714 3202 interdum
735 3134 856 3204 minus
876 3161 1001 3229 puros,
1027 3152 1062 3209 et
1215 3134 1328 3204 Porro
1346 3156 1449 3222 saepe
1465 3130 1652 3219 scriptores
1669 3132 1889 3202 commodius
1913 3150 2099 3209 senserunt

73 3236 278 3309 Questus
320 3234 500 3327 aliquibus
544 3234 779 3305 incommodis
819 3239 1061 3328 opinionibus,
1112 3262 1217 3331 quam
1235 3237 1444 3331 loquuntur,
1470 3232 1551 3325 quia
1572 3232 1887 3325 pleriqneiuerunt
1903 3238 2096 3308 admodum

71 3350 115 3419 ,tt
128 3332 347 3413 habentibus
362 3336 505 3431 aliquid
528 3339 671 3411 erroris.
721 3335 775 3408 Ac
796 3338 925 3432 loquor
944 3337 1060 3412 adhue
1113 3341 1324 3408 indicendo
1359 3337 1572 3423 negligentes
1595 3349 1627 3404 et
1650 3335 1863 3427 improprii,
1905 3351 1938 3407 et
1965 3339 2097 3411 multas

73 3440 118 3511 de
138 3437 234 3509 reris
257 3432 436 3507 Ecclesiae
457 3438 645 3520 membris,
679 3451 713 3508 et
734 3442 883 3528 sanctis,
916 3446 1060 3514 nonde
1110 3441 1302 3510 sententias
1316 3463 1355 3507 ac
1371 3436 1697 3527 formulasavulgo
1713 3451 1938 3518 mutuantur,
1959 3439 1996 3507 in
2014 3442 2096 3533 qui·

73 3540 171 3623 aliis,
204 3538 424 3632 qui'amissa
450 3539 528 3609 luce
557 3539 659 3608 verbi
690 3540 858 3614 amittunt
885 3543 1058 3635 Spiritum
1110 3546 1176 3614 hus
1199 3542 1333 3635 aliquid
1358 3541 1447 3608 inest
1468 3560 1645 3622 errorum,
1680 3553 1720 3607 ut
1739 3563 1868 3609 nomen
1887 3541 2097 3612 satisfactio·

71 3656 252 3727 sanctum,
277 3654 313 3710 et
328 3655 527 3733 sequuntur
545 3640 695 3711 rationis
714 3643 904 3726 iudicium,
928 3661 962 3716 et
977 3672 1056 3716 cum
1111 3669 1197 3715 num
1219 3644 1327 3714 sumit
1352 3640 1575 3727 Atrgttstinus
1597 3664 1616 3706 n
1641 3641 1766 3728 vulgo,
1800 3642 1936 3711 etiamsi
1959 3666 2096 3712 errores

71 3756 198 3835 putem
210 3766 249 3813 se
264 3744 458 3813 admodum
475 3743 532 3835 pia
556 3745 713 3826 tradere,
739 3745 863 3817 dicunt
883 3747 998 3817 aliena
1025 3763 1059 3818 et
1110 3751 1154 3817 de
1179 3744 1477 3815 satisfactionibus
1504 3741 1618 3830 palam
1644 3737 1882 3832 reprehendit.
1933 3740 2095 3837 Torquet

70 3844 197 3937 impis.
245 3842 344 3917 Sicut
360 3868 455 3914 ntrnc
477 3869 620 3937 quoqne
643 3846 746 3915 multi
770 3862 854 3918 sunt
877 3866 1055 3940 praestan·
1109 3874 1146 3920 se
1171 3849 1210 3918 in
1235 3842 1300 3915 hac
1324 3844 1497 3913 sententia
1524 3843 1807 3933 interpretanda:
1834 3840 1954 3913 Omne
1971 3869 2094 3934 pecca·

72 3946 319 4029 tesdortrina,
345 3946 451 4016 bonis
473 3947 650 4031 moribus,
674 3949 788 4037 specie
810 3951 966 4038 pietatis,
993 3954 1054 4044 qui
1109 3967 1183 4023 tum
1201 3962 1251 4020 est
1267 3945 1528 4025 voluntarium,
1551 3944 1614 4012 ubi
1631 3945 1785 4034 disputat
1803 3947 1846 4013 de
1865 3958 2004 4035 peccato
2019 3947 2094 4015 ori·
2169 3962 2181 4006 .·

72 4048 239 4121 sidentur
252 4047 321 4118 sibi
333 4047 551 4117 sanctissima
573 4047 709 4133 dicere,
735 4074 814 4118 cum
841 4053 967 4141 procul
991 4056 1056 4142 ab·
1107 4052 1218 4144 ginis,
1243 4075 1322 4120 cnm
1338 4061 1456 4116 tamen
1473 4046 1645 4116 sententia
1664 4047 1711 4118 sit
1732 4046 1836 4117 civile
1859 4048 2013 4132 dictum,
2047 4049 2093 4118 de

72 4151 142 4224 sint
163 4178 186 4223 a
208 4172 290 4219 sera
312 4151 410 4234 luce,
435 4142 503 4219 hoc
526 4163 594 4235 est,
619 4172 639 4218 a
657 4173 740 4220 vero
759 4152 942 4224 intellectu
957 4159 1055 4226 verbi
1108 4153 1262 4233 externis
1277 4151 1414 4220 delictis
1432 4148 1613 4220 traditum.

70 4252 151 4325 Dci-
202 4250 257 4322 De
280 4253 410 4321 talibus
433 4252 594 4322 nondum
617 4249 763 4345 loquor,
797 4278 918 4324 verum
941 4253 1057 4329 adhuc
1210 4253 1269 4325 Sic
1284 4265 1412 4321 vocant
1433 4274 1577 4320 coenam
1594 4247 1740 4317 Domini
1761 4248 1997 4335 oblationem,
2024 4276 2092 4342 po·

70 4368 209 4429 uotum
238 4354 277 4423 fit
307 4352 442 4423 mentio
469 4351 514 4421 de
545 4353 639 4421 veris
668 4356 838 4424 memhris
867 4352 1057 4446 Ecclesiae,
1110 4356 1184 4446 puli
1210 4380 1328 4439 more,
1368 4378 1446 4422 cum
1479 4375 1552 4419 non
1582 4351 1625 4419 sit
1656 4350 1817 4419 instituta
1846 4352 1997 4438 oblatio,
2030 4356 2092 4424 sed

70 4480 158 4553 qnae
175 4478 302 4545 magna
317 4479 358 4525 es
374 4466 472 4546 parte
485 4467 568 4522 sunt
585 4454 736 4529 infirma.
1108 4456 1272 4531 Christus
1285 4459 1358 4546 ipse
1374 4454 1480 4522 luerit
1497 4455 1677 4533 sacerdos,
1703 4451 1854 4522 offerens
1870 4454 2091 4531 sacrificium.

173 4556 235 4630 Sic
268 4558 378 4648 igitur
412 4555 530 4648 inquit
563 4553 721 4630 Paulus:
769 4556 1055 4630 Fundamentum
1110 4559 1163 4631 Ac
1185 4585 1230 4629 ne
1251 4560 1354 4629 fiebat
1381 4556 1525 4644 quidem
1549 4554 1634 4620 olim
1661 4553 1698 4620 in
1729 4556 1929 4625 ceremonia
1960 4579 2089 4626 coenae

70 4660 168 4731 alind
193 4682 298 4728 nemo
322 4673 433 4746 potest
455 4680 607 4748 ponere,
637 4673 774 4747 praeter
790 4661 825 4728 id
845 4665 940 4754 quod
962 4665 1055 4754 posi·
1109 4663 1243 4732 oblatio
1260 4658 1418 4747 corporis
1438 4669 1471 4725 et
1493 4654 1694 4741 sanguinis,
1717 4657 1778 4723 sed
1803 4671 1885 4728 ante
1907 4681 2090 4727 consecra·

69 4776 144 4837 torn
164 4774 232 4834 est.
285 4760 355 4831 Sed
377 4738 468 4829 alius
491 4759 755 4849 superaedificat
784 4786 930 4846 aarum,
966 4766 1057 4834 alins
1109 4766 1242 4836 tionem
1262 4760 1628 4846 offerebanturpanes
1654 4770 1688 4825 et
1709 4757 1799 4826 aliae
1821 4783 1895 4842 res,
1925 4772 2090 4828 etsacer-

68 4862 227 4955 iignum,
266 4861 414 4953 stipulas
435 4875 501 4934 etc.
573 4858 860 4933 Fundamentum
891 4865 1056 4955 intelligit
1108 4870 1172 4935 dos
1188 4866 1325 4934 dicebat
1339 4886 1375 4931 se
1390 4860 1518 4929 offerre
1536 4880 1675 4949 preces,
1699 4859 1891 4946 gratiarum
1904 4860 2090 4940 actionem,

69 4966 238 5047 articulos
252 4965 356 5049 bdei,
381 4957 449 5031 hoc
463 4974 533 5046 cst,
558 4983 732 5030 summam
749 4965 931 5034 doctrinae
947 4962 1056 5037 Chri·
1109 4982 1142 5037 et
1159 4980 1272 5037 totum
1288 4964 1441 5042 cultum,
1469 4959 1533 5054 qui
1556 4960 1608 5027 ibi
1631 4958 1707 5028 fieri
1730 4961 1830 5033 solet.
1872 4957 1956 5031 ¹Etsi
1983 4960 2091 5050 igitur

69 5069 224 5154 stianae,
258 5079 295 5136 et
319 5064 517 5135 doctrinam
539 5065 585 5132 de
609 5063 789 5134 beneficiis
811 5062 964 5151 Christi,
996 5073 1056 5139 sed
1109 5069 1243 5140 oblatio
1265 5090 1339 5136 non
1358 5087 1433 5135 uno
1452 5063 1559 5131 modo
1582 5061 1758 5131 intellecta
1780 5061 1867 5145 luit,
1893 5075 2009 5132 tamen
2026 5086 2090 5153 po·

67 5172 114 5241 sd
136 5166 250 5254 banc,
282 5167 419 5258 inquit,
457 5166 591 5235 addent
618 5164 680 5233 alii
708 5167 834 5237 utilem
858 5170 1056 5240 doctrinam
1110 5186 1181 5241 stea
1197 5192 1328 5239 nornen
1351 5169 1530 5238 detortum
1553 5175 1604 5232 est
1618 5164 1663 5231 ad
1685 5163 1904 5234 oblationem
1921 5163 2091 5257 eorporis,

68 5287 104 5343 et
119 5269 406 5363 explicationem,
422 5280 457 5337 et
470 5289 571 5336 veros
587 5265 703 5335 cultus
723 5268 939 5360 spirituales:
972 5266 1060 5343 haec
1110 5274 1205 5344 unde
1220 5271 1329 5343 secuti
1345 5281 1427 5342 sunt
1444 5267 1603 5355 ingentes
1619 5263 1761 5341 abusus,

119 5378 304 5446 Μιωη.
331 5374 441 5465 Orsa.
483 5372 567 5438 Vns
591 5371 670 5440 XV.
1429 5366 1480 5440 47
