4522 5782
88 198 135 278 tt
200 200 306 281 rna
353 205 392 284 a.
424 194 788 280 conuanraau
814 197 867 276 nv
887 196 1049 279 uersu.
1073 196 1224 278 aanor
1248 185 1318 275 aa
1343 195 1607 279 nouenos.
1658 199 1765 283 cae.
1790 198 1875 282 vn.
1990 146 2069 275 aas
2197 154 2200 161 “

93 377 230 451 securis
243 389 279 450 et
298 375 422 449 otiosis
436 370 621 469 Epicureis
636 387 697 446 ant
712 366 911 444 Plrarisaeis
932 370 1026 442 nulli
1078 365 1213 460 Quales
1233 383 1317 447 sunt
1341 396 1415 442 non
1448 373 1557 453 modo
1580 327 1804 468 hypocritae,
1836 397 1990 470 quorum
2012 386 2066 447 est
2170 409 2173 418 ·

88 495 121 555 ot
136 496 307 561 terrores,
333 503 409 549 non
424 494 476 552 est
491 475 625 568 agnitio
640 475 787 568 peccati.
838 473 1026 546 lntalibus
1077 473 1255 566 inculpata
1273 475 1366 561 vita,
1391 477 1451 547 sed
1468 475 1573 547 ctiam
1589 477 1718 570 sancti,
1741 491 1781 549 ut
1796 473 1930 560 Esaias,
1958 477 2064 549 loan-
2170 470 2176 479 ’

88 596 214 656 :cetum
228 595 280 654 est
303 595 504 665 mortuum,
528 579 650 662 idest,
677 600 752 647 non
774 576 1026 669 perterrefacit,
1077 598 1139 644 nes
1155 573 1312 668 Baptista
1329 591 1394 649 etc.
1446 575 1500 650 De
1522 573 1578 648 bis
1601 579 1799 672 quaeritur,
1825 604 1871 650 an
1893 604 1967 652 non
1992 580 2065 651 siut

88 685 297 778 aopprimit
310 708 369 755 eos
385 681 580 755 terroribus
594 694 628 750 ει
650 702 756 750 sensu
778 679 1027 765 damnationis,
1076 677 1153 767 lege
1177 677 1286 751 iusti?
1318 675 1376 750 An
1397 679 1453 748 lex
1476 704 1551 751 non
1575 681 1688 773 prosit
1712 683 1761 753 eis
1776 684 1820 752 ad
1839 684 1967 769 vitam,
1995 678 2064 752 boc

87 786 122 860 iu¹
134 811 211 859 non
225 781 744 870 sentiuutseaccuaarialege.
1077 792 1150 865 est,
1190 783 1233 850 ad
1266 782 1510 853 remissionem
1544 796 1767 873 peccatorum
1793 798 1826 855 et
1856 784 2064 854 vivificatio·

137 890 198 960 Ad
212 889 405 959 secuudum
425 887 574 979 gradum
592 883 771 976 pertinent
787 881 833 967 ii,
862 880 1024 975 quisunt
1076 881 1185 950 nem?
1216 879 1285 951 Hic
1302 880 1434 954 Paulus
1456 886 1662 976 respondet:
1691 885 1768 954 lmo
1790 887 1910 980 inquit
1931 886 1986 956 lex
2012 900 2065 958 εει

94 991 192 1062 veris
213 990 438 1075 terroribus,
452 988 573 1082 quales
596 985 846 1055 describuntur
861 1006 963 1074 saepe
985 984 1023 1052 iu
1077 982 1283 1075 spiritualis,
1298 1007 1362 1073 ego
1380 1001 1494 1057 autem
1511 986 1673 1072 carnalis,
1687 989 1789 1081 quasi
1803 989 1914 1060 dicat:
1942 987 2064 1081 Neque

88 1093 205 1178 tlmis,
231 1090 326 1167 Psal.
342 1091 419 1162 aa:
444 1089 526 1160 Non
544 1101 595 1159 est
610 1087 743 1158 sanitas
759 1085 797 1154 in
813 1109 917 1156 carne
935 1109 1024 1171 mea,
1076 1106 1158 1174 ego,
1183 1110 1298 1179 neque
1316 1087 1501 1181 quisquam
1521 1089 1591 1178 legi
1608 1089 1794 1178 satisfacit,
1822 1089 1916 1179 Quia
1934 1089 1989 1159 lex
2014 1103 2065 1160 est

88 1195 165 1267 'acie
190 1194 265 1265 irae
285 1206 378 1270 tuae.
442 1189 525 1265 Non
547 1203 598 1261 est
619 1212 686 1280 pax
708 1188 847 1288 ossibus
867 1187 1024 1271 meis,a
1075 1186 1290 1277 spiritualis,
1320 1188 1358 1259 id
1383 1204 1452 1277 est,
1477 1192 1663 1284 requirens
1680 1192 1901 1284 spiritualem
1926 1205 1960 1262 ει
1982 1215 2064 1283 per-

88 1297 121 1368 ie
154 1310 378 1388 peccatorum
414 1316 587 1367 meorum.
652 1286 701 1360 Et
732 1287 854 1359 Esaias
886 1288 1022 1383 inquit:
1075 1289 1201 1360 lectam
1224 1289 1481 1379 obedientiam,
1515 1317 1622 1387 quam
1648 1317 1723 1364 non
1753 1305 1906 1387 praestat
1935 1306 2063 1365 natura
2161 1329 2168 1345 ι

88 1411 137 1470 art
167 1399 225 1468 leo
248 1396 416 1469 contrivit
444 1395 564 1467 omnia
592 1412 670 1463 ossa
700 1413 790 1464 mea.
865 1388 907 1460 ln
930 1386 1024 1462 hanc
1076 1391 1239 1466 carnalis.

88 1500 246 1572 tteutiam
276 1499 391 1573 dixit:
431 1496 608 1567 Veniente
641 1494 718 1584 lege
752 1506 934 1585 peccatum
968 1516 1024 1562 re-

88 1603 149 1688 tt,
174 1603 212 1672 id
235 1616 304 1686 est,
329 1601 397 1672 fuit
419 1599 539 1670 efficax
556 1597 599 1667 ad
617 1594 842 1703 incutiendos
859 1608 1024 1686 terrores,
1077 1627 1164 1722 quid
1188 1644 1288 1700 voce,
1318 1631 1512 1721 spirituale·
1577 1629 1743 1725 opponit
1774 1636 1869 1706 enim
1897 1633 2063 1726 popilien

88 1702 489 1822 tentumdfflflssdllwl‘·
644 1799 653 1818 .
851 1798 899 1817 ..
1077 1753 1139 1802 seu
1164 1745 1329 1802 externae
1352 1733 1583 1824 disciplinae,
1622 1759 1713 1829 quae
1740 1753 1888 1808 vocatur
1911 1735 2062 1806 carnalis

136 1806 196 1876 Ad
223 1819 368 1877 tertium
390 1805 540 1896 gradum
564 1812 764 1895 pertinent,
800 1822 861 1892 qur
888 1823 926 1867 ιιι
950 1811 1024 1870 ιεε-
1077 1832 1264 1922 disciplpn,
1295 1849 1328 1906 ,p
1350 1835 1509 1918 iusticia,

88 1909 180 1980 ‚ibus
197 1909 394 1996 eriguntur.
447 1903 573 1975 Manet
589 1903 685 1971 enim
702 1897 770 1972 hoc
786 1915 964 1971 certamen
985 1901 1025 1969 in

88 2034 125 2096 ε,
150 2023 193 2081 ut
207 2010 295 2079 fides
308 2010 463 2079 luctetur
481 2029 562 2076 cum
587 2005 798 2094 pavoribus:
833 2003 914 2072 ideo
930 1999 1026 2072 Pau-

88 2136 221 2183 ⁵⁸¹¹¹¹¹⁰
245 2110 444 2202 “emplum
467 2107 655 2200 Pr⁰l³⁰¹ffl³
682 2120 722 2177 ut
736 2103 937 2176 ”nivem
954 2101 1025 2174 Ec’
1077 2139 1146 2208 lem
1163 2139 1424 2225 obedientiam,
1450 2142 1572 2220 idest,
1599 2142 1798 2233 spirituales
1813 2157 1951 2229 motus,
1978 2142 2063 2213 illu-

89 2207 602 2333 ⁸i³mqeh⁰⁰⁸3⁰¹²ed⁰⁰²³h
869 2304 879 2325 ,
932 2290 935 2296 -
1077 2253 1186 2309 strem
1208 2242 1425 2332 agnitionem
1440 2242 1528 2328 Dei,
1558 2244 1944 2330 timorem,fiduciam,
1971 2244 2063 2315 dile·
2097 2311 2114 2321 ,

139 2314 298 2405 Q¹¹¹d³¹¹¹
329 2312 469 2404 fingunt
490 2310 643 2383 Paulum
675 2331 749 2378 '¹⁰¹¹
779 2307 880 2400 ¹⁰q⁰¹
905 2306 949 2375 ἀρ
971 2327 1026 2376 ‘e‘
1078 2343 1231 2412 ctionem
1253 2342 1339 2427 Dei,
1365 2359 1399 2416 et
1431 2345 1520 2415 alios
1540 2361 1657 2418 motus
1685 2349 1764 2437 pios
1794 2350 1957 2418 ardentes
1986 2346 2062 2415 sine

88 2417 446 2538 '⁰’,⁸‘dd⁰l'⁸‘⁸⁰¹¹³
470 2414 620 2534 {licum
641 2410 755 2502 impii·
814 2407 912 2515 Haec
933 2407 1024 2481 Μ’
1078 2446 1374 2540 concupiscentia.
1425 2446 1520 2536 Quia
1543 2472 1627 2517 vero
1653 2472 1715 2520 cor
1740 2443 1898 2520 hominis
1920 2457 2064 2517 nonest

88 2535 173 2592 tatto
197 2533 316 2612 aperte
339 2520 486 2589 refutari
513 2526 629 2606 potest
658 2535 722 2604 per
746 2510 904 2602 exempla
925 2508 1026 2579 Psel-

88 2646 195 2694 rrum.
248 2620 286 2694 Si
303 2620 396 2691 enim
420 2617 646 2688 concedimus
662 2612 835 2685 Davidem
856 2612 926 2682 hoc
947 2612 1025 2703 ipso

88 2727 215 2796 >dode
239 2747 311 2792 sese
335 2721 455 2815 loqui,
488 2742 552 2790 cur
573 2717 669 2788 idem
695 2739 769 2785 non
793 2715 1026 2786 concedamus

113 2824 250 2897 Paulo?
291 2820 338 2896 Et
367 2823 552 2916 utriusque
576 2819 776 2909 exemplum
804 2816 1025 2910 propositum

88 2944 117 3015 t,
148 2941 190 2997 ut
213 2941 361 2996 testetur
385 2925 450 2996 ista
474 2925 524 2993 sic
550 2921 646 3012 geri,
672 2933 706 2989 et
727 2919 802 2989 fieri
826 2919 1027 2989 incaeteris

88 3031 123 3105 is.
185 3026 228 3098 ln
252 3029 322 3098 tine
347 3026 473 3117 repetit
494 3023 626 3094 Paulus
650 3021 937 3103 translationem,
968 3019 1027 3089 in-

88 3133 188 3216 iens,
214 3129 342 3219 Legem
366 3131 478 3219 ipsam
496 3150 570 3195 non
598 3146 671 3193 esse
696 3124 843 3208 malam,
878 3123 937 3193 sed
960 3145 1028 3191 no-

88 3258 153 3305 um
171 3231 374 3325 peccatum,
400 3231 496 3323 qnod
514 3229 569 3297 lex
585 3226 735 3297 offendit
751 3239 785 3297 et
800 3238 948 3312 accusat,
975 3238 1028 3296 est

88 3360 147 3408 asa
162 3350 340 3405 terrorum
357 3349 390 3405 et
406 3328 656 3401 damnationis.
681 3382 687 3389 .

145 3436 347 3526 Diligenter
370 3449 488 3506 autem
511 3427 597 3502 baec
623 3427 794 3521 particula
808 3428 1028 3499 observanda

88 3557 113 3627 t,
138 3542 235 3634 quod
258 3540 324 3610 ait:
358 3536 407 3610 Ut
430 3548 607 3628 peccatum
631 3535 691 3602 fiat
715 3531 925 3603 excellenter
946 3555 1028 3624 pec·

88 3658 170 3715 tum.
205 3637 270 3711 Est
287 3653 402 3710 autem
421 3634 508 3707 haec
522 3635 713 3706 sententia:
739 3630 876 3703 Peccati
892 3633 1027 3722 magni-

88 3749 130 3815 do
153 3767 229 3813 non
256 3743 413 3812 cernitur
437 3741 481 3809 ab
504 3739 627 3808 otiosis
650 3750 683 3806 et
706 3736 858 3821 securis,
884 3750 924 3809 ut
948 3750 1028 3806 tan-

1079 1947 1215 2006 tantum
1238 1937 1400 2006 doctrina
1422 1938 1584 2028 politica,
1610 1939 1647 2008 id
1673 1953 1744 2026 est,
1768 1941 1826 2011 cui
1848 1953 1990 2012 externa
2005 1939 2062 2008 di-

1078 2661 1113 2718 ει
1126 2672 1208 2719 vere
1223 2651 1511 2740 perterrefaciens
1525 2654 1643 2727 corda.

1092 2833 1103 2844 ·
1177 2781 1305 2856 Aliena
1322 2802 1372 2858 εει
1389 2788 1497 2876 igitur
1510 2790 1554 2857 ab
1570 2784 1637 2859 hoc
1657 2789 1750 2858 dicto
1767 2785 1870 2858 Pauli
1889 2789 2062 2878 interpre-

1078 2887 1165 2958 tatio
1181 2883 1369 2978 Origenis,
1395 2904 1430 2960 ει
1443 2890 1633 2975 similium,
1659 2892 1721 2982 qni
1739 2891 1922 2982 spirituale
1937 2903 2062 2981 putant

1078 2990 1275 3079 siguificare
1309 2991 1402 3059 idem
1436 2994 1531 3082 qttod
1558 2993 1800 3082 allegoricum.
1873 2989 1919 3063 Et
1941 3004 2062 3085 postea

1078 3105 1188 3163 totam
1206 3092 1319 3182 legem
1335 3106 1471 3162 tanturn
1488 3093 1690 3190 intelligunt
1709 3117 1782 3163 esse
1799 3095 1996 3163 doctrinam
2014 3093 2062 3163 de

1079 3194 1233 3266 externis
1256 3195 1434 3277 moribus,
1472 3207 1507 3264 et
1529 3208 1653 3284 putant
1677 3218 1777 3287 posse
1801 3195 1869 3282 legi
1889 3194 2062 3264 satisfieri.

1079 3296 1150 3368 Sed
1169 3320 1235 3365 uos
1250 3291 1443 3366 antithesin
1461 3309 1663 3389 teneamus,
1688 3299 1784 3391 quod
1800 3297 1980 3388 spirituale
1997 3322 2063 3388 op·

1080 3411 1187 3490 ponat
1202 3412 1363 3468 externae
1380 3398 1599 3489 disciplinae,
1626 3424 1716 3494 quae
1731 3413 1781 3468 est
1795 3399 1945 3469 carnalis
1960 3400 2062 3467 iusti-

1079 3501 1158 3584 cia,
1199 3524 1273 3569 non
1297 3500 1517 3591 spiritualis:
1563 3502 1646 3593 quia
1679 3500 1862 3593 spirituale
1890 3501 2063 3590 significat

1079 3616 1197 3672 motus
1220 3617 1359 3693 agentes
1380 3626 1460 3672 cum
1485 3600 1571 3673 Deo.
1629 3602 1726 3674 Haec
1749 3603 1859 3693 igitur
1878 3599 2063 3674 antithesis

1080 3704 1231 3774 mvrltum
1254 3704 1343 3774 locis
1364 3704 1485 3789 addit,
1512 3730 1591 3774 cum
1608 3702 1896 3798 interpretamur,
1924 3704 1995 3776 Lex
2011 3720 2064 3776 εει

88 3870 154 3940 per
173 3847 260 3916 dum
277 3841 391 3913 David
411 3856 484 3912 erat
502 3841 616 3911 otioso
632 3839 771 3925 animo,
796 3860 870 3907 non
886 3838 1029 3920 videbat
1079 3806 1293 3926 ⁵Plfl¹¹¹³¹l⁸3
1315 3808 1354 3923 fd
1380 3818 1454 3901 ⁰⁵¹³,
1482 3831 1555 3913 ΜΠ
1579 3822 1716 3877 limum
1740 3807 1907 3927 P⁰llll⁰³3
1928 3807 1988 3877 Sed
2007 3832 2062 3876 ²0·

88 3973 149 4017 ram
164 3944 523 4018 horribilisresesset
548 3954 751 4034 peccatum,
778 3939 860 4034 quia
884 3962 1028 4013 securus
1079 3930 1224 4028 ‘1¹{¹¹²¹¹³
1240 3908 1458 4027 5P¹f¹¹¹¹³¹e¹¹¹
1475 3922 1509 3981 ‘¹
1524 3910 1712 4001 Perfeclam
1729 3912 1977 3979 ⁰b⁸d¹⁰¹¹l¹³¹¹b
2016 3907 2064 3980 Et

88 4050 183 4120 timus
198 4073 273 4118 non
289 4045 532 4120 statuitDeum
550 4068 630 4112 vere
645 4042 746 4111 irasci
764 4055 916 4132 peccato,
929 4067 1028 4113 cum-

88 4176 116 4222 „
130 4154 290 4222 „ongum
308 4149 436 4218 ,enfin
452 4149 541 4217 pram
556 4142 641 4228 nep,
662 4169 735 4212 „on
754 4127 848 4214 ΜΗ
870 4144 906 4213 id
930 4146 1026 4238 quod
1080 4112 1212 4182 iudicat
1230 4113 1425 4231 etdamnat
1440 4127 1597 4203 peccata,
1624 4128 1659 4186 et
1680 4114 1920 4233 perterrefacit
1943 4115 2069 4184 corda'

88 4255 272 4344 ‚mimum
298 4267 348 4322 ω
368 4251 407 4318 fn
432 4261 595 4341 peccam,
627 4246 762 4316 ,cilicet
781 4259 935 4333 reatum,
961 4241 1028 4315 hoc
1077 4212 1192 4283 Porro
1217 4225 1280 4284 etsi
1304 4228 1395 4284 ratio
1420 4209 1575 4284 humana
1599 4229 1737 4287 tantum
1760 4216 1926 4304 rntellrgrt
1949 4215 2060 4302 legem

88 4371 119 4448 t,
161 4357 256 4449 quod
289 4352 385 4422 Deus
417 4375 500 4420 vere
532 4352 703 4419 irascatur
732 4362 884 4439 peccato.
957 4346 1027 4419 Sed
1079 4315 1485 4438 dfil’ffllllcssmffljlbffig
1511 4330 1628 4386 [ΝΜ
1643 4315 1939 4436 Ενῇῃὸθιῖὓῐῃῇὓ
1961 4341 2062 4434 l'ffiff·

88 4461 191 4528 ,ando
225 4469 460 4546 expavescunt
497 4454 623 4537 corda,
664 4451 715 4520 jbj
748 4474 828 4519 vere
857 4463 1029 4532 smmum,
1070 4418 1256 4513 ‘dicatione
1279 4432 1534 4509 poenitentiae,
1573 4414 1728 4490 detrahit
1757 4415 1921 4487 humanis
1946 4421 2063 4487 cordi-

88 4586 162 4630 eum
186 4560 306 4642 irasci,
335 4571 419 4625 tnnc
445 4556 566 4624 vident
589 4555 623 4621 id
646 4553 741 4646 qnod
767 4565 818 4622 εει
842 4552 1027 4643 proprium
1051 4583 1055 4659 p
1078 4520 1146 4590 ¹³⁰⁸
1169 4521 1287 4591 '‘¹¹¹¹‘'
1313 4519 1439 4604 Μή,
1474 4522 1509 4588 id
1537 4534 1606 4603 θεῖν
1639 4522 1762 4590 falsam
1787 4522 1992 4612 ⁰Pl¹¹l⁰¹¹⁰¹¹¹
2020 4524 2063 4588 ‘¹⁶

102 4661 329 4754 praecipuum
353 4658 503 4750 peccati,
536 4654 699 4724 videlicet
722 4669 857 4725 reatum
882 4668 916 4724 et
938 4654 1027 4722 iram
1051 4684 1055 4766 p
1079 4622 1174 4709 stiffi
1199 4621 1692 4741 ξῑῆῐξῦῐίῑρεθηξῑῦὅῑξῖἷὸῐξ]
1716 4623 1820 4710 ¹⁹le
1846 4624 1970 4707 idest,
2003 4647 2063 4689 ΒΧ·

89 4767 127 4839 εἰ.
179 4762 274 4852 Ergo
298 4775 384 4831 tunc
412 4772 589 4850 peccatum
614 4757 830 4847 compitum
852 4780 925 4826 ,sse
948 4780 1028 4824 vere
1080 4737 1178 4794 terna
1197 4723 1695 4813 rusticianonsatrsfierrlegi.
1731 4722 1778 4794 Et
1793 4737 1949 4808 testatur,
1966 4726 2061 4818 quod

88 4884 246 4948 erratum,
268 4878 302 4932 et
327 4864 364 4932 lit
388 4862 490 4929 valde
508 4883 657 4938 nocens,
679 4882 739 4929 seu
756 4860 941 4945 vitiosum,
966 4880 1027 4929 seu
1080 4825 1135 4894 ¹²¹
1150 4827 1309 4917 minimi
1323 4825 1511 4916 perfectam
1527 4826 1766 4896 ⁰b‘diemlam
1784 4840 1847 4897 οἷς·

89 4997 162 5056 um,
188 4981 222 5038 ει
239 4967 352 5037 adfert
369 4963 663 5057 damnationem„
1181 4958 1320 5030 Deinde
1341 4959 1471 5030 Paulus
1500 4960 1654 5032 declarat
1681 4961 1877 5032 institutam
1901 4961 2062 5050 proposi·

186 5075 190 5080 ’
804 5072 810 5079 ’
1080 5061 1231 5133 tionem:
1255 5059 1328 5132 Lex
1344 5075 1397 5134 est
1418 5062 1636 5154 spiritualis,
1660 5061 1738 5154 Ego
1756 5077 1871 5132 autem
1890 5084 1966 5130 sum
1985 5085 2063 5130 car-

1079 5164 1191 5248 nalis,
1226 5187 1305 5233 cum
1326 5178 1578 5236 commemorat
1599 5187 1635 5234 se
1665 5190 1740 5236 uon
1764 5163 1961 5234 satisfacere
1982 5163 2064 5254 legi,

140 5270 261 5344 Diluit
289 5269 429 5341 tacitam
460 5265 707 5347 obiectionem.
760 5261 904 5336 Poterat
933 5264 1030 5335 enim
1080 5267 1141 5335 sed
1164 5260 1293 5335 babere
1314 5265 1354 5334 in
1378 5290 1483 5337 carne
1504 5268 1658 5357 impetus
1682 5279 1878 5358 pugnantes
1893 5286 1973 5334 cum
1988 5266 2063 5354 lege

88 5377 174 5463 iici,
200 5370 299 5462 Quid
322 5372 483 5440 videatur
502 5369 546 5438 de
562 5367 655 5454 illis,
682 5364 743 5461 qui
760 5366 829 5457 legi
846 5366 1032 5456 obediunt,
1079 5363 1164 5440 Dei:
1190 5369 1290 5440 addit
1302 5367 1408 5440 etiam
1423 5368 1718 5454 declarationem,
1743 5366 1831 5462 quid
1848 5366 1933 5439 velit
1956 5367 2063 5442 intel·

340 5122 427 5200 Lex
440 5124 653 5225 spiritualis
668 5134 732 5203 esf.

1183 1524 1317 1621 Estque
1349 1520 1539 1618 diligenter
1576 1527 1643 1602 boc
1678 1533 1756 1603 loco
1788 1533 2064 1618 observandum,
2149 1545 2153 1562 ⁴
2194 1504 2197 1514 ¹

1549 1837 1651 1929 quasi
1673 1838 1784 1910 dicat:
1820 1839 1893 1910 Lex
1917 1849 2064 1907 nonest
2189 1882 2191 1887 -

1077 2037 1226 2128 sciplina
1249 2038 1448 2109 satisfacere
1469 2039 1590 2131 possit.
1636 2037 1707 2112 Sed
1723 2042 1873 2135 requirit
1894 2041 2063 2134 spiritua·
2170 2046 2175 2060 ’

1078 2547 1166 2630 tale,
1193 2549 1273 2617 ideo
1291 2549 1346 2617 lex
1363 2562 1413 2618 est
1429 2549 1664 2620 ministerium
1681 2554 1857 2623 damnans
1872 2563 2064 2644 peccatum,
2180 2611 2181 2614 ,

1079 4010 1315 4080 ministerium
1343 4033 1416 4078 non
1441 4016 1558 4080 tame‘n
1575 4027 1776 4092 externum,
1805 4014 1863 4079 sed
1882 4035 1950 4102 quo
1966 4010 2063 4082 Deus
2155 4048 2167 4059 ·
