4522 5782
95 216 164 295 sos
362 217 504 298 narr.
554 223 590 295 a
623 154 990 307 couusursnu
1014 216 1065 295 su
1091 214 1514 349 ursnaldum
1540 215 1804 297 nouenos.
1945 274 1949 281 ,
2039 212 2144 305 σοι,

98 388 199 464 titula
218 389 360 479 Gratis,
384 393 429 462 de
443 414 513 487 qna
529 404 564 465 ει
579 388 648 463 hoc
662 390 885 463 considerent
901 392 972 485 pii,
1004 416 1080 465 me·
1130 387 1211 459 Non
1232 388 1327 459 enim
1344 390 1573 463 iudicandum
1592 406 1642 462 est
1659 395 1704 462 de
1725 393 1909 465 voluntate
1925 386 1991 461 Dei
2006 444 2015 474 ,
2041 391 2119 462 sine
2227 480 2232 493 ⁹

98 494 157 565 rita
179 494 259 564 tolli
292 519 331 563 ac
358 495 476 584 reiici‚
511 518 586 566 non
608 494 690 590 quia
712 516 778 566 nos
805 492 897 563 nihil
923 517 1078 584 agamus,
1129 491 1241 582 ipsius
1264 494 1382 561 verbo.
1453 491 1500 564 Et
1525 509 1564 565 ut
1589 495 1840 587 promissiones
1864 507 1947 564 sunt
1972 494 2119 563 univer-

100 596 152 667 sed
179 608 219 666 nt
242 597 429 687 promissio
450 598 557 668 nobis
582 599 626 669 sit
649 586 762 689 certa,
788 620 879 690 quoe
900 596 998 668 lieret
1019 597 1076 665 in·
1129 594 1236 678 sales,
1262 593 1312 662 sic
1327 595 1486 683 intelligo
1513 591 1580 665 boc
1597 598 1748 667 dictum:
1779 593 1876 667 Deus
1893 597 1970 665 vult
1993 619 2116 665 omnes

101 710 202 777 certa,
227 698 257 766 si
274 701 443 788 penderet
460 723 502 769 ex
516 699 721 770 conditione
736 699 961 769 meritorum:
993 699 1076 768 item
1130 692 1292 763 homines
1310 697 1425 765 salvos
1443 698 1537 777 lieri,
1565 698 1655 767 sicut
1680 700 1716 765 in
1743 698 2038 789 promissionibus
2061 697 2116 767 of·

99 812 132 871 nt
155 799 298 869 debitus
328 797 442 870 honos
463 795 607 874 Christo
640 802 841 873 tribuatur:
881 786 965 872 item
994 800 1078 894 quia
1130 799 1198 867 lert
1218 797 1387 867 omnibus
1408 800 1567 868 salutem.
1619 799 1690 871 Sed
1711 795 1866 869 humana
1888 801 2054 867 voluntas
2077 798 2115 867 in

98 900 228 971 etiamsi
254 902 341 993 quid
371 903 527 992 agimus,
568 916 684 973 tamen
713 902 838 995 procul
867 903 1035 972 absumus
1058 924 1077 970 a
1131 893 1187 966 his
1209 898 1271 990 qui
1287 900 1416 970 nolunt
1432 902 1591 985 credere,
1615 915 1789 993 repugnat
1811 901 2116 991 promissionibus.

97 1002 307 1093 perfectione
335 1003 433 1094 legis.
503 1001 632 1076 Oritur
660 1018 775 1076 autem
806 1003 892 1073 fides
921 1027 940 1075 a
969 1004 1078 1074 verbo
1133 1000 1189 1069 illi
1205 1014 1322 1069 autem
1339 1002 1398 1094 qui
1416 1026 1451 1070 se
1467 1005 1700 1092 promissione
1714 1015 1925 1087 sustentant,
1947 1025 2030 1071 vere
2045 1002 2114 1071 sibi

95 1100 179 1188 Pei,
215 1104 379 1176 videlicet
403 1108 448 1176 ab
470 1105 684 1197 Evangelio,
724 1107 820 1200 quod
848 1105 991 1197 proprie
1015 1119 1079 1190 est,
1131 1103 1240 1172 tribui
1260 1103 1427 1172 beneficia
1443 1101 1578 1175 Christi
1605 1120 1780 1191 statuant,
1806 1129 1853 1175 ne
1874 1103 1989 1174 Deum
2013 1127 2117 1179 arcu·

94 1206 219 1299 inquo
244 1208 409 1278 beneficia
427 1204 559 1279 Christi
582 1209 685 1279 nobis
707 1222 782 1279 tum
808 1208 1080 1298 promittuntur,
1131 1218 1208 1274 sent
1230 1206 1422 1275 mendacii·
1476 1204 1639 1301 Cumque
1662 1232 1784 1277 vocem
1811 1204 1998 1296 Evangelii
2023 1205 2116 1275 acci·
2223 1228 2227 1237 ’

93 1322 166 1381 tum
190 1304 419 1379 adhibentur.
484 1306 585 1380 Nihil
617 1311 712 1380 enim
747 1320 863 1401 posset
888 1331 987 1378 mens
1011 1306 1079 1379 hu·
1132 1308 1253 1398 piunt,
1280 1321 1314 1377 et
1332 1330 1368 1375 se
1387 1322 1604 1395 sustentant,
1629 1309 1736 1380 simul
1754 1311 1873 1379 efficax
1897 1321 1947 1379 est
1963 1307 2119 1398 Spiritus

94 1432 199 1479 mana
213 1425 366 1481 statuere
384 1416 429 1480 de
443 1412 651 1483 remissione
676 1404 916 1503 peccatorum,
939 1413 968 1481 si
984 1409 1080 1481 Deus
1131 1422 1272 1479 sanctus
1296 1432 1359 1499 per
1370 1405 1554 1499 Evangelii
1580 1435 1720 1492 vocem,
1748 1412 1844 1482 iuxta
1866 1410 1977 1482 illud:
2010 1408 2119 1479 Fides

88 1534 165 1581 -non
180 1512 369 1583 revelasset
385 1507 477 1583 hauc
491 1539 592 1585 suam
607 1515 826 1586 voluntatem
842 1527 937 1585 certo
960 1515 1080 1597 verbo,
1131 1511 1310 1579 exauditu
1329 1524 1390 1581 est.
1448 1510 1733 1588 desudata:
1769 1513 1820 1585 Ut
1843 1511 2115 1605 promissionem

96 1636 151 1685 sets
167 1628 263 1683 certa
281 1615 525 1704 promissione.
1131 1610 1285 1703 Spiritus
1299 1612 1511 1705 accipiamus
1526 1617 1718 1705 perfidem.
1772 1614 1822 1687 lta
1841 1608 1927 1684 cum
1941 1627 2115 1704 perterre·

192 1713 388 1787 Sciendum
402 1732 454 1787 est
478 1733 596 1790 autem
618 1714 712 1789 hanc
734 1717 972 1808 evangelicam
995 1740 1079 1809 pro·
1130 1713 1241 1783 factae
1255 1729 1391 1784 mentes
1408 1714 1477 1785 fide
1494 1718 1695 1807 eriguntur,
1721 1718 1926 1808 concipiunt
1941 1714 2116 1807 Spiritum

95 1815 299 1887 missionem
313 1820 548 1890 universalem
566 1845 657 1906 esse,
682 1823 777 1908 quod
802 1844 843 1890 eo
868 1842 1006 1889 necesse
1030 1832 1082 1889 est
1131 1828 1301 1885 sanctum.
1354 1815 1450 1887 Haec
1466 1831 1519 1888 est
1541 1820 1726 1890 conversio
1749 1843 1838 1914 quse
1863 1820 1902 1887 in
1919 1816 2114 1906 Evangelio
2180 1886 2183 1891 .

94 1918 280 1988 admoneri
298 1921 393 2009 pios,
420 1923 502 2014 quia
522 1925 670 2015 pavidae
692 1936 827 1993 mentes
849 1924 893 1990 de
914 1915 970 1989 his
993 1922 1080 1991 dua·
1132 1932 1279 1987 vocatur
1294 1920 1532 2007 regeneratio,
1558 1946 1648 2015 quae
1672 1918 1757 1991 haec
1773 1921 1839 1991 tria
1861 1920 2118 2011 complectitur,
2168 1948 2174 1957 ·

95 2018 158 2089 bus
178 2022 447 2113 quaestionibus
463 2025 615 2094 maxime
632 2026 831 2114 disputant,
857 2022 1020 2095 videlicet
1036 2026 1081 2092 de
1133 2018 1377 2089 remissionem
1394 2036 1636 2112 peccatorum,
1662 2023 1947 2095 iustificationem
1969 2045 2031 2092 seu
2048 2021 2118 2089 im-

95 2120 264 2211 dignitate
303 2127 407 2194 etde
438 2124 623 2199 electione.
693 2126 852 2196 Primum
875 2124 1081 2223 quaerimus
1133 2121 1351 2211 putationem
1370 2122 1546 2210 iusticias,
1569 2138 1606 2197 et
1619 2128 1848 2196 donationem
1865 2123 2020 2215 Spiritus
2035 2146 2117 2193 san-

98 2244 141 2293 au
164 2224 332 2315 indignos
353 2226 516 2318 recipiat:
543 2229 674 2298 deinde
695 2228 832 2298 etiamsi
849 2250 1001 2296 essemus
1023 2229 1080 2296 di·
1132 2224 1178 2294 cti
1214 2246 1254 2291 ac
1284 2224 1377 2293 vitae
1404 2240 1575 2298 aeternae.
1641 2224 1725 2297 Dixi
1752 2239 1869 2297 autem
1893 2228 1937 2295 de
1960 2225 2119 2294 motibus

99 2324 173 2415 gni,
206 2328 399 2415 cogitamus
426 2342 544 2398 tamen
558 2327 672 2400 Deum
695 2353 777 2401 suos
802 2330 973 2423 quosdam
991 2330 1080 2399 ami·
1133 2326 1195 2417 qui
1212 2348 1230 2393 a
1248 2324 1314 2414 piis
1333 2327 1484 2418 intelligi
1500 2343 1665 2419 possunt,
1690 2332 1736 2399 de
1752 2330 1947 2399 terroribus
1969 2340 2003 2397 et
2028 2349 2115 2394 con-

100 2448 153 2497 cos
175 2427 339 2517 elegisse,
374 2431 506 2524 quibus
527 2427 613 2502 haec
642 2432 811 2503 beneficia
840 2431 926 2501 velit
949 2432 1079 2524 imper·
1130 2427 1322 2520 solatione,
1348 2430 1583 2521 quaetithde.
1633 2431 1755 2521 Quare
1772 2426 1858 2502 haec
1871 2429 2021 2499 Paulina
2037 2451 2119 2497 sen·

100 2526 179 2599 tire:
205 2531 409 2603 dubitamus
425 2556 471 2603 an
488 2534 533 2602 ad
557 2557 624 2605 nos
644 2557 787 2629 quoque
803 2533 993 2624 pertineat:
1020 2557 1082 2601 ve·
1132 2530 1241 2599 tentia
1259 2553 1324 2599 nec
1342 2532 1514 2618 absurda,
1540 2557 1605 2604 nec
1622 2535 1785 2604 intricata
1804 2548 1873 2619 est,
1899 2555 1963 2600 nec
1985 2532 2118 2603 otiosas

102 2652 212 2701 remur
244 2634 311 2702 nos
343 2657 417 2704 non
451 2657 526 2704 csse
550 2634 589 2704 in
621 2660 772 2706 numero
805 2636 962 2706 illorum.
1028 2633 1081 2705 lta
1132 2631 1479 2720 argutiascontinet,
1504 2638 1564 2705 sed
1588 2636 1856 2726 estperspicua,
1883 2648 2118 2703 consentaneo

95 2734 239 2821 ambigit
267 2729 421 2807 humana
452 2737 543 2808 ratio
572 2740 616 2806 de
646 2739 827 2811 voluntate
851 2737 933 2809 Dei.
990 2735 1080 2807 Nam
1134 2733 1280 2825 reliquis
1312 2730 1570 2825 Prophetarum
1597 2752 1632 2808 et
1654 2735 1838 2827 Evangelii
1870 2736 2118 2804 concionibuss

104 2830 352 2925 etPhilosophi
368 2840 637 2928 adsentiuntur,
663 2838 779 2910 Deum
795 2839 917 2937 paucis
932 2839 1081 2932 quibus·
1132 2850 1166 2904 et
1189 2859 1244 2903 res
1268 2837 1437 2905 maximas
1458 2840 1647 2929 proponit,
1672 2863 1760 2929 quas
1785 2840 1833 2929 pii
1862 2839 1900 2906 in
1927 2838 1997 2905 vita
2014 2858 2118 2925 expe-

104 2936 196 3020 dsm,
228 2938 393 3009 videlicet
430 2936 580 3011 heroicis
611 2941 697 3011 viris
722 2942 859 3026 favere,
900 2954 1079 3011 eteorum
1133 2938 1285 3018 ciuntur,
1299 2937 2042 3029 etquarumcognitioEcclesiaenecessaria
2057 2952 2119 3013 est.

105 3053 243 3110 eventus
265 3042 479 3128 gubernare,
505 3046 566 3111 aed
591 3042 747 3136 reliquos
768 3037 931 3111 homines
950 3041 1081 3131 negligi
1104 3068 1108 3117 t
1131 3037 1236 3108 Nunc
1252 3040 1416 3108 adiiciam
1433 3042 1574 3110 brevem
1591 3068 1716 3112 vocum
1734 3043 2006 3123 enarrationem,
2023 3039 2122 3127 legis,

103 3139 209 3211 alleo
224 3139 389 3231 cogitant.
442 3143 592 3215 Prorsus
607 3140 674 3214 hoc
694 3145 801 3216 modo
829 3145 958 3231 cogitat
981 3166 1081 3212 mens
1132 3137 1337 3225 Evangelii,
1361 3144 1512 3230 peccati,
1536 3144 1813 3226 iustificationis,
1835 3144 1983 3233 gratiae,
2000 3142 2096 3211 fidei.

101 3241 142 3311 de
165 3245 500 3332 praedestinatione,
533 3260 573 3318 ul
597 3260 736 3318 vocant.
802 3244 872 3317 Sed
896 3241 987 3316 hanc
1012 3239 1082 3314 hu·
1235 3240 1434 3311 Plurimum
1466 3260 1583 3315 autem
1611 3246 1781 3315 differunt
1813 3247 1868 3314 lex
1899 3258 1932 3313 et
1955 3243 2117 3330 Evange-

103 3364 238 3414 msnam
262 3346 468 3437 opinionem
492 3359 587 3419 taxat
608 3373 676 3418 vox
691 3347 860 3419 coelestis.
910 3345 989 3416 Hoc
1011 3346 1082 3416 dtf·
1135 3343 1236 3417 lium.
1293 3341 1383 3413 Nam
1406 3345 1461 3415 lex
1485 3362 1536 3419 est
1557 3348 1737 3434 doctrina,
1770 3374 1839 3442 qua
1864 3348 1960 3417 Deus
1983 3345 2118 3434 praeci-

102 3443 166 3517 lert
179 3445 450 3536 Evangeliuma
476 3445 731 3542 philosophicis
750 3449 983 3541 opinionibus
1006 3463 1081 3519 eta
1134 3445 1186 3538 pit
1210 3445 1331 3538 quales
1359 3470 1425 3517 uos
1455 3472 1529 3519 esse
1557 3464 1735 3542 oporteat,
1777 3465 1811 3520 et
1833 3472 1922 3541 quae
1945 3448 2117 3531 iacienda,

103 3545 192 3638 lege,
213 3551 297 3642 quia
313 3551 416 3621 aliter
431 3564 604 3622 monstrat
617 3549 684 3622 Dei
701 3552 939 3630 voluntatem,
963 3560 1083 3620 osten-
1134 3571 1223 3638 quae
1241 3548 1479 3621 vitandasint.
1528 3546 1577 3622 Et
1600 3575 1800 3647 quanquam
1824 3551 1947 3641 politia
1964 3547 2121 3619 Mosaios
2175 3588 2179 3593 -

103 3650 148 3719 dit
164 3649 281 3721 Deum
299 3676 378 3721 vere
395 3668 428 3722 et
446 3653 613 3741 indignos
628 3655 719 3722 velle
733 3652 900 3743 recipere,
917 3667 949 3721 et
965 3653 1084 3722 omni·
1134 3650 1248 3718 deleta
1272 3649 1336 3734 sit,
1376 3664 1494 3723 tamen
1520 3667 1641 3724 manet
1665 3653 1721 3723 lex
1745 3655 1917 3737 moralis,
1955 3664 2117 3743 quaeest

103 3750 164 3821 bus
179 3752 308 3822 offerre
322 3754 482 3843 gratiam,
508 3756 615 3824 modo
627 3766 667 3825 ut
683 3757 828 3826 credant
846 3755 1085 3846 promissioni.
1106 3702 1110 3831 i
1134 3774 1204 3819 nna
1222 3767 1257 3821 et
1273 3754 1393 3821 eadem
1410 3757 1572 3826 omnium
1581 3767 1793 3847 temporum,
1809 3779 1886 3824 essm
1903 3753 1979 3822 eius
1989 3752 2117 3821 noticia

101 3851 220 3945 Quare
240 3856 377 3925 discant
403 3856 473 3947 pii,
506 3856 779 3948 ‘promissionem
801 3879 874 3926 esse
899 3857 1084 3926 universa·
1107 3834 1111 3965 i
1134 3852 1319 3923 nobiscum
1343 3871 1518 3930 nascatur.
1572 3855 1698 3929 Voluit
1722 3859 1816 3926 euim
1844 3855 1940 3924 Deus
1961 3855 2116 3944 aliquam

104 3954 186 4037 lem,
212 3957 305 4026 sicut
327 3972 499 4029 testantur
522 3959 708 4029 innumera
728 3958 842 4043 dicta,
866 3971 922 4029 ut:
957 3956 1085 4027 Venite
1107 3974 1111 4086 p
1135 3977 1208 4022 esse
1233 3955 1398 4026 noticiam
1421 3958 1460 4026 in
1485 3953 1650 4043 homine,
1683 3983 1774 4052 quae
1801 3957 1972 4026 iudicaret
1999 3978 2119 4044 pecca-

103 4061 141 4125 ad
172 4082 230 4126 me
261 4081 400 4142 omnes,
441 4059 504 4152 qui
537 4060 722 4143 laboratis,
765 4074 800 4129 et
824 4061 960 4129 onerati
988 4059 1084 4130 estis.
1108 4102 1111 4147 3
1137 4068 1223 4125 tum.
1273 4056 1327 4126 Ac
1342 4081 1481 4151 semper
1494 4063 1662 4132 omnibus
1683 4061 1903 4152 temporibus
1925 4062 2009 4125 voc'e
2033 4056 2120 4145 legis

101 4155 277 4233 Rom.3.:
313 4157 455 4229 iusticia
480 4161 548 4231 Dei
574 4161 762 4253 perfidem
789 4159 867 4230 lesu
889 4158 1023 4231 Christi
1046 4161 1085 4229 in
1136 4158 1297 4247 arguitur
1322 4177 1500 4250 peccatum
1524 4164 1562 4232 in
1586 4163 1848 4253 praedicatione
1876 4159 2120 4246 poenitentiae.

101 4265 729 4351 omnesetauperomnescredentes.
758 4260 845 4332 Item
856 4259 996 4332 Roman
1007 4265 1084 4335 10.:
1138 4257 1221 4328 ldeo
1255 4259 1387 4331 Paulus
1421 4264 1524 4334 dicit:
1564 4264 1634 4334 Per
1659 4266 1769 4352 legem
1796 4262 1952 4351 cognitio
1980 4261 2121 4351 peccati.

103 4360 197 4433 ldem
222 4359 399 4433 Dominus
420 4366 581 4433 omnium
604 4365 702 4435 dives
723 4364 760 4433 in
786 4378 998 4434 omnesetr..
1042 4363 1086 4434 ln
1108 4400 1112 4429 t
1137 4360 1210 4430 Nec
1236 4374 1372 4432 tantum
1396 4365 1555 4458 loquitur
1577 4367 1621 4434 de
1644 4366 1871 4450 ceremoniis,
1908 4376 1952 4450 ,ut
1974 4361 2119 4456 quidam

103 4460 404 4535 has'universales
426 4466 650 4537 includamus
672 4489 740 4536 nos
768 4466 922 4555 singuli,
948 4479 982 4536 et
1004 4491 1085 4536 vere
1138 4463 1293 4550 fingunt,
1319 4470 1378 4533 sed
1398 4468 1584 4566 praecipue
1607 4470 1651 4535 de
1676 4469 1844 4562 decalogo
1868 4490 1928 4534 seu
1947 4465 2020 4555 lege
2042 4489 2118 4534 mo·

101 4570 142 4635 acl
172 4590 241 4635 nos
271 4569 446 4654 pertinere
478 4569 647 4638 beneficia
679 4568 850 4658 promissa
883 4581 1086 4639 statuamus.
1138 4566 1219 4633 rali:
1246 4563 1342 4634 Haec
1360 4568 1454 4635 enim
1468 4591 1624 4659 semper,
1651 4585 1685 4639 et
1697 4594 1818 4639 omues
1835 4583 1982 4641 accusat.
2030 4564 2121 4635 Nam

103 4664 223 4761 ltaque
244 4668 284 4737 in
306 4670 529 4761 quaestione,
554 4674 599 4740 de
622 4670 886 4755 iustificatione,
910 4683 1087 4762 seponan-
1137 4667 1243 4755 longe
1259 4668 1361 4736 aliter
1377 4672 1420 4737 de
1436 4669 1513 4760 lege
1529 4672 1649 4740 divina
1666 4671 1891 4741 sentiendum
1909 4684 1978 4752 est,
2012 4693 2120 4760 quam

100 4769 1084 4864 turaliquantisperdisputationesdepraedcstinatione.
1137 4771 1182 4836 de
1198 4769 1358 4838 moribus
1373 4772 1464 4839 vitae
1480 4774 1607 4847 civilis.
1646 4771 1688 4841 ln
1705 4774 1777 4844 vita
1793 4774 1889 4843 civili
1905 4785 2040 4842 tantum
2057 4770 2122 4838 lla·

101 4872 368 4943 Exordieudum
391 4887 444 4943 est
464 4876 509 4944 ab
532 4870 747 4962 Evangelio,
788 4874 885 4965 quod
913 4887 949 4944 et
970 4875 1088 4963 arguit
1138 4870 1270 4957 gitatur
1284 4884 1426 4941 externa
1444 4873 1645 4967 disciplina:
1674 4889 1708 4944 at
1723 4877 1779 4944 lex
1796 4875 1862 4944 Dei
1879 4873 2026 4965 requirit
2043 4894 2122 4962 per·

100 4998 244 5054 omnes,
280 4988 314 5043 et
343 4975 448 5046 offen
482 4975 650 5044 omnihus
682 4974 830 5065 gratiam
864 4975 1086 5064 promissam,
1136 4972 1263 5040 sectam
1295 4974 1560 5062 obedientiam,
1599 4977 1804 5046 interiorem
1838 4991 1872 5046 et
1903 4975 2122 5052 exteriorem,

100 5091 248 5170 propter
260 5072 460 5162 Christum,
484 5090 519 5145 et
536 5077 679 5169 quidem
697 5076 805 5166 gratis
828 5076 951 5160 offert,
978 5080 1085 5146 modo
1138 5088 1177 5146 ut
1196 5087 1342 5143 testatur
1364 5089 1604 5168 praeceptum:
1640 5079 1776 5167 Diligas
1793 5077 1988 5146 Dominum
2006 5073 2120 5143 Deum

99 5195 138 5251 ut
160 5180 233 5248 lide
259 5178 443 5264 accipiant.
519 5175 725 5247 iutueamur
753 5182 837 5266 ergo
868 5177 907 5245 in
937 5179 1085 5247 verbum
1139 5187 1238 5245 tuum
1256 5200 1296 5245 cx
1311 5191 1385 5246 toto
1402 5182 1507 5249 corde
1525 5194 1589 5251 etc.
1640 5172 1972 5250 EtsicMattlr.5.:
2014 5171 2122 5245 Chri-
2193 5195 2197 5204 ·

98 5285 195 5375 quod
221 5294 271 5349 cst
294 5279 512 5357 universale,
539 5304 603 5348 uec
627 5281 783 5348 sinamus
806 5302 870 5349 nos
891 5302 910 5348 a
933 5281 1085 5368 promis-
1139 5290 1211 5345 stus
1227 5276 1337 5365 legem
1355 5277 1616 5369 interpretatur.
1660 5280 1749 5353 Cum
1766 5295 1880 5348 autem
1901 5275 1983 5347 haec
1998 5292 2122 5346 natus-a

97 5386 201 5455 sione
220 5381 328 5453 aselli
355 5381 654 5475 speculationibus
685 5384 735 5453 de,
757 5379 1086 5475 praedestinatione.
1108 5372 1346 5473 ,homiuum
1371 5384 1514 5454 morbo
1543 5383 1694 5475 originis
1728 5376 1871 5468 vitiata,
1912 5404 1984 5451 non
2019 5381 2126 5474 possit
