4522 5782
108 178 182 276 tu
458 182 463 189 ·
735 147 862 269 ruia.
890 186 1007 265 uun
1028 186 1240 264 scotera
1267 182 1569 262 aaronica.
2063 172 2135 265 tte

109 368 314 447 consolatio.
367 364 535 439 Fatemur
559 386 625 434 uos
651 362 822 449 indignos
846 378 881 434 et
905 385 984 435 roos
1014 386 1099 442 esse,
1152 362 1225 432 suis
1251 359 1438 451 operibus,
1478 384 1543 431 nec
1575 371 1655 430 sunt
1683 356 1767 429 iusti
1796 380 1917 430 coram
1946 358 2041 443 Deo,
2079 381 2139 429 nec

112 492 147 547 et
171 471 278 563 recipi
299 484 418 540 umen
445 482 587 558 propter
612 464 896 555 promissionem.
951 462 1002 534 lta
1023 464 1099 535 Deo
1151 464 1293 556 placent
1315 460 1391 532 Deo
1412 476 1558 555 propter
1580 485 1643 531 sua
1664 484 1783 551 opera.
1833 454 1883 531 lit
1897 460 2048 530 additur
2063 458 2138 530 nui·

113 577 256 646 laudem
295 569 466 641 Veritatis
500 568 718 650 tribuimus,
764 592 871 660 quam
896 564 1101 661 hypocritae
1144 564 1298 641 ,versalis
1320 565 1538 655 propositio,
1580 563 1725 633 collecta
1752 586 1794 631 ex
1826 562 1969 633 duabus
2001 584 2137 655 praece-

115 699 189 746 non
212 673 377 745 tribuunt
403 673 455 752 ci,
497 672 555 739 sed
584 671 740 756 cogitant
763 694 800 738 se
824 668 975 757 negligi,
1017 667 1100 761 quia
1152 667 1338 736 dentibus:
1365 660 1686 736 Omnes'homines
1701 664 1740 733 in
1757 658 1823 735 hac
1842 678 1994 734 naturae
2017 662 2136 755 de'prs-

115 774 291 849 nonsatis
310 776 519 843 meritorum
536 769 701 840 afferunt.
755 768 813 838 'lu
835 795 919 838 vero
936 768 1025 838 scias
1042 793 1101 838 ac·
1154 768 1295 837 vatione
1319 769 1516 836 secuudum
1541 780 1705 837 naturam
1729 766 1896 837 suntsuh
1915 762 2135 857 peccato,id

117 878 314 948 cedendum
333 898 406 945 esse
423 876 467 943 ad
482 870 598 942 Deum
613 871 740 941 fiducia
755 870 980 955 mediatoris,
1006 870 1101 940 iuxta
1154 884 1224 953 est,
1252 882 1334 938 sunt
1355 869 1405 938 rei
1431 868 1503 937 irae
1527 870 1590 939 Dei
1617 882 1651 938 et
1677 892 1811 961 poenae
1835 882 2021 953 aeternae,
2042 881 2076 938 et
2094 866 2138 939 ita

119 977 402 1073 promissionem.
454 971 603 1044 Etiamsi
621 972 727 1042 affers
753 995 878 1062 magua
904 987 1043 1064 peccata
1070 985 1104 1040 et
1154 970 1295 1062 captivi,
1312 984 1352 1039 ut
1367 994 1440 1038 non
1460 970 1596 1061 possint
1610 973 1654 1039 ab
1670 995 1711 1038 eo
1729 969 1875 1038 liberari
1893 968 2054 1061 propriis
2068 990 2138 1039 nse-

117 1103 283 1171 magnam
309 1075 593 1157 immunditiem,
645 1075 814 1145 exuberat
848 1088 965 1143 tamen
991 1074 1102 1163 gratia
1156 1073 1252 1153 ritis,
1284 1094 1346 1139 seu
1367 1076 1615 1142 observatione
1641 1072 1738 1161 legis.
1803 1068 2064 1161 cognoscenda
2091 1080 2138 1140 est

119 1206 227 1274 supra
249 1178 438 1259 delictum,
471 1190 507 1246 et
522 1176 633 1247 vincit
650 1176 751 1245 Deus
773 1200 897 1258 verax,
932 1178 993 1269 qui
1020 1200 1103 1265 pro·
1157 1174 1252 1241 euim
1277 1168 1437 1263 phrasis:
1479 1172 1555 1244 Sub
1580 1192 1720 1265 peccato
1746 1195 1839 1256 csse,
1881 1186 1934 1242 est
1961 1170 2138 1264 captivum

120 1283 237 1367 misit,
262 1292 534 1369 serecepturum
553 1300 618 1347 nos
641 1277 748 1366 gratis
770 1295 914 1367 propter
934 1277 1106 1347 mediato-
1157 1274 1289 1367 peccati
1312 1296 1396 1345 esse.
1451 1271 1505 1345 Ac
1527 1276 1688 1367 loquitur
1714 1278 1758 1344 de
1781 1274 1970 1359 omnibus,
2003 1290 2139 1365 excepto

120 1408 208 1457 rem.
260 1380 415 1473 Utraque
434 1379 606 1449 sententia
623 1382 667 1447 de
683 1378 903 1447 confessione
922 1394 956 1448 et
980 1402 1106 1447 conso-
1156 1374 1314 1447 Domino
1338 1390 1460 1446 nostro
1488 1374 1566 1446 lesu
1589 1372 1747 1448 Christo.
1797 1371 1853 1445 De
1875 1376 1957 1444 aliis
1977 1376 2139 1445 omnibus

121 1486 254 1555 latione
282 1485 320 1552 iit
347 1483 495 1551 illustris
522 1482 559 1548 in
591 1481 710 1551 verbis
743 1481 930 1550 doloribus
963 1493 998 1550 et
1024 1502 1105 1549 vera
1158 1478 1334 1569 loquitur,
1367 1501 1406 1546 ac
1430 1478 1476 1546 de
1504 1478 1634 1549 sanctis
1658 1480 1786 1561 ctiam,
1821 1491 2002 1571 quatenus
2023 1492 2138 1549 natura

121 1583 352 1680 poenitentia.
1158 1604 1280 1648 eorum
1305 1580 1565 1663 consideretur,
1591 1605 1654 1652 ncc
1678 1580 1933 1669 intelliguntur
1953 1592 2023 1673 per
2043 1578 2138 1650 miss·

1158 1680 1349 1751 ricordiam
1367 1680 1596 1751 reconciliati.

1261 1782 1410 1875 Semper
1429 1796 1547 1852 autem
1572 1777 1659 1853 haec
1690 1781 1896 1877 exaequatio
1930 1804 2002 1853 nos
2026 1782 2141 1855 adtro-

1161 1898 1259 1965 neat‚
1286 1885 1441 1954 accusari
1459 1887 1631 1976 superbos
1645 1898 1679 1953 et
1696 1882 1942 1974 perterrcfieri.
1996 1878 2138 1956 Eccum

225 1986 436 2082 Sequuntur
459 1990 548 2057 aliae
572 1989 808 2072 obiectiones,
847 2013 997 2081 quarum
1023 1982 1109 2057 haec
1160 2011 1244 2056 vero
1270 1987 1549 2056 consolationem
1576 1988 1728 2079 proponi
1752 1986 2036 2078 perterrefactis,
2065 1985 2137 2083 quia
2173 2066 2175 2073 ,

123 2102 178 2161 est
208 2093 405 2160 sententia:
451 2090 542 2161 Cum
577 2091 730 2160 audiunt
759 2088 945 2176 homines,
986 2104 1107 2160 nostra
1160 2088 1378 2179 conspicitur
1403 2090 1601 2179 amplitudo
1629 2088 1915 2167 misericordiae,
1950 2112 2036 2159 curu
2055 2088 2135 2159 ailr-

124 2215 231 2283 opera
257 2207 292 2263 et
315 2189 406 2261 lianc
424 2193 706 2285 qualemcunque
728 2194 947 2281 diligentiam
966 2192 1109 2282 regendi
1161 2204 1232 2260 mat
1250 2186 1335 2260 haec
1351 2191 1493 2272 concio,
1521 2215 1603 2261 vere
1629 2190 1737 2281 recipi
1764 2213 1827 2260 nos
1845 2190 1977 2279 gratis,
2011 2204 2136 2283 propte

123 2315 259 2377 mores,
285 2318 358 2363 nou
382 2294 508 2362 mereri
528 2294 771 2362 remissionem
788 2312 1030 2385 peccatorum,
1047 2296 1108 2364 sed
1163 2294 1417 2378 mediatorem,
1456 2317 1660 2387 quanquam
1684 2292 1825 2384 indigui
1848 2293 1983 2379 simus,
2015 2306 2050 2365 et
2073 2286 2134 2385 pul·

125 2395 233 2487 gratis
255 2395 387 2464 remitti
410 2410 569 2484 peccata,
603 2419 667 2463 nec
685 2395 800 2464 solum
820 2396 1014 2485 frugalem,
1048 2398 1109 2466 sed
1161 2396 1228 2465 luti
1255 2394 1415 2485 peccatis.

124 2496 231 2569 etiam
253 2497 365 2565 hlium
392 2498 580 2585 prodigum
605 2496 731 2586 recipi,
756 2497 930 2567 obiiciunt
946 2492 1111 2567 haecab·
1262 2494 1461 2567 Confirmat
1484 2509 1600 2565 autem
1619 2495 1900 2595 propositionem
1922 2494 2042 2566 citatis
2056 2490 2134 2567 trsti·

125 2598 253 2670 surda:
294 2596 334 2667 Si
357 2591 583 2685 hicmaguus
614 2613 648 2667 et
678 2599 795 2686 gravis
828 2600 930 2669 labor
959 2600 1104 2689 regendi
1163 2598 1304 2681 moniis,
1321 2599 1357 2667 iu
1376 2599 1508 2692 quibus
1525 2616 1734 2668 accersantur
1754 2621 1827 2666 nou
1846 2609 1991 2667 tanturn
2010 2609 2133 2669 extem

125 2722 244 2770 mores
266 2724 339 2767 non
365 2716 518 2768 meretur
534 2701 796 2781 remissionem,
823 2703 979 2771 laxemus
995 2704 1111 2790 potius
1162 2701 1308 2783 delicta,
1334 2701 1518 2769 sedetiam
1542 2700 1723 2772 interiora.
1772 2697 1855 2769 Non
1872 2712 1928 2771 est
1949 2698 2132 2787 intelligens

126 2802 248 2872 irenos
262 2800 535 2889 cupiditatibus,
567 2804 772 2891 praesertim
792 2804 820 2870 si
845 2803 956 2892 gloria
972 2805 1111 2873 miseri·
1163 2826 1227 2871 nec
1252 2802 1435 2895 requirens
1450 2800 1586 2886 Deum,
1611 2802 1738 2883 idest,
1763 2803 1869 2870 corda
1886 2800 1926 2869 in
1947 2794 2018 2871 hac
2034 2798 2134 2891 preri-

128 2902 271 2975 cordiae
284 2903 322 2972 ht
339 2902 521 2971 illustrior.
576 2902 670 2989 Quia
689 2905 815 2992 polluti
837 2906 972 2991 arragois
990 2929 1109 2993 pecca·
1163 2917 1234 2974 tate
1250 2918 1396 2975 naturae
1421 2904 1524 2992 plena
1545 2918 1627 2972 stant
1644 2902 1806 2992 caliginis
1830 2914 1865 2973 et
1882 2902 2135 2974 dubitationum

128 3006 175 3075 tis
198 3004 439 3094 recipiuntur,
466 3018 500 3072 ut
519 3008 673 3073 ostendit
694 3007 848 3096 receptio
872 3007 934 3074 filii
959 3006 1111 3095 prodigi.
1164 3008 1207 3074 de
1225 3003 1319 3084 Deo,
1356 3004 1453 3094 Quid
1471 3006 1535 3087 sit,
1560 3007 1754 3095 Quomodo
1769 3005 1855 3074 velit
1871 3004 2047 3095 agnosci?
2089 2998 2134 3073 ds

128 3104 226 3176 llaec
249 3106 394 3195 profana
423 3105 575 3175 obiectio
599 3133 672 3174 stou
698 3122 783 3176 tarne
807 3110 921 3176 solum
951 3133 1110 3199 oppone·
1164 3121 1280 3191 curet,
1305 3105 1364 3178 An
1386 3110 1549 3177 exaudiat
1574 3108 1661 3176 atos?
1712 3105 1793 3184 Non
1809 3130 1893 3176 vere
1908 3107 2040 3177 timent
2063 3106 2136 3175 irsn

128 3210 235 3279 hatur
250 3207 490 3276 doctrinaede
508 3206 653 3287 Gratia,
680 3211 740 3276 sed
755 3210 923 3280 omuibus
939 3212 1107 3299 tempori·
1164 3224 1198 3279 et
1222 3209 1415 3287 iudicium,
1457 3226 1540 3280 sunt
1565 3210 1667 3296 plena
1691 3208 1932 3293 diffidentiae,
1977 3218 2139 3303 quaerunt

128 3313 196 3379 hus
219 3304 304 3377 haec
319 3323 525 3398 argumenta
548 3312 693 3380 turbant
717 3307 908 3379 humanam
927 3312 1113 3385 rationem.
1166 3311 1339 3396 praesidis
1367 3306 1520 3381 hersnaua
1547 3312 1626 3381 sine
1646 3310 1792 3397 ordine,
1825 3332 1902 3381 sese
1927 3323 2054 3382 amant
2073 3310 2141 3401 plus

129 3406 176 3481 Et
195 3410 390 3478 dolendum
406 3428 477 3493 cst,
493 3411 607 3481 honos
624 3411 729 3482 etiam
748 3414 824 3481 fieri
841 3414 1113 3502 negligentiores
1165 3437 1271 3505 quam
1293 3409 1407 3482 Deum
1432 3427 1498 3483 etc.

130 3512 170 3580 iu
192 3511 315 3599 seipsis
334 3511 534 3597 frenandis,
569 3537 650 3582 cum
671 3513 795 3605 opinio
816 3516 933 3584 meriti
953 3518 1109 3586 detracta
1268 3512 1546 3583 lunumirabiles
1563 3509 1726 3583 homiues
1742 3508 1911 3582 horribili
1927 3512 2080 3583 audacia
2095 3512 2144 3581 lu·

130 3627 182 3684 est
205 3610 259 3680 illi
282 3612 495 3701 diligentiae.
1166 3620 1251 3686 dum
1270 3616 1494 3705 ingeniorum
1513 3641 1587 3686 esse
1609 3629 1752 3707 putant,
1777 3615 1923 3705 gignere
1945 3637 2031 3686 suas
2051 3634 2145 3706 qrras·

234 3712 324 3784 Cum
343 3731 459 3784 autem
476 3710 542 3783 hae
560 3717 725 3802 profanae
743 3718 959 3789 obiectioues
976 3731 1112 3787 tantum
1166 3723 1247 3788 darn
1267 3719 1452 3808 opiniones
1468 3723 1512 3786 de
1529 3717 1627 3801 Deo,
1651 3733 1688 3785 ut
1707 3718 1805 3786 aliud
1832 3716 2015 3804 tingebant
2032 3714 2147 3799 Stoici,

130 3816 203 3887 sint
217 3815 433 3896 calumniae,
458 3830 491 3886 et
509 3817 557 3906 pii
573 3819 705 3901 sciant,
732 3844 805 3889 nou
828 3836 1011 3908 propterea
1029 3845 1113 3889 cun·
1167 3821 1263 3889 aliud
1293 3820 1484 3902 idolatrae,
1511 3821 1608 3890 aliud
1631 3817 1822 3892 Haeretici.
1874 3816 2047 3909 Denique
2065 3840 2147 3887 seres·

132 3917 208 3989 cedi
240 3917 419 3987 licentiam
452 3921 637 4008 peccandi,
677 3923 858 4012 abrumpit
889 3922 1020 3991 Paulus
1051 3918 1115 3991 has
1168 3945 1230 4013 per
1248 3922 1333 4006 luit,
1360 3937 1410 3990 est
1427 3937 1461 3992 et
1476 3922 1543 3991 crit
1559 3918 1744 3990 horribilis
1759 3919 1922 3991 conlusio
1940 3920 2147 4011 opinionum

132 4019 372 4111 quaestiones,
398 4022 558 4110 opposita
577 4023 676 4090 brevi
696 4039 729 4091 et
745 4023 836 4092 tristi
851 4026 1114 4113 obiurgatione:
1168 4023 1317 4096 deDeo.
1369 4020 1444 4092 Has
1460 4026 1624 4093 tenebras
1640 4024 1677 4091 in
1695 4035 1821 4093 natura
1837 4014 2033 4091 hominurn
2055 4042 2150 4112 saepe

134 4119 298 4210 Quorum
314 4123 565 4192 condemnatio
582 4124 673 4193 iusta
696 4139 764 4209 est,
792 4126 955 4195 videlicet
981 4150 1115 4207 eorum,
1168 4140 1202 4195 et
1216 4124 1405 4195 iustissime
1419 4140 1559 4197 accersat
1572 4150 1639 4195 vox
1657 4123 1798 4208 divina,
1821 4123 1866 4193 de
1879 4122 2016 4216 quihus
2027 4118 2151 4196 etha

134 4220 196 4314 qui
224 4223 355 4293 talibus
384 4224 569 4293 calumniis
600 4225 807 4295 immensam
836 4229 1114 4297 misericordiam
1169 4228 1262 4298 dicta
1277 4228 1556 4311 concionantur,
1589 4228 1627 4295 in
1652 4226 1928 4319 quibusmagna
1949 4239 2008 4297 eet
2030 4228 2151 4297 verho-

134 4323 206 4394 Dei
227 4326 418 4396 obscurant
440 4341 503 4396 etc.
555 4329 651 4395 lnira
669 4345 785 4397 atatem
810 4355 885 4420 cap.
901 4331 936 4402 6.
970 4354 1116 4419 respou-
1170 4353 1249 4399 rum
1272 4330 1454 4400 atrocitas:
1481 4328 1720 4418 Linguissuis
1740 4328 1863 4399 dolose
1885 4328 2062 4417 agebant,
2087 4324 2151 4395 l'r-

135 4424 235 4495 debit
248 4428 290 4495 ad
310 4421 402 4495 itanc
415 4428 664 4502 obiectionem.
702 4430 840 4499 interea
856 4432 1007 4502 satisest
1021 4433 1117 4513 sciri,
1171 4454 1304 4501 uenum
1320 4432 1483 4522 aspidum
1503 4435 1569 4502 sub
1590 4430 1693 4500 labiis
1709 4453 1849 4500 eorum.

137 4549 213 4597 non
237 4528 382 4596 concedi
406 4530 585 4599 licentiam
612 4533 797 4619 peccandi,
830 4537 889 4602 sed
906 4532 1021 4601 Deum
1038 4557 1119 4602 vere
1272 4528 2040 4622 Diligentissimeautemobservandumest,
2063 4528 2152 4625 quod

138 4640 173 4697 et
193 4624 413 4699 horribiliter
435 4631 536 4700 irasci
564 4635 721 4720 peccatis.
774 4632 859 4703 ldeo
876 4650 991 4705 autem
1010 4636 1118 4726 recipi
1174 4635 1299 4724 repetit
1315 4635 1551 4704 universalem
1576 4632 1873 4733 propositionem,
1895 4629 2035 4721 insigni
2048 4630 2151 4722 figura

138 4752 205 4800 nos
219 4727 347 4818 gratis,
377 4748 417 4802 ut
438 4735 598 4803 deleatur
619 4749 817 4825 peccatum,
845 4762 917 4806 non
937 4750 974 4810 ut
990 4740 1119 4807 confir·
1174 4752 1205 4806 et
1223 4738 1411 4805 verborum
1429 4732 1605 4828 emphasi,
1639 4750 1677 4805 ut
1693 4757 1799 4803 omne
1819 4754 1860 4801 os
1881 4732 2092 4819 obturetur,
2121 4742 2152 4801 et

140 4844 269 4903 metor.
320 4827 418 4904 Haec
431 4835 522 4904 inira
539 4837 715 4927 copiosius
730 4854 964 4927 exponentur.
1016 4838 1121 4911 Nunc
1175 4863 1254 4908 reus
1278 4838 1323 4907 sit
1349 4852 1443 4908 totus
1466 4840 1622 4908 mundus
1645 4835 1734 4907 Deo.
1787 4832 1891 4903 Hanc
1919 4834 2151 4905 universales!

140 4933 233 5006 redit
247 4931 379 5007 Paulus
395 4937 439 5006 ad
457 4937 652 5030 principale
668 4940 884 5014 institutum.
1175 4940 1452 5032 propositionem
1471 4940 1658 5030 infigamus
1680 4937 1827 5015 animis,
1854 4947 1890 5006 et
1911 4948 1951 5007 ut
1977 4960 2046 5007 nos
2066 4936 2153 5028 ipsos

1176 5068 1254 5112 reos
1277 5067 1350 5112 csse
1372 5066 1617 5131 agnoscamus,
1643 5057 1676 5112 et
1695 5052 1736 5110 ut
1759 5060 1986 5128 opponamus
2000 5063 2078 5107 eam
2093 5034 2153 5107 Pe-

1177 5144 1324 5234 lagiauis
1347 5159 1381 5214 et
1404 5138 1608 5228 monachis,
1638 5156 1672 5212 et
1697 5142 1892 5224 similibus,
1924 5138 2155 5227 fingentibus,

243 5239 366 5310 Altera
388 5254 424 5310 et
445 5240 651 5333 principalis
675 5246 857 5334 responsio
879 5246 1040 5337 raegativa
1062 5261 1125 5332 est,
1176 5241 1358 5315 homiuem
1372 5247 1499 5316 mereri
1523 5245 1766 5315 remissionem
1789 5242 1863 5312 suis
1881 5243 2075 5331 operibus,
2100 5254 2155 5310 aut

142 5337 264 5411 ludaei
296 5365 370 5411 non
402 5356 584 5413 merentur
616 5343 858 5418 remissionem
900 5360 1124 5440 peccatorum
1177 5348 1307 5420 iustum
1322 5372 1395 5419 esse
1413 5349 1567 5441 propriis
1583 5346 1729 5419 meritis.
1781 5344 2031 5437 Agnoscamus
2046 5344 2157 5426 ctiam,

123 1747 171 1823 St
182 1759 305 1823 autem
321 1747 512 1821 iniusticiae
526 1759 657 1821 nostra
675 1744 902 1820 commendat
920 1748 1108 1823 iusticiam

405 1849 502 1938 Dei,
527 1848 622 1952 quid
642 1846 828 1923 dicemus?

407 5099 514 5199 Quid
527 5102 643 5201 igitur
656 5106 856 5203 praecellit.
