4522 5782
88 192 95 265 t
254 186 355 263 xur.
408 192 445 264 s.
472 146 771 267 nuannsno
794 138 1129 268 uersat-fenon
1152 178 1510 277 annuamus.
1561 183 1667 265 cur.
1694 188 1778 264 xu.
1933 198 2033 275 noa

95 358 238 432 Deinde
263 375 298 432 et
322 363 413 433 aliae
438 381 562 433 causae
587 324 886 446 considerentur,
903 356 995 454 pro-2
1040 373 1186 451 propter
1209 352 1417 429 Ecclesiam
1438 373 1591 431 caeteros
1624 354 1759 456 paseat,
1792 386 1860 437 uos
1885 371 2027 460 praeci-

95 488 185 557 quas
208 467 300 533 boue
323 488 431 554 opera
453 467 612 535 facienda
640 480 743 552 sunt,
771 466 903 536 scilicet
928 468 994 555 dli
1037 486 1107 552 pue
1128 475 1246 550 gratos
1267 485 1341 531 esse
1364 464 1563 552 oportebat.

88 589 127 636 ts.
179 567 287 648 Item,
314 567 468 656 praemia
483 584 517 639 et
533 570 718 638 necessitas
740 569 877 640 vitandi
900 591 983 658 poe-
1140 562 1261 632 Tertia
1282 586 1384 632 causa
1404 580 1475 635 ests
1502 564 1596 652 Quia
1615 569 1692 638 vult
1707 566 1803 640 Deus
1819 586 1853 642 et
1869 575 2022 644 necessi-

135 664 299 755 Dignitas
330 682 383 739 est
413 673 508 762 quod
537 667 632 738 Deus
658 693 787 740 novam
811 671 984 738 obedien·
1034 677 1140 734 tatem
1165 666 1382 753 corporalem
1402 691 1474 735 esse
1490 671 1864 743 commonefactiouem
1882 679 1924 745 de
1940 677 2022 761 fide,

89 823 101 854 ,
134 771 198 839 etsi
223 784 274 838 est
294 770 452 852 infirma,
492 773 617 859 recipit
643 787 787 871 propter
809 773 982 841 mediato-
1034 765 1277 849 invocatione,
1303 770 1625 857 speetgratiarum
1650 773 1805 858 actione,
1836 778 2020 868 ideopro-

88 887 159 948 ‚ut
180 885 281 940 antea
305 872 397 954 dixi,
424 885 458 941 et
481 875 642 943 nominat
667 874 854 954 sacrificia,
880 888 913 942 et
929 884 981 940 est
1033 866 1218 937 missiones
1259 869 1398 953 edidit,
1439 884 1478 940 ut
1511 873 1660 941 sciamus
1692 869 1782 943 hane
1814 879 2018 965 petitionem

88 997 130 1042 us
152 971 307 1061 Spiritus
336 976 466 1056 sancti,
509 976 591 1066 quia
618 998 756 1064 semper
781 975 857 1044 vult
882 972 980 1069 Deus
1032 992 1105 1036 nou
1131 992 1204 1038 esse
1226 970 1383 1055 irritam,
1409 975 1608 1065 etquidem
1626 975 1700 1044 vult
1723 973 1808 1046 baec
1825 979 1898 1071 ipsa
1922 982 2017 1049 bona

92 1099 132 1142 os
147 1077 273 1142 esseio
291 1097 418 1160 genere
433 1071 608 1161 humano,
635 1079 766 1169 quibus
789 1100 862 1145 sese
882 1100 978 1145 com·
1030 1071 1136 1140 etiam
1154 1072 1222 1139 fide
1239 1073 1309 1161 peti
1326 1086 1359 1142 et
1376 1074 1565 1164 expectari,
1594 1079 1680 1145 etin
1698 1071 1763 1148 bac
1790 1081 1960 1170 petitione
1983 1099 2017 1154 et

88 1177 168 1260 icet,
195 1192 261 1247 eta
280 1176 411 1268 quibus
433 1178 586 1246 vicissim
608 1193 700 1248 recte
720 1192 930 1267 agnoscatur
944 1191 978 1248 et
1030 1174 1269 1263 expectatione
1285 1174 1549 1267 fidem,-spem,
1576 1179 1780 1268 patientiam
1799 1206 1962 1257 crescere.

88 1293 192 1348 zetus.
1131 1273 1266 1361 Quarta
1287 1293 1475 1345 causaest:
1504 1277 1550 1349 Ut
1567 1281 1638 1350 sint
1660 1285 2015 1354 commonefactioues
2103 1348 2108 1365 ,

92 1380 273 1448 Postremo
312 1379 416 1448 etiam
446 1380 602 1469 praemia
640 1395 675 1449 et
704 1381 890 1465 necessitas
922 1379 976 1447 vi·
1028 1376 1071 1442 de
1092 1377 1325 1464 promissione
1348 1379 1500 1466 gratiae,
1527 1381 1609 1473 quia
1634 1382 1755 1462 fidem,
1791 1409 1881 1476 quae
1903 1410 2013 1476 agno-

106 1504 235 1570 poenas
252 1482 538 1560 considerentur,
565 1482 648 1573 quia
667 1483 901 1552 certissimum
925 1495 976 1550 est
1027 1476 1092 1545 scit
1126 1477 1259 1563 lilium,
1295 1491 1329 1547 et
1354 1479 1479 1569 accipit
1514 1484 1837 1554 reconciliationem
1873 1503 2013 1577 oportet

88 1607 119 1650 ra
149 1596 270 1650 contra
300 1583 552 1651 conscientiam
582 1580 759 1652 attrahere
781 1608 912 1674 poenas
936 1583 974 1650 in
1025 1601 1162 1667 semper
1178 1579 1377 1668 praelucere
1391 1581 1427 1648 in
1443 1584 1613 1670 petitione
1628 1587 1862 1677 corporalium
1879 1598 2023 1663 rerum,

88 1686 172 1770 vita,
214 1683 277 1752 etsi
307 1709 379 1752 non
404 1683 464 1754 liat
487 1687 673 1753 conversio
699 1681 893 1776 posthanc
917 1686 972 1751 vi·
1025 1675 1071 1749 Et
1085 1681 1239 1771 'quidem
1266 1694 1409 1770 propter
1430 1684 1543 1752 filium
1571 1700 1725 1755 caeterae
1756 1691 2008 1778 promissiones

109 1787 204 1853 iuxta
221 1786 354 1853 dictum
374 1783 504 1853 Psalmi
522 1785 603 1858 se:
639 1785 787 1877 Propter
803 1787 972 1878 iniquita·
1024 1781 1137 1849 editae
1153 1796 1186 1849 et
1203 1794 1298 1850 ratae
1316 1797 1410 1856 sunt.
1452 1783 2007 1878 Haecomniacomprehendun·

88 1883 530 1975 ›rr·ipisfilioshominrrm.
582 1884 630 1955 Et
656 1913 856 1981 quanquam
880 1891 972 1955 bona
1024 1883 1141 1951 turin
1166 1883 1279 1953 dicto:
1315 1882 1501 1978 Quidquid
1524 1889 1855 1980 petieritis‘patrem
1878 1893 1917 1961 in
1940 1917 2009 1962 uo-

88 2016 94 2058 t
122 2013 193 2055 nou
217 2003 398 2058 merentur
413 1989 519 2056 vitam
543 2004 744 2074 aeternam,
770 2004 887 2059 tamen
908 1983 973 2057 ba·
1024 1984 1119 2051 mine
1134 2009 1231 2068 meo,
1258 1984 1356 2054 dabit
1372 1988 1484 2062 vohis.

101 2115 162 2157 sua
189 2093 360 2182 quaedam
393 2089 546 2177 praemia
574 2092 609 2157 in
637 2090 702 2159 hac
732 2091 804 2160 vita
835 2103 973 2180 etpost
1124 2083 1258 2173 Quinta
1277 2109 1379 2154 causa
1404 2103 1473 2160 est:
1502 2088 1595 2178 Quia
1621 2092 1695 2161 vult
1713 2107 1902 2187 utrumque
1926 2094 2007 2164 sciri

99 2193 226 2274 vitam,
246 2192 340 2259 iuxta
357 2191 543 2261 consilium
560 2191 644 2275 Dei,
673 2217 736 2262 nec
753 2206 834 2263 sunt
851 2192 970 2260 irritae
1021 2182 1136 2271 Deus,
1160 2200 1195 2256 et
1210 2187 1402 2256 subiectam
1422 2213 1494 2259 esse
1509 2191 1703 2261 Ecclesiam
1720 2195 1838 2273 cruci,
1861 2209 1896 2264 et
1911 2198 2007 2267 iuter

88 2317 115 2362 es
136 2294 385 2383 promissiones
405 2294 441 2359 in
460 2293 715 2378 reconciliatis,
731 2308 789 2364 ut:
816 2293 918 2376 Date,
937 2306 971 2362 et
1021 2287 1096 2377 ipsa
1113 2289 1266 2378 pericula
1284 2301 1402 2358 tamen
1415 2294 1628 2364 mirabiliter
1638 2297 1769 2363 servari
1784 2298 1821 2364 in
1838 2291 1905 2367 hac
1921 2299 2007 2383 vita,

88 2419 130 2464 ur
160 2395 270 2464 vobis.
326 2393 430 2476 ltem,
465 2390 696 2468 Matth.10.:
731 2394 806 2484 Qui
833 2395 971 2465 dederit
1020 2402 1061 2458 ut
1081 2389 1246 2459 universa
1273 2392 1482 2462 admiranda
1507 2397 1726 2465 conservatio
1748 2395 1943 2482 Ecclesiae,
1971 2414 2006 2471 et

88 2522 109 2563 ῃ
131 2519 241 2587 aquae
256 2496 317 2564 uni
336 2519 375 2562 ex
393 2496 551 2563 minimis
568 2520 727 2567 meorum
747 2499 890 2589 propter
905 2499 970 2566 do.
1020 2513 1143 2558 omnes
1161 2491 1344 2560 mirandae
1359 2493 1585 2566 liberationes
1600 2499 1885 2568 sinttestimouia
1902 2523 2004 2589 prae·

88 2623 156 2679 rm,
181 2599 392 2687 nonperdet
411 2600 605 2664 mercedem
626 2621 736 2672 suam.
1020 2593 1154 2660 sentiae
1176 2590 1243 2661 Dei
1267 2594 1305 2661 in
1331 2589 1507 2678 Ecclesia,
1543 2613 1582 2669 ut
1614 2599 1745 2669 dicitur
1778 2601 1816 2668 in
1839 2600 2006 2671 Numeris

89 2696 143 2767 Ac
161 2699 262 2767 valde
279 2698 513 2766 necessarium
530 2698 581 2768 e'st
598 2701 687 2767 scire
703 2701 894 2770 discrimen
911 2700 968 2767 iu·
1019 2716 1094 2783 cap.
1114 2691 1188 2767 te:
1222 2692 1270 2765 Ut
1283 2695 1394 2765 sciant
1407 2699 1591 2790 Aegyptii,
1616 2703 1711 2793 quod
1733 2715 1771 2771 tu
1785 2699 1940 2771 Domine
1956 2705 2004 2772 sis

88 2800 338 2868 tromissionem
367 2802 497 2888 gratiae
521 2815 554 2868 et
579 2803 830 2890 promissiones
852 2804 968 2871 bono·
1018 2796 1056 2862 in
1073 2790 1140 2864 hoc
1158 2796 1303 2889 populss·
1346 2795 1448 2868 ¹⁰⁸U2
1468 2801 1521 2871 δοῖ
1545 2801 1689 2883 ficietis>
1716 2804 1811 2895 q1¹⁰d
1825 2803 2003 2874 D⁰mi1¹11⁸

100 2903 359 2990 temporalium.
417 2900 610 2970 Promissio
653 2905 785 2991 gratiae
825 2918 970 2994 propter
1018 2896 1113 2966 Deus
1133 2897 1171 2964 in
1188 2897 1304 2965 medio
1318 2900 1422 2968 vestri
1440 2904 1495 2974 sit.
1550 2901 1826 2992 1.Regum17.:
1855 2902 2004 2976 Utsciat

88 3018 214 3073 uorem
241 3003 348 3090 gratis
369 3003 442 3070 sola
466 3003 534 3070 fide
560 3005 749 3096 accipitur,
776 3020 809 3075 et
831 3027 969 3095 semper
1018 2999 1135 3067 omnis
1151 3012 1255 3082 terra,
1277 3001 1371 3090 quod
1390 3003 1437 3071 sit
1456 3001 1550 3072 Deus
1564 3005 1602 3072 in
1620 3004 1735 3076 lsrael.
1781 3002 1904 3076 Esaiae
1922 3005 2002 3081 87.;
2104 3087 2107 3095 ‚

88 3119 130 3174 est
147 3107 335 3183 omnibus,
373 3104 495 3194 quiin
517 3106 749 3175 conversione
769 3119 967 3177 sustentant
1016 3096 1064 3169 Et
1083 3123 1179 3168 nuuc
1193 3098 1348 3168 Domine
1364 3103 1463 3172 Deus
1487 3121 1606 3174 noster
1627 3107 1720 3174 salva
1737 3130 1802 3174 nos
1827 3110 1870 3176 de
1892 3130 2001 3177 manu

88 3232 133 3291 re,
164 3207 269 3275 etiam
296 3206 432 3273 amissis
455 3206 622 3275 omnibus
645 3209 750 3276 honis
773 3208 967 3297 corporali.
1017 3197 1277 3285 Sennacherib,
1310 3216 1349 3270 ut
1373 3221 1583 3293 cognoscant
1607 3208 1727 3277 omnia
1750 3232 1857 3297 regna
1878 3223 2016 3294 terrae,

95 3311 191 3377 iuxta
207 3308 340 3376 dictum
357 3305 436 3376 lob:
471 3299 621 3376 Etiamsi
637 3310 770 3380 occidet
787 3335 859 3394 me,
887 3333 968 3398 spe·
1017 3304 1113 3396 quod
1132 3317 1170 3372 lu
1187 3302 1282 3371 solus
1297 3305 1345 3371 sis
1361 3302 1546 3379 Dominus.
1730 3384 1736 3393 ,

94 3414 131 3479 iu
148 3434 240 3478 eum.
281 3408 349 3478 Sed
369 3409 618 3499 promissiones
634 3411 811 3480 bonorum
829 3425 966 3499 tempo.
1118 3403 1195 3473 Hae
1217 3427 1340 3474 causae
1365 3409 1408 3476 de
1438 3401 1734 3498 promissionibus
1760 3412 2003 3502 corporalibus

88 3539 130 3595 n,
146 3535 346 3604 quanquam
363 3511 466 3580 etiam
483 3525 577 3580 ratae
593 3526 674 3581 sunt
694 3526 837 3604 propter
852 3512 965 3583 filium
1016 3528 1117 3594 saepe
1135 3509 1351 3595 cogitentur,
1377 3524 1417 3580 ut
1441 3511 1527 3578 fides
1551 3511 1794 3601 multipliciter
1814 3514 2001 3603 confirme-

91 3626 127 3685 et
150 3637 222 3681 non
247 3626 395 3701 prosunt
420 3612 490 3679 nisi
513 3615 734 3702 praelucente
755 3615 846 3698 fide,
871 3638 961 3707 quae
1015 3621 1091 3686 tur,
1117 3620 1152 3677 et
1175 3611 1413 3680 accendantur
1429 3612 1608 3682 invocatio
1631 3628 1665 3682 et
1687 3615 2002 3703 gratiarumactio,

88 3731 108 3785 t
123 3715 291 3803 gratiam,
315 3729 432 3782 tamen
457 3715 596 3783 additae
616 3728 698 3784 sunt
719 3716 823 3785 bonis
844 3716 964 3806 operi·
1015 3724 1049 3779 et
1063 3708 1213 3778 sciamus
1232 3734 1312 3777 vere
1328 3711 1366 3779 in
1388 3706 1454 3780 hac
1473 3714 1543 3784 vita
1562 3713 1642 3782 ideo
1667 3716 1772 3784 leniri
1797 3714 2018 3809 comumnes,

92 3832 126 3887 et
145 3818 331 3906 praecipue
355 3830 497 3903 propter
522 3811 584 3883 has
607 3817 765 3910 quinque
782 3839 914 3890 causas.
1014 3810 1248 3896 calamitates,
1283 3827 1321 3883 ut
1349 3827 1509 3883 servetur
1536 3811 1714 3901 Ecclesia,
1748 3830 1783 3886 et
1808 3822 1875 3907 pro'
1897 3812 2001 3887 bonis

88 3920 200 3989 Prima
223 3931 289 3984 est:
317 3915 365 3987 Ut
389 3918 460 3987 siut
484 3919 685 3986 testimonia
709 3919 965 4009 providentiae.
1014 3912 1180 4002 operibus
1208 3926 1409 3984 sanctorum
1424 3948 1427 3954 ·
1442 3916 1519 3983 dari
1545 3918 1655 3986 multa
1682 3919 1833 4006 praemia
1860 3918 2001 4009 publice

88 4025 179 4090 euim
202 4020 284 4087 sciri
301 4017 395 4087 Deus
416 4034 448 4087 ct
472 4019 564 4086 bona
590 4021 785 4106 corporalia
813 4043 868 4088 res
891 4042 966 4088 esse
1014 4026 1048 4082 et
1074 4014 1229 4105 privata,
1262 4016 1367 4084 etiam
1392 4016 1429 4084 in
1454 4013 1560 4105 huius
1583 4019 1674 4087 vitae
1698 4019 1881 4109 periculis,
1911 4021 2002 4089 sicut

88 4148 126 4192 so
151 4136 299 4200 creatas,
326 4133 360 4189 et
382 4144 454 4188 non
477 4143 558 4189 casu
583 4122 719 4209 spargi,
746 4123 806 4190 sed
821 4122 866 4190 ab
887 4121 964 4212 ipso
1014 4110 1136 4184 Esaiae
1152 4115 1212 4187 33.
1232 4118 1380 4190 dicitur:
1408 4115 1517 4187 Panis
1533 4120 1563 4188 ei
1584 4120 1686 4190 datus
1703 4135 1771 4204 est,
1797 4145 1909 4214 aquae
1926 4123 2001 4191 eius

101 4221 278 4292 Ecclesiae
295 4222 373 4289 dari
393 4238 426 4293 et
448 4222 666 4305 conservari,
694 4223 789 4292 iuxta
813 4224 963 4292 dictum:
1014 4216 1133 4285 fideles
1155 4233 1256 4307 sunt,
1290 4235 1323 4289 et
1350 4221 1515 4310 rigabunt
1539 4237 1687 4307 terram,
1720 4219 1854 4310 Regem
1876 4223 1915 4290 in
1938 4224 2001 4292 de·

88 4341 132 4395 est
154 4326 224 4392 vita
250 4338 329 4403 tua,
380 4337 413 4393 et
439 4324 623 4412 longitudo
648 4325 786 4420 dierum
811 4336 965 4392 tuorum.
987 4302 991 4426 l
1014 4342 1171 4389 coresuo
1188 4322 1369 4391 videbunt.

112 4425 339 4497 psalmes:
374 4422 416 4492 ln
436 4427 560 4494 diebus
583 4426 685 4494 famis
709 4426 966 4495 saturabuntur
1116 4417 1163 4491 Et
1185 4425 1513 4511 agnoscuntsancti
1543 4425 1648 4492 etiam
1684 4421 1719 4489 in
1755 4422 1999 4512 corporalibus

93 4529 232 4601 Divites
258 4528 477 4610 esurierunt,
519 4527 658 4596 timenti
686 4541 803 4618 autem
838 4528 965 4598 Domi·
1012 4523 1192 4592 beneficiis
1212 4527 1315 4613 longe
1338 4526 1495 4615 superari
1521 4524 1732 4592 liberalitate
1748 4522 1813 4592 Dei
1840 4525 1998 4615 ipsorum

88 4654 163 4699 non
188 4631 300 4698 deerit
329 4629 441 4697 ullum
467 4631 612 4723 bonum.
1012 4626 1212 4708 benefacta,
1237 4629 1370 4695 etiamsi
1389 4629 1473 4719 quid
1491 4639 1682 4694 merentur.
1738 4625 1821 4694 ldeo
1840 4626 1925 4696 dicit
1943 4624 1999 4696 la·
2090 4652 2094 4659 ¹

88 4733 265 4805 secunda:
308 4729 356 4800 Ut
386 4730 457 4799 sint
487 4730 706 4809 testimonia,
753 4730 849 4822 quod
879 4731 965 4800 velit
1014 4729 1139 4796 cobus:
1168 4728 1384 4796 Minorsum
1403 4727 1538 4797 cunctis
1556 4725 1841 4813 miserationibus
1859 4729 1941 4799 tuis.

88 4838 126 4902 in
144 4829 209 4902 hac
225 4834 294 4900 vita
311 4854 450 4900 servare
467 4827 678 4912 Ecclesiam,
706 4856 813 4923 quare
831 4831 964 4904 Paulus
1117 4827 1251 4917 Quinta
1267 4830 1425 4922 quaestio
1443 4832 1485 4897 de
1502 4829 1707 4898 discrimine
1725 4843 1959 4919 peccatorum.

88 4953 115 5021 t,
153 4938 184 5006 1.
204 4928 363 5004 Timotb.
378 4933 430 5001 ‘lu
457 4931 574 5000 Pietas
591 4927 696 5000 habet
713 4934 964 5022 promissiones
1115 4929 1262 5000 Necesse
1273 4933 1469 5000 estmoneri
1481 4928 1908 5002 bominesdediscrimine
1919 4954 1998 5021 pec·

88 5036 473 5109 eutisvitaeetfuturae.
501 5034 593 5122 Quia
603 5034 964 5104 enimvultDeusim-
1014 5044 1192 5115 catorum,
1219 5058 1263 5101 ne
1287 5024 1533 5102 cum'amtium
1550 5034 1687 5127 reliqua·
1707 5054 1779 5100 esse
1799 5048 1939 5121 peccata
1959 5033 1998 5102 in

87 5171 95 5210 ι
114 5140 272 5208 bonitate
289 5135 452 5224 colligere
466 5132 658 5203 Ecclesiam
677 5149 822 5224 propter
840 5136 964 5221 filium,
1013 5135 1143 5203 sanctis
1160 5136 1197 5202 in
1215 5131 1279 5202 hac
1296 5137 1378 5214 vita,
1405 5130 1569 5204 horribili
1587 5136 1706 5205 lurore
1723 5133 1899 5203 somnient
1915 5156 1998 5222 per-

88 5234 145 5333 per
168 5255 283 5309 servat
308 5234 404 5306 hunc
426 5240 588 5305 ordinem
611 5250 776 5319 naturae,
815 5237 963 5305 foecun-
1014 5251 1212 5306 severantes
1235 5239 1272 5305 in
1293 5237 1481 5307 sceleribus
1501 5251 1623 5307 contra
1646 5233 1896 5302 conscientiam
1922 5235 1998 5323 pla-

88 5366 200 5426 mam,
233 5354 273 5410 ut
290 5340 358 5409 alat
372 5337 563 5409 Ecclesiam
577 5339 616 5407 in
632 5331 698 5410 hac
714 5338 803 5422 vita,
832 5350 959 5410 etcum
1014 5342 1091 5407 cere
1109 5326 1201 5412 Deo.
1260 5336 1349 5411 Cum
1372 5340 1482 5430 igitur
1507 5339 1707 5434 quaeritur,
1744 5357 1834 5428 quae
1858 5349 1997 5427 peccata

678 5672 692 5711 t
