4522 5782
123 190 171 265 ar
551 190 635 267 xu.
685 183 986 267 suessano
1014 186 1064 262 lu
1090 179 1276 261 arluc.
1300 179 1514 261 loannis.
1572 166 1689 264 cae(
1708 189 1736 264 l.
2095 200 2197 298 css

121 363 212 437 coari
236 362 348 438 eitam
369 378 573 450 aeternam,
598 363 689 435 sicut
710 376 745 435 et
759 376 879 456 postes
893 362 1026 434 dicitur
1040 386 1117 457 cap.
1139 382 1146 429 l
1165 371 1201 457 et
1223 381 1354 429 noram
1377 360 1613 432 ceremoniam
1638 361 1828 455 baptismi,
1853 388 1924 460 qua
1944 368 2050 441 fiebat
2065 365 2161 443 sebi-

122 469 194 543 lli:
220 464 412 539 Sanctibca
429 490 491 538 eos
507 467 548 536 in
563 466 729 552 veritate,
754 490 870 538 sermo
887 480 970 537 tuns
985 465 1115 536 veritas
1166 485 1240 533 sma
1257 473 1291 533 et
1306 461 1488 532 distractio
1504 463 1639 555 populi.
1689 462 1854 562 Denique
1868 494 1949 541 cum
1964 472 2159 548 discederet

80 570 91 599 ¹
118 584 185 656 est,
209 568 298 639 Non
322 594 390 661 pro
413 570 464 641 eis
486 594 573 660 rogo
596 583 754 652 tantum,
781 571 840 641 sed
857 582 892 640 et
906 592 973 668 pro
988 568 1033 638 iis
1051 568 1113 662 qui
1165 564 1211 635 ab
1235 563 1417 634 ordinaria
1439 578 1628 655 potestate,
1659 581 1694 639 et
1717 570 1828 642 multa
1852 588 1974 645 contra
1999 600 2075 646 eam
2101 578 2157 648 di·

119 672 289 743 eredituri
313 687 400 745 sunt
422 675 658 765 perverbum
683 695 807 743 eorum
833 672 872 741 in
896 694 963 740 rue.
1015 668 1112 742 llaec
1164 678 1259 737 cerel
1280 680 1314 736 et
1336 667 1484 748 laceret,
1510 692 1637 759 magna
1658 693 1698 739 ac
1720 673 1837 761 gravis
1858 699 1962 748 causa
1980 679 2157 771 fuitpon-

117 789 166 846 est
181 775 329 868 propria
345 772 523 847 Ecclesiae
541 776 733 867 sapientia,
761 800 835 845 non
850 769 1016 843 bumanis
1031 772 1111 864 opi.
1162 767 1249 839 tilici
1273 782 1308 840 et
1328 770 1570 843 sacerdotibus
1590 772 1853 870 interrogandi,
1880 803 1950 872 qna
1966 783 2156 854 autoritate

118 878 289 949 nionibus
311 902 480 972 quaerere
504 878 549 948 de
565 877 659 963 Deo,
685 892 747 948 aut
769 880 814 947 de
827 873 895 946 Dei
919 877 1111 963 voluntate,
1163 866 1314 941 loannes
1344 884 1480 944 tantam
1511 874 1744 947 mutationem
1775 878 1814 947 in
1835 876 1992 952 Ecclesia
2016 884 2154 968 laceret,

116 983 174 1052 „d
195 1003 390 1070 ,gnoscere
412 1005 492 1051 eum
515 982 763 1072 perverbum,
790 994 826 1051 et
843 991 997 1050 statuere
1011 981 1109 1072 quod
1160 985 1201 1045 ut
1214 998 1311 1044 nune
1325 974 1498 1068 disputari
1514 977 1622 1063 solet,
1647 1003 1711 1049 cur
1725 981 1770 1050 ab
1786 982 1967 1055 ordinaria
1983 999 2152 1076 potestate

116 1098 210 1156 carto
233 1082 283 1154 ait
304 1084 424 1154 efficax
446 1107 509 1175 per
531 1085 680 1154 verbum
697 1107 821 1169 suum,
847 1095 942 1151 certo
959 1095 1110 1173 praestet
1161 1076 1399 1162 discedamus,
1439 1102 1502 1148 cur
1532 1081 1766 1153 mutationem
1796 1085 1835 1153 in
1864 1081 2041 1175 Ecclesia,
2077 1115 2152 1160 non

116 1210 175 1268 a,
208 1208 303 1279 quae
329 1187 369 1254 in
392 1187 501 1256 verbo
526 1208 590 1255 suo
614 1185 790 1278 promisit.
850 1183 950 1255 Sicut
976 1183 1110 1254 Paulus
1160 1179 1394 1266 mediocrem,
1429 1181 1610 1253 faciamus.
1664 1181 1748 1254 Fuit
1778 1185 1887 1275 igitur
1917 1190 2058 1262 novitas
2088 1192 2151 1263 illa

117 1289 250 1382 inquit:
283 1284 523 1377 Evangelium
544 1301 595 1360 est
618 1288 775 1380 potentia
799 1283 866 1358 Dei
888 1288 932 1355 ad
958 1287 1106 1358 salutem
1159 1280 1340 1373 etspecies
1354 1277 1550 1354 schismatis
1567 1307 1669 1355 causa
1686 1287 1883 1376 legationis.

112 1393 211 1462 omni
235 1392 409 1464 credenti.
468 1389 564 1461 llaec
584 1391 759 1461 sententia
780 1390 997 1460 uberrimam
1020 1413 1107 1460 cou-
1261 1381 1357 1454 Haec
1381 1384 1573 1476 disputatio
1598 1389 1786 1480 praecipua
1808 1405 1877 1477 est,
1911 1393 2060 1466 liceatne
2082 1397 2149 1466 ali-

115 1494 325 1564 mqffiomm
347 1494 451 1565 affer,
472 1492 552 1585 μεὶς.
604 1492 693 1563 Nam
712 1488 888 1563 humanae
902 1507 1036 1563 menia,
1054 1491 1106 1560 ia.
1158 1489 1303 1581 quando
1326 1487 1505 1558 discedere
1526 1490 1572 1560 ab
1594 1491 1775 1561 ordinaria
1796 1508 1982 1583 potestate,
2010 1514 2043 1567 et
2068 1524 2147 1570 rnu-

114 1597 177 1667 cile
198 1612 377 1686 vagantur
401 1609 497 1666 extra
520 1596 668 1665 verbum
683 1591 769 1678 liei,
796 1593 983 1688 requirunt
1006 1594 1105 1664 testi·
1158 1602 1231 1658 tare
1255 1593 1472 1675 doctrinam,
1499 1604 1532 1661 et
1555 1592 1644 1662 ritus
1660 1592 1698 1661 in
1714 1589 1883 1670 Ecclesia.
1937 1596 2053 1670 Unam
2072 1627 2146 1672 rem

113 1698 233 1769 monia
264 1698 333 1768 alia
362 1699 406 1768 de
427 1696 525 1779 Deo,
559 1698 647 1767 alias
670 1696 969 1782 illuminationes,
1003 1695 1106 1766 laeile
1157 1692 1320 1761 omnium
1351 1693 1520 1761 acerrime
1545 1698 1698 1765 oderunt
1725 1697 1945 1792 maximeque
1967 1702 2147 1774 detestan-

113 1802 296 1883 dubitant,
321 1823 369 1869 an
391 1814 613 1893 praestentur
630 1823 685 1869 res
701 1813 834 1884 tantae,
861 1823 950 1892 quae
968 1801 1105 1896 inpro-
1156 1808 1216 1866 tur
1253 1793 1321 1863 viri
1357 1795 1512 1886 politici,
1555 1797 1719 1868 videlicet
1750 1801 1984 1872 mutationem
2015 1805 2146 1897 legum,
2227 1848 2236 1873 ,ι

112 1904 344 1974 missionibus
367 1916 621 1976 monstrantur.
676 1900 759 1974 ldeo
784 1924 921 1972 necesse
943 1917 994 1971 est
1017 1924 1102 1971 eru·
1156 1920 1246 1990 quae
1275 1898 1509 1967 desertionem
1540 1900 1742 1969 ordinariae
1766 1905 1966 1995 potestatis,
1999 1909 2144 1979 seditio·

112 2006 178 2075 diri
210 2030 289 2090 ees,
323 2006 464 2076 derisu
495 2002 936 2077 etellicaciaverbiDei.
989 2002 1103 2073 Porro
1155 2022 1219 2069 nes
1241 2011 1274 2067 et
1296 1999 1491 2070 discordias
1516 2002 1659 2091 gignere
1682 2002 1790 2086 solet,
1817 2030 1908 2101 quae
1932 2023 2016 2079 sunt
2036 2011 2144 2082 exitio

111 2132 248 2177 summa
271 2102 381 2178 buius
403 2109 472 2177 loci
499 2121 571 2193 est,
598 2108 867 2177 discernendam
893 2127 965 2175 esse
987 2106 1100 2194 legem
1154 2100 1322 2171 omnibus
1343 2101 1500 2193 imperiis
1522 2116 1557 2173 ct
1576 2104 1790 2176 civitatibus.
1840 2106 1936 2179 Hinc
1958 2127 2041 2183 sunt
2063 2114 2146 2186 illae

110 2212 152 2280 ab
167 2208 389 2298 Evangelio,
416 2224 456 2280 ut
478 2234 583 2298 supra
605 2211 690 2283 dixi.
742 2210 795 2281 Ac
819 2210 930 2298 legem
948 2231 1020 2276 esse
1038 2232 1098 2276 na·
1155 2227 1256 2274 voces
1274 2200 1453 2289 Platonis,
1479 2209 1880 2296 utparentumdeliria,
1906 2212 2143 2307 itaquaedam

110 2314 259 2385 ruralem
281 2313 474 2393 noticiam,
498 2315 559 2382 sed
578 2309 1015 2401 Evangeliumessealiud
1033 2310 1101 2379 rni-
1155 2307 1433 2395 gubernatorum
1464 2307 1549 2377 viria
1581 2308 1764 2379 toleranda
1794 2335 1884 2382 esse:
1918 2330 1952 2386 ec
1983 2318 2021 2387 in
2052 2316 2144 2392 hanc

111 2417 263 2485 randum
285 2415 477 2485 consilium
499 2416 660 2504 ignotum
686 2414 862 2485 bramanae
880 2413 1008 2482 rationi
1017 2462 1029 2497 ,
1057 2415 1101 2481 de
1153 2409 1362 2478 sententiam
1386 2431 1405 2476 a
1425 2409 1691 2500 sapientissimis
1708 2413 1793 2483 viris
1809 2416 1962 2506 plurima
1978 2423 2144 2510 gravissi-

110 2517 303 2589 salratione
331 2516 471 2606 generis
493 2512 663 2600 humani,
695 2518 906 2609 patefactum
930 2517 975 2583 ab
997 2515 1100 2584 initio
1153 2536 1209 2580 me
1233 2512 1467 2580 disseruntur.
1527 2510 1809 2585 'l'ransferuntur
1838 2513 1876 2588 lli
1907 2521 2043 2612 politici
2068 2548 2143 2595 ser-

110 2620 145 2689 irs
158 2617 318 2691 Ecclesia
336 2644 399 2712 per
413 2620 525 2690 lilium
542 2619 627 2705 Dei,
654 2633 686 2689 et
700 2619 874 2688 mirandis
890 2616 1101 2688 testimoniis
1152 2636 1275 2683 mones
1307 2613 1351 2682 ad
1378 2608 1596 2705 Ecclesiam,
1623 2629 1675 2692 ,εί
1704 2618 1848 2711 quidem
1877 2641 2143 2716 exaggerantur,

109 2722 366 2792 confirmatum.
1153 2718 1263 2807 magis
1278 2716 1493 2805 parcendum
1509 2740 1582 2786 esse
1595 2717 1719 2790 dicunt
1734 2714 1929 2811 Ecclesiae,
1956 2729 2051 2818 quod
2069 2730 2142 2802 ‹lie-

155 2888 211 2964 Er
237 2885 375 2964 horest
391 2889 638 2963 testimonium
655 2885 837 2977 Ioannis,
865 2915 944 2961 cum
963 2884 1103 2961 Iudaei

206 2994 390 3066 miserunt
405 2988 630 3079 sacerdotes,
656 3002 718 3067 etc.

206 3128 328 3201 Addit
366 3131 473 3200 aliam
512 3127 752 3199 narrationem
784 3128 827 3196 de
858 3125 1012 3208 loanne,
1060 3139 1097 3197 ut

108 3233 272 3304 ostendat
309 3257 392 3302 eum
429 3255 531 3323 saepe
569 3243 733 3303 testatum
772 3253 846 3299 esse
882 3233 927 3300 de
957 3228 1098 3299 Massia.

107 3334 271 3430 Suntque
294 3334 495 3406 testimonia
520 3331 684 3417 loannis,
718 3327 867 3423 loseph,
899 3332 1099 3412 Pastorum,

107 3436 317 3529 Magorum,
350 3435 548 3518 Simeonis,
579 3449 615 3507 et
638 3436 789 3504 aliorum
816 3436 1026 3526 perscripta,
1058 3448 1097 3504 ut

106 3564 169 3611 nos
190 3539 418 3611 confirment.
470 3537 549 3609 Etsi
567 3538 664 3608 euim
682 3561 742 3619 ea,
767 3560 856 3628 quae
872 3550 1043 3628 geruntur
1060 3535 1096 3604 in

105 3638 282 3727 Ecclesia,
317 3668 392 3714 non
421 3642 568 3734 perinde
599 3641 788 3709 incurrunt
817 3640 855 3707 in
886 3642 1027 3723 orarios,
1059 3652 1097 3708 ul

106 3745 303 3815 Alexandri
331 3759 367 3816 et
388 3742 549 3816 Caesaris
574 3764 732 3834 pugnae,
762 3755 882 3811 tamen
903 3742 1001 3812 Deus
1024 3742 1097 3811 vult

104 3844 301 3917 Ecclesiam
316 3872 391 3919 esse
406 3848 561 3941 aliquem
579 3859 732 3928 coelum,
759 3868 799 3913 ac
814 3858 919 3916 testes
933 3868 1006 3913 esse
1022 3867 1097 3912 cer-

106 3964 158 4021 tos
185 3972 400 4040 magnarum
431 3972 551 4019 rerum
572 3971 663 4041 quae
684 3960 866 4036 geruntur.
933 3946 992 4016 Sic
1014 3946 1098 4015 inde

104 4076 217 4147 nsque
239 4055 287 4124 ab
311 4054 416 4123 initio
439 4052 543 4123 certis
565 4048 780 4121 testimoniis
802 4051 948 4120 verbum
968 4072 1096 4140 propa-

105 4170 227 4244 gatum
248 4168 311 4229 est.
364 4153 480 4225 Adam
505 4167 540 4225 et
560 4149 636 4223 Eva
660 4152 776 4221 testati
799 4165 881 4220 scrut
904 4153 947 4218 de
971 4151 1098 4220 condi-

106 4258 221 4339 tione,
248 4261 334 4329 item
359 4259 403 4327 de
427 4258 544 4347 lapsu.
570 4257 665 4326 etde
683 4253 1096 4345 datispromissionibus.

105 4357 162 4431 sie
183 4374 222 4431 et
244 4362 412 4451 deinceps
432 4360 543 4450 aliqui
565 4380 703 4447 semper
726 4371 957 4446 spectatores,
989 4368 1023 4424 et
1045 4369 1097 4425 te-

106 4464 344 4534 aestuarunt
368 4460 552 4556 propagati
575 4460 674 4531 verbi
698 4459 826 4533 divini.
877 4458 997 4552 Atque
1012 4452 1097 4527 haec

105 4568 148 4636 de
162 4565 382 4638 testimoniis
399 4565 579 4634 monuisse
593 4564 677 4632 satis
691 4563 747 4634 sit.

205 4669 285 4741 Nec
315 4690 406 4758 opus
434 4682 486 4738 est
514 4663 572 4735 hie
601 4665 799 4733 declamare
828 4662 871 4730 de
899 4660 1096 4731 constantia

106 4770 265 4846 loannis.
316 4771 399 4840 lilia
423 4769 582 4862 quaestio
605 4767 769 4856 agitanda
785 4778 853 4846 est,
880 4789 969 4856 quae
988 4776 1022 4832 et
1039 4788 1095 4831 oc-

105 4878 285 4947 casionem
308 4873 478 4964 legationi
500 4870 674 4962 praebuit.
726 4866 817 4938 Cum
839 4865 989 4935 loannes
1012 4865 1098 4935 arli-

107 4981 228 5051 culnm
248 5000 387 5049 novum
408 4974 554 5045 maximi
579 4971 750 5043 momenti
774 4971 946 5054 traderet,
973 4968 1099 5037 videli-

107 5097 157 5155 cet
187 5084 237 5151 de
259 5093 419 5170 tempore
440 5080 615 5149 adventus
638 5073 805 5158 Messiae,
837 5072 922 5142 item
947 5084 1100 5141 mutaret

108 5207 216 5276 genus
232 5183 430 5263 doctrinae,
456 5182 626 5269 reciperet
637 5190 769 5268 gentes,
793 5177 1098 5246 secederetatem·

109 5291 182 5379 plo,
210 5287 394 5358 omitteret
409 5282 639 5354 mactationes
654 5279 693 5348 in
708 5279 783 5367 lega
797 5279 994 5361 mandatas,
1018 5299 1098 5344 cum

1152 2817 1243 2888 sidia
1278 2817 1315 2884 in
1344 2810 1500 2886 Ecclesia
1536 2819 1616 2911 plus
1648 2822 1887 2911 periculorum
1914 2831 2142 2904 conscientiis

1152 2920 1322 3000 afferant,
1349 2933 1382 2988 el
1399 2919 1579 2990 difficilius
1594 2924 1711 2992 sanari
1731 2927 1875 3014 possint.

1252 3017 1331 3093 Etsi
1349 3035 1464 3092 autem
1484 3018 1523 3091 bi
1540 3025 1675 3113 politici
1691 3049 1872 3098 sermones
1889 3053 1992 3101 suum
2009 3027 2140 3106 liabent

1152 3123 1290 3209 locum,
1323 3136 1440 3193 tamen
1469 3125 1651 3194 sciendum
1683 3141 1754 3210 est,
1789 3125 1879 3199 banc
1909 3134 2138 3222 gubernatio-

1152 3251 1232 3294 nem
1250 3226 1354 3313 longe
1368 3225 1576 3295 dissimilem
1592 3252 1664 3298 esse
1678 3223 1845 3300 humanis
1859 3233 2028 3326 imperiis.
2064 3235 2140 3307 Ila-

1152 3330 1273 3397 laenius
1303 3327 1462 3416 regulam
1494 3343 1666 3422 quatenus
1688 3333 1889 3404 ordinariae
1914 3341 2076 3426 potestati
2101 3342 2139 3410 in

1151 3426 1305 3499 Ecclesia
1330 3433 1529 3528 parendum
1555 3432 1619 3517 sit,
1652 3447 1684 3503 et
1708 3439 1852 3528 quando
1876 3441 2053 3510 adversari
2076 3469 2139 3511 ue-

1151 3555 1242 3601 cesse
1277 3533 1333 3603 sit.
1386 3530 1575 3604 Generalis
1608 3536 1728 3624 regula
1757 3553 1807 3609 est
1833 3556 1864 3608 el
1888 3541 2137 3616 immutabilis:

1151 3630 1448 3727 Quandocunque
1483 3636 1737 3724 gubernatores
1777 3636 1955 3712 Ecclesiae
1992 3648 2139 3719 tradunt

1150 3737 1296 3826 impiam
1321 3738 1541 3822 doctrinam,
1569 3763 1707 3808 necesse
1729 3756 1780 3812 est
1796 3744 1845 3812 eis
1863 3747 2059 3830 adversari,
2083 3774 2138 3821 re-

1149 3840 1262 3908 futare
1287 3839 1433 3930 impiam
1458 3841 1674 3925 doctrinam,
1701 3846 1856 3933 proliteri
1881 3870 1920 3917 ac
1939 3873 2138 3940 proponere

1149 3965 1280 4012 veram.
1334 3939 1429 4011 Haec
1441 3943 1561 4032 regula
1579 3945 1732 4014 sumitur
1748 3950 1917 4039 crs-primo
1934 3967 1967 4021 et
1982 3958 2137 4024 secundo

1151 4060 1349 4134 praecepto:
1391 4042 1473 4113 Non
1510 4039 1659 4116 habebis
1696 4049 1780 4117 deos
1814 4051 1959 4120 alienos.
2029 4042 2135 4125 Item:

1151 4146 1230 4215 Non
1254 4147 1442 4236 usurpabis
1464 4171 1594 4216 nornen
1612 4145 1677 4217 Dei
1698 4175 1798 4225 vane.
1854 4152 1939 4221 llem
1955 4158 1998 4224 ad
2017 4153 2135 4228 Galat.

1153 4250 1201 4317 1.:
1235 4246 1276 4319 si
1306 4250 1385 4342 quis
1415 4248 1512 4318 aliud
1534 4247 1769 4340 Evangelium
1793 4255 1916 4338 docet,
1950 4254 2136 4330 anathema
2245 4272 2248 4277 '

1149 4350 1205 4421 sit.
1257 4346 1333 4419 Etsi
1357 4351 1465 4441 igitur
1487 4351 1621 4442 politici
1644 4353 1711 4420 viri
1733 4378 1833 4444 aegre
1857 4358 1975 4428 serunt
1999 4365 2136 4432 turbari

1150 4454 1396 4538 concordiam,
1423 4468 1539 4524 tamen
1562 4454 1589 4521 si
1608 4456 1788 4525 ordinaria
1809 4473 1959 4549 potestas
1976 4464 2138 4536 dissentit

1150 4580 1170 4624 a
1192 4557 1357 4639 veritate,
1384 4578 1523 4624 necesse
1543 4568 1593 4624 est
1609 4558 1775 4628 anteferri
1796 4564 1988 4635 veritatem.
2042 4565 2137 4638 Haec

1151 4658 1270 4747 regula
1307 4660 1342 4725 iu
1375 4681 1502 4747 genere
1530 4660 1702 4750 praecipit
1730 4665 1898 4733 omuibus
1929 4669 2138 4740 docentibus

1151 4756 1244 4829 banc
1267 4759 1389 4842 fidem,
1424 4773 1463 4830 ut
1488 4756 1620 4831 Paulus
1644 4764 1778 4856 inquit:
1813 4764 1890 4836 Hoc
1913 4771 2066 4863 requiri,
2100 4788 2139 4843 ut
2196 4830 2199 4835 .

1144 4862 1270 4945 ⁴fideles
1293 4862 1413 4933 sinsus.
1466 4858 1585 4950 Quare
1609 4866 1745 4937 etiamsi
1764 4866 1914 4939 loannes
1937 4887 2075 4944 tantum
2101 4877 2138 4944 iu

1151 4965 1331 5035 communi
1355 4966 1539 5036 vocatione
1561 4969 1754 5053 serviisset,
1785 4985 1901 5042 tamen
1916 4998 2061 5046 errores
2083 5002 2141 5072 sy-

1150 5089 1306 5156 nagogae
1322 5082 1438 5137 laxare
1456 5092 1536 5137 eum
1554 5071 1784 5161 oportuisset,
1809 5088 1845 5144 ut
1862 5079 2028 5151 laxabant
2044 5076 2139 5151 baud

1153 5171 1262 5242 dubie
1278 5184 1362 5241 trane
1375 5166 1584 5253 Zacharias,
1610 5169 1754 5245 Simeon
1774 5191 1808 5247 et
1823 5179 1896 5250 alii.

1256 5271 1326 5344 Sed
1349 5273 1417 5342 alia
1435 5276 1605 5366 quaedam
1631 5291 1680 5346 est
1699 5279 1888 5367 peculiaris
1903 5283 2039 5354 vocatio
2060 5309 2142 5376 pro-

113 5393 251 5484 quidem
267 5402 359 5461 esset
375 5400 480 5459 natus
495 5408 623 5476 genere
638 5383 875 5467 sacerdotum,
901 5380 1101 5450 institueret
1154 5370 1314 5468 phalica,
1339 5399 1407 5470 qua
1422 5372 1700 5545 Deqs*iusigues
1722 5382 1939 5454 mutationes
1956 5387 2082 5473 eflicit,
2105 5400 2144 5456 ut
