4522 5782
36 306 44 317 ,
158 152 244 285 ¹ste
454 200 458 219 ·
728 190 891 267 run.
917 182 1278 265 nun-sctum
1303 183 1608 261 uxucurtcs.
1963 184 1966 189 ·
2056 116 2063 121 ’
2127 138 2207 261 sto

171 376 494 472 interpretationem
529 382 562 442 et
590 369 694 458 leges.
744 361 798 435 De
830 358 897 431 bac
923 387 962 433 re
983 354 1051 429 boc
1071 373 1162 429 tem·
1215 362 1310 452 quod
1342 360 1447 431 multi
1479 360 1529 453 pii
1552 355 1716 430 homines
1740 372 1885 451 propter
1904 360 2120 433 inditiones
2139 354 2209 431 bu·

175 509 261 577 pore
275 479 457 552 dimicatio
474 489 543 559 est,
568 487 604 545 et
619 493 684 540 nus
706 466 921 537 atrocissime
944 475 1108 531 accusant
1129 473 1163 528 et
1216 486 1356 546 manas,
1390 464 1475 532 item
1495 463 1600 530 rztutti
1622 463 1670 554 pii
1697 466 1895 532 sacerdotes
1917 477 2062 554 propter
2084 464 2210 533 coniu-

177 597 404 662 execramur,
429 593 599 669 tauquam
618 567 737 641 hostes
753 567 929 638 Ecclesiae
945 563 1079 644 Dei,et
1097 586 1164 630 no·
1216 565 1312 652 gium
1347 565 1628 646 interficiuntur,
1672 559 1779 634 huius
1803 565 2021 635 crudelitatis
2044 566 2210 637 sociem

175 691 231 761 bis
247 684 396 754 crimina
413 679 574 751 omnium
591 673 741 744 maxime
756 672 959 739 detestanda
977 666 1164 746 obiiciunt,
1216 690 1252 735 se
1269 666 1455 757 polluunt,
1472 663 1699 760 compagine,
1714 663 1919 752 Sadoletus‚
1934 680 1967 737 et
1980 667 2135 751 similes,
2148 665 2209 760 qui

134 854 138 861 ,
177 802 294 860 motae
313 782 497 855 seditionis
512 782 549 847 in
565 774 739 856 Ecclesia,
761 787 796 841 et
820 766 1019 851 haereseos,
1046 779 1081 835 et
1102 789 1165 834 vo·
1218 769 1416 856 gloriantur
1432 791 1467 835 se
1483 789 1557 836 esse
1575 761 1784 846 catholicos,
1817 770 1900 862 quia
1923 768 2119 839 defendant
2142 793 2207 861 po-

178 903 260 963 cant
275 911 340 957 nos
354 901 431 958 tum
445 877 704 960 schismaticos,
732 887 805 942 turn
823 867 1029 941 haereticos.
1219 871 1329 939 litiam
1346 870 1573 959 pontificiam.

281 985 485 1059 Necverbis
508 979 673 1072 explicari
702 986 831 1066 potest,
865 985 1036 1066 quantum
1057 965 1166 1038 homo
1321 970 1442 1041 Tertia
1474 970 1715 1055 confirmatio,
1755 973 1850 1064 quod
1890 972 2117 1042 manifestum
2157 986 2208 1044 est

180 1092 367 1172 honestus,
404 1086 470 1181 'qui
497 1108 571 1154 uon
595 1081 672 1150 vult
699 1100 736 1146 se
766 1071 946 1166 perhiberi
975 1071 1167 1161 perniciem
1220 1075 1426 1143 mandatum
1443 1068 1524 1140 Dei:
1551 1068 1680 1161 Fugite
1695 1073 2117 1166 idola,anteponendum
2137 1096 2209 1143 esse

181 1219 255 1265 esse
269 1191 407 1283 generis
424 1185 588 1267 humani,
614 1180 790 1250 crucietur
803 1173 860 1246 bis
876 1174 1064 1259 conviciis,
1095 1173 1168 1241 imo
1221 1175 1452 1257 concordiae,
1497 1188 1529 1244 ct
1551 1176 1716 1244 omnibus
1741 1177 1845 1245 rebus
1868 1171 2052 1260 humanis,
2091 1199 2134 1245 ac
2155 1177 2212 1245 di·

181 1297 321 1369 facilius
351 1305 440 1363 essct
468 1287 589 1357 multis
618 1282 773 1372 perferre
802 1281 977 1349 cruciatus
1010 1275 1170 1365 corporis
1221 1293 1315 1348 ctum
1333 1277 1421 1346 illud
1438 1274 1601 1370 Dionysii
1619 1278 1740 1347 dextre
1757 1277 2027 1365 intelligendum
2043 1291 2095 1348 eet
2112 1279 2156 1346 d,
2172 1301 2209 1346 ρ,

181 1397 443 1497 acerbissimos,
467 1412 523 1491 ⁸ac
553 1384 720 1468 interfici,
759 1379 867 1474 quain
896 1375 983 1449 haec
1010 1376 1170 1447 convicia
1222 1379 1414 1462 sententia,
1440 1381 1485 1447 dc
1502 1402 1571 1470 qua
1587 1378 1766 1471 loquitur,
1792 1380 1928 1449 confert
1951 1379 2047 1449 idola
2070 1393 2105 1448 02
2129 1375 2212 1449 tm.

182 1501 317 1573 audirc.
375 1492 486 1565 Multi
515 1490 620 1560 etiam
648 1499 746 1556 metu
776 1479 904 1553 horum
928 1479 1170 1551 conviciorum
1222 1503 1326 1552 reses.
1376 1477 1446 1548 Hic
1466 1493 1560 1549 recte
1580 1480 1727 1550 dicitur:
1755 1504 1832 1548 non
1854 1481 1973 1550 minus
1993 1481 2109 1551 scelus
2129 1503 2212 1566 esse,

183 1604 325 1692 fugiunt
344 1595 597 1690 professionem
619 1586 790 1656 veritatis.
843 1581 928 1652 ldeo
954 1604 1094 1652 necesse
1119 1592 1170 1650 est
1223 1584 1308 1652 iulsa
1322 1584 1486 1671 dogmata
1501 1604 1637 1667 serere,
1661 1606 1768 1675 quam
1784 1581 1880 1652 idola
1896 1584 2022 1654 colere.
2076 1583 2212 1671 Dispu-

184 1708 263 1796 pios
294 1704 383 1793 benc
415 1695 640 1766 confirmatos
670 1702 704 1758 et
732 1686 888 1756 munitos
909 1706 982 1753 esse
1003 1686 1173 1753 adversus
1224 1698 1274 1755 tat
1302 1684 1396 1752 enim
1421 1698 1543 1755 contra
1564 1682 1755 1755 Novatum.
1815 1681 1963 1755 Constat
1984 1697 2104 1771 sutem
2129 1682 2213 1754 Mo.

185 1804 278 1877 bane
296 1799 543 1872 obiectionem.
593 1790 683 1863 Nam
699 1791 856 1881 prolecto
871 1809 976 1857 sanos
995 1800 1030 1857 et
1049 1784 1173 1853 mode·
1224 1781 1357 1856 nacbos
1371 1797 1404 1854 ct
1419 1769 1551 1854 similes
1567 1787 1657 1856 tueri
1675 1785 1878 1855 manifestos
1895 1785 2073 1855 idolorum
2085 1785 2211 1871 cultus,

186 1922 282 1979 ratos
296 1901 459 1972 lromines
473 1920 547 1967 non
562 1894 687 1965 leviter
702 1890 891 1960 vulnerant
914 1888 976 1958 ills
1001 1899 1173 1956 venenata
1223 1888 1356 1958 scilicet
1379 1886 1640 1958 invocationem
1668 1901 1892 1958 mortuorum
1923 1890 1968 1956 ad
1997 1900 2111 1958 certas
2143 1902 2212 1960 sta-

186 2007 392 2088 maledicta,
431 1996 635 2092 praesertim
670 1991 865 2072 atalibus,
904 1989 966 2084 qui
990 1988 1174 2060 doctrinae
1226 2007 1319 2072 tuas,
1352 2003 1387 2059 et
1410 1983 1607 2077 horrendas
1628 1989 1892 2080 profanationes
1917 2012 2046 2059 coense
2063 1987 2211 2059 Domini

187 2127 222 2183 et
238 2107 378 2179 virtutis
393 2102 598 2193 opinionem
615 2091 748 2165 habent
761 2094 917 2177 obiecta,
951 2091 1175 2161 ctaccedunt
1226 2094 1264 2162 in
1287 2088 1409 2160 Missis
1437 2091 1623 2160 venalibus
1656 2104 1691 2160 et
1719 2092 1943 2162 funebribus,
2000 2088 2099 2160 Hm
2120 2092 2211 2163 mah

187 2205 495 2288 multascandala,
528 2223 618 2294 quae
640 2198 775 2267 iaciunt
798 2194 1079 2286 plausibiliorcm
1104 2190 1173 2260 cri·
1226 2196 1314 2263 adeo
1332 2192 1515 2262 manifesta
1528 2208 1627 2277 sunt,
1643 2207 1682 2263 ut
1697 2193 1853 2261 excusari
1869 2215 1943 2262 non
1959 2193 2108 2284 possint,
2125 2216 2213 2287 quse

189 2311 435 2385 minationem.
488 2302 596 2374 Multi
616 2312 700 2369 sunt
715 2297 782 2367 viri
798 2318 938 2385 graves,
963 2317 1075 2378 senes,
1092 2317 1175 2362 eru-
1227 2311 1346 2367 tamen
1363 2295 1410 2364 its
1426 2295 1641 2378 defendunt,
1663 2307 1703 2364 ut
1716 2294 1875 2364 stabilire
1888 2306 2085 2380 conentur,
2110 2308 2147 2365 et
2160 2295 2214 2365 in·

190 2417 275 2500 ont,
313 2421 530 2502 praestantes
557 2401 710 2484 uirtute,
747 2398 811 2493 qui
838 2395 995 2488 Reipub.
1026 2395 1174 2466 consilia
1229 2396 1401 2470 tcrficiant
1416 2419 1475 2465 eos
1491 2396 1554 2488 qui
1569 2395 1795 2468 dissentiunt.

190 2520 253 2589 diu
282 2515 588 2604 iubefsstvefflnis
626 2517 666 2575 ut
689 2499 919 2590 Catilinam,
950 2495 1176 2588 Campegius,
1330 2496 1465 2586 Quarta
1481 2496 1720 2577 confirmatio,
1751 2498 1817 2566 etsi
1837 2497 2047 2569 diiudicatio
2070 2501 2214 2588 dogma·

188 2620 430 2693 Cemmenus,
461 2610 668 2689 Sadoletus,
685 2617 733 2687 ,et
756 2601 906 2684 similes,
938 2599 1002 2692 qui
1032 2622 1097 2668 nos
1117 2622 1177 2668 ac·
1227 2614 1304 2672 tum
1319 2599 1473 2670 indoctis
1488 2598 1644 2669 difficilis
1664 2612 1734 2681 est,
1768 2612 1886 2668 tamen
1910 2600 2042 2669 eruditi
2068 2613 2216 2692 possunt

190 2730 333 2801 cusont,
358 2717 513 2807 primum
529 2709 624 2803 quod
640 2707 728 2776 salso
743 2699 936 2774 Ecclesiam
950 2716 1126 2784 texemus,
1143 2715 1178 2771 et
1229 2703 1351 2772 videre
1364 2701 1574 2785 discrimen,
1601 2715 1635 2771 et
1652 2700 1848 2789 intelligere
1864 2726 1927 2771 cur
1941 2725 2014 2770 non
2031 2702 2078 2770 sit
2097 2725 2215 2771 assen-

192 2823 285 2895 banc
311 2819 437 2888 dicunt
466 2813 643 2900 alligatam
674 2829 748 2876 esse
771 2805 815 2874 ad
839 2802 947 2877 Rom.
970 2801 1176 2874 Pontificem
1230 2805 1390 2875 tiendum
1415 2803 1595 2872 erroribus
1612 2797 1887 2872 Monachorum.
1946 2798 1992 2872 Et
2015 2826 2215 2896 quanquam

193 2943 227 2995 et
249 2921 507 3013 Episcoporum
540 2909 758 2981 ordinariam
794 2905 1071 2987 successionem,
1112 2897 1177 2995 hos
1230 2905 1476 2976 nuncmultns
1496 2904 1700 2974 manifestos
1722 2927 1858 2973 errores
1880 2903 2038 2995 profiteri
2058 2928 2134 2975 non
2156 2928 2215 2976 au·

98 3038 101 3043 ⁴
192 3036 323 3113 negant
349 3043 467 3091 errare
499 3012 666 3107 possein
695 3008 899 3081 necessariis
933 3009 978 3077 ad
1018 3006 1178 3077 salutem.
1231 3010 1335 3092 dent,
1365 3021 1400 3077 et
1422 3006 1551 3091 iocosis
1574 3006 1927 3096 interpretationibus
1949 3006 2133 3095 mitigant,
2166 3022 2216 3077 ta-

192 3126 330 3200 Deiude
354 3123 510 3204 addunt,
551 3112 687 3186 etiamsi
709 3111 796 3205 quid
820 3109 865 3181 sit
888 3110 1037 3192 erroris,
1072 3131 1178 3205 expe-
1230 3132 1312 3178 men
1326 3131 1454 3177 nervos
1471 3131 1631 3176 errontm
1656 3107 1822 3179 retinent.
1875 3102 2014 3176 Omnes
2035 3109 2216 3178 unium.

193 3229 358 3300 ctandam
388 3246 462 3293 esse
493 3216 774 3288 emendationem
805 3213 851 3282 sb
872 3209 1054 3280 ordinaria
1077 3223 1178 3300 pote·
1231 3212 1314 3282 liter
1330 3211 1529 3279 defendunt
1542 3204 1634 3277 banc
1656 3209 1955 3297 propositionem,
1989 3210 2087 3301 quod
2111 3204 2215 3280 bomo

161 3322 164 3327 ’
194 3344 300 3409 state,
328 3350 391 3394 uec
409 3321 602 3391 movendas
618 3315 821 3395 seditiones.
870 3310 965 3399 Quia
990 3334 1089 3379 error
1112 3309 1180 3378 mi-
1232 3336 1371 3401 semper
1389 3312 1515 3380 debeat
1530 3310 1693 3381 dubitare
1708 3312 1753 3380 de
1766 3310 1973 3380 remissione
1987 3325 2228 3400 peccatorum,
2248 3314 2256 3337 ¹

103 3433 112 3445 ’
194 3457 263 3503 uus
291 3427 424 3496 malum
448 3424 509 3506 sit,
542 3442 657 3512 =quam
680 3415 828 3497 seditio,
858 3426 891 3481 et
915 3413 1178 3483 citautdictum
1232 3427 1266 3484 et
1286 3408 1649 3483 liancdubitationem
1672 3436 1745 3480 esse
1770 3413 1863 3502 piam
1887 3414 2122 3481 reverentiam
2141 3436 2217 3504 erge

194 3528 362 3626 D5⁰¹¹Y⁵ii
379 3519 611 3596 Alfflndflnl
629 3522 721 3608 ”illd
737 3512 868 3591 Effi‘b·
893 3513 958 3583 ¹5¹³·
979 3513 1032 3587 60²
1049 3514 1180 3589 maius
1232 3512 1358 3584 Deum.
1412 3515 1465 3583 lta
1480 3516 1687 3606 relinquunt
1704 3509 1906 3597 Christum,
1932 3527 1967 3583 et
1987 3514 2136 3586 abolent
2155 3518 2217 3586 do-

196 3637 309 3707 scelus
336 3650 412 3698 esse
433 3625 593 3694 scindere
613 3617 826 3701 Ecclesiam,
862 3639 971 3708 quarn
997 3616 1102 3685 idolis
1123 3639 1181 3684 sa·
1232 3616 1382 3686 ctrinam
1411 3618 1455 3685 de
1485 3616 1554 3685 fide
1584 3628 1619 3685 et
1648 3615 1893 3696 invocatione,
1931 3638 2021 3708 quae
2042 3616 2121 3685 fieri
2147 3640 2216 3687 non

196 3739 362 3809 cribrare.
415 3726 510 3798 Haec
526 3723 639 3794 oratio
656 3720 758 3789 valde
780 3717 979 3809 plausibilis
1003 3731 1073 3798 est,
1100 3716 1180 3787 ideo
1232 3730 1367 3810 potest,
1410 3741 1491 3787 cum
1524 3739 1622 3787 mens
1645 3717 1734 3806 fugit
1758 3713 1893 3796 Deum,
1934 3717 2021 3785 etei
2044 3718 2215 3809 irascitur,

195 3821 1035 3933 Pll⁸il¹¹³efffld³⁰⁵¹¹”i-⁰⁰¹¹fi¹'ffl⁸i5⁰¹¹e⁸vet'tte.
1056 3831 1190 3890 elnon·
1233 3844 1313 3889 eum
1341 3819 1381 3886 in
1416 3843 1498 3888 vero
1531 3842 1662 3909 pavore
1691 3818 1867 3888 dubitatio
1890 3819 2025 3891 crescit.
2083 3817 2219 3910 Pugnat

138 3972 143 3977 '
197 3946 353 4021 summ,
378 3935 424 4004 fid
441 3928 503 4001 im
519 3925 735 3998 0bi⁰⁶¹5⁰¹³⁰⁸
753 3922 967 3993 “fulflssdsssso
1234 3943 1316 4011 ergo
1335 3921 1480 3989 illorum
1498 3919 1703 4008 imaginatio
1722 3943 1800 3987 cum
1813 3915 1877 3988 'his
1893 3918 2012 3990 dictis:
2040 3917 2219 3991 iustificati

301 4039 354 4112 Ac
367 4036 479 4128 prima
497 4026 719 4101 confirmatio
736 4023 840 4094 nobis
855 4036 904 4093 est
921 4017 1007 4092 haec
1020 4045 1123 4104 vera,
1147 4036 1182 4094 et
1233 4024 1302 4091 fide
1336 4045 1457 4120 pacem
1496 4015 1679 4092 habemus,
1741 4017 1847 4091 lien„
1889 4016 2111 4091 ,tceedmm
2140 4046 2217 4092 eum

198 4169 288 4240 quae
304 4139 415 4212 taxari
430 4158 503 4206 non
520 4143 646 4225 potest.
698 4126 755 4195 llli
773 4125 833 4218 qui
849 4124 1044 4214 exanimo,
1061 4137 1182 4194 ctnon
1234 4125 1362 4194 fiducia
1382 4125 1426 4193 ad
1452 4116 1622 4193 thronum
1646 4121 1797 4210 gratiae.
1831 4145 1871 4191 ac
1891 4123 1995 4193 multi
2018 4146 2158 4194 errores
2179 4126 2219 4194 de

198 4247 360 4320 simulasti
383 4247 576 4331 Pr⁰v⁰c³¹¹l
597 4233 640 4301 fid
666 4227 795 4299 iuditia
818 4222 1013 4310 Ecclesiae,
1048 4249 1183 4318 nequa·
1234 4225 1439 4295 discrimine
1461 4225 1547 4312 legis
1570 4237 1605 4294 et
1629 4221 1816 4310 Evangelii
1840 4223 2007 4314 impliciti
2029 4239 2113 4297 sunt
2140 4221 2222 4297 huic

200 4371 305 4445 quarn
335 4355 419 4412 sunt
447 4335 565 4409 hostes
591 4330 786 4414 Ecclesiae,
826 4340 888 4397 aut
915 4327 1092 4412 seditiosi,
1122 4342 1184 4398 aut
1236 4351 1357 4397 eorum
1390 4325 1647 4415 imaginationi.
1707 4322 1943 4413 Manifestum.
1969 4339 2021 4396 est
2049 4326 2158 4403 etiam
2179 4328 2222 4396 ti.

199 4444 430 4528 schismatici,
468 4452 532 4509 aut
562 4432 741 4506 haeretici.
806 4429 901 4518 Quia
921 4430 1090 4521 scriptum
1116 4443 1183 4499 cst:
1235 4429 1320 4498 bros
1336 4451 1459 4497 eorum
1474 4420 1530 4497 dc‘
1543 4427 1842 4499 satisfactionibus
1867 4427 2066 4512 canonicis,
2098 4430 2222 4526 plenos

201 4555 238 4625 Si
256 4547 449 4621 Ecclesiam
467 4565 541 4610 non
556 4537 727 4619 audierit,
751 4533 798 4603 sit
812 4531 881 4602 tibi
900 4530 996 4601 velut
1011 4527 1185 4602 Ethnicus
1236 4552 1309 4600 esse
1325 4552 1485 4600 errorum
1500 4543 1535 4599 et
1550 4530 1794 4611 tenebrarum,
1819 4528 2086 4598 obscuran'tium
2102 4527 2224 4601 Evan-

201 4649 503 4724 antPublicanus.
555 4637 746 4736 Tantisper
759 4635 868 4724 igitur
889 4634 1002 4702 donec
1024 4655 1098 4703 non
1122 4634 1186 4701 de·
1237 4632 1380 4721 gelium.
1431 4629 1593 4723 Denique
1608 4643 1742 4700 certum
1756 4641 1829 4714 est,
1855 4631 1899 4697 de
1915 4631 2124 4701 remissione
2144 4656 2224 4722 pse.

200 4754 292 4844 iugit
314 4749 485 4820 indicium
511 4738 706 4824 Ecclesiae,
737 4759 813 4806 non
836 4749 949 4828 potest
971 4734 1043 4805 dici
1065 4729 1185 4819 bostis,
1237 4748 1396 4803 catorum
1415 4754 1489 4800 non
1507 4746 1600 4801 recte
1622 4731 1723 4823 loqui
1748 4754 1872 4800 eorum
1893 4730 2026 4816 libros,
2059 4746 2095 4803 et
2117 4734 2226 4804 sitm..

201 4849 531 4929 ³⁰1⁸sshf⁸ffl³¹i⁰⁰⁸·
1238 4836 1328 4906 tium
1352 4856 1425 4904 esse
1447 4832 1582 4902 deiide
1610 4832 1806 4925 accipiente
1837 4831 2082 4902 remissionem
2105 4858 2227 4926 pem.

302 4953 465 5028 Secunda
482 4962 533 5017 est
551 4965 664 5015 crassa
681 4936 914 5022 confirmatio,
926 4937 1186 5030 quoquomodo
1238 4950 1369 5007 torum.
1431 4932 1508 5003 lmo
1530 4935 1748 5005 contrarium
1769 4937 1894 5023 dogma
1928 4934 2091 5016 delendi,
2130 4939 2230 5032 quod·

202 5086 275 5133 sese
297 5056 431 5130 babent
453 5064 609 5120 caeterae
631 5040 914 5134 disputationes,
950 5035 1017 5109 boc
1040 5051 1188 5123 constat,
1239 5060 1377 5127 semper
1393 5036 1440 5106 sit
1454 5037 1692 5106 dubitandum
1708 5037 1753 5105 de
1774 5035 1990 5105 remissione.
2052 5034 2154 5109 Haec
2172 5064 2229 5111 η.

201 5187 268 5234 ¹t0⁸
283 5185 356 5232 ¹¹⁰0
372 5157 500 5228 debere
514 5148 627 5218 ⁸⁰⁶5⁰⁸
650 5167 724 5212 ²⁸⁸²
744 5139 1015 5212 manifestorum
1041 5140 1187 5232 parrici·
1239 5132 1413 5232 prehendi
1431 5161 1570 5208 necesse
1588 5151 1661 5220 est,
1694 5137 1750 5205 rel
1772 5136 1801 5204 si
1826 5137 1957 5208 fractus
1981 5131 2148 5210 illa'bitur
2168 5166 2229 5213 or-

202 5268 363 5340 diorum,
376 5260 468 5329 sicut
482 5251 651 5340 scriptum
667 5259 734 5314 est:
751 5241 831 5313 Non
849 5242 1187 5313 communicesalie-
1240 5242 1312 5312 bis:
1353 5241 1437 5332 quia
1459 5238 1693 5328 Evangelium
1718 5237 1870 5308 affirmat
1893 5232 1985 5308 hanc
2005 5243 2232 5331 senteutiam,

201 5368 258 5435 uis
290 5359 468 5455 peccatis.
513 5352 607 5426 Sunt
633 5361 751 5419 autem
781 5343 964 5415 manifesta
989 5343 1190 5436 parricidia,
1242 5344 1337 5436 quod
1354 5356 1500 5440 propter
1515 5343 1627 5412 filium
1644 5337 1710 5411 Dei
1730 5339 1960 5411 mediatorem
1978 5342 2088 5432 gratis
2101 5344 2234 5418 offers.
