4522 5782
179 204 257 284 eso
552 242 558 259 ·
761 155 1626 277 'monumemtum
1726 192 1732 201 '
1886 224 1914 245 ·-
2138 198 2207 275 sss

182 386 362 454 decretum
398 397 514 468 neqne
537 371 682 463 angeli,
727 394 845 466 neque
874 365 1042 442 homines
1069 394 1175 442 nosse
1226 370 1318 463 eepti
1344 370 1520 441 advitam
1553 384 1753 455 aeternam,
1800 374 1953 464 propter'
1976 371 2113 462 legem,
2152 374 2208 442 sed

184 494 369 573 poterant,
391 478 462 547 nisi
482 475 559 546 Deo
580 476 659 567 ipso
683 474 942 567 promulgante.
992 473 1049 547 Sit
1067 475 1177 565 igitur
1228 485 1374 566 propter
1392 472 1624 542 mediatorem
1645 476 1725 548 tide.
1777 472 1858 548 Uno
1880 488 1932 546 est
1953 474 2053 544 enim
2077 487 2114 546 et
2134 494 2210 566 pro-

186 583 272 656 haec
287 580 460 652 definitio.
1228 574 1349 645 missio
1375 574 1594 645 remissionis
1617 590 1840 667 peccatorum
1865 590 1898 646 et
1931 579 2026 648 vitae
2054 588 2211 648 aeternae

291 682 527 772 Evangelium
546 692 598 749 est
616 676 1115 770 praedicatio'poenitentiae,
1141 687 1177 745 et
1228 678 1390 748 omnium
1407 685 1629 766 temporum,
1653 679 1746 748 edita
1766 678 1871 748 initio
1893 673 1952 747 his
1974 677 2112 749 verbis:
2152 677 2209 749 Se·

187 786 394 880 promissio,
420 784 521 852 cuins
541 781 673 852 noticia
692 805 765 850 non
787 781 944 849 nascitur
960 803 1041 848 cum
1059 773 1177 849 homi·
1230 801 1311 848 men
1350 778 1512 848 mulieris
1551 781 1772 850 conculcabit
1811 793 1916 869 caput
1955 780 2151 871 serpentis,
2181 792 2212 863 et

188 891 315 978 nibus,
342 889 402 955 sed
420 908 460 953 es
476 908 605 953 arcano
626 881 775 952 consilio
792 882 925 951 aeterni
940 879 1073 973 patris,
1108 879 1178 948 im·
1230 880 1361 949 deinde
1384 881 1494 970 magis
1515 881 1695 973 magisque
1720 883 1894 951 illustrata
1917 906 2004 952 voce
2021 875 2212 972 Propheta-

192 1013 314 1059 measse
337 986 514 1071 bonitate,
547 986 683 1077 prolata
707 997 742 1054 et
764 985 933 1076 patefacta
951 997 1021 1068 est,
1043 983 1083 1051 in
1107 1005 1177 1075 qna
1231 1005 1323 1056 rum.
1375 979 1496 1069 Quare
1523 1007 1596 1051 urso
1619 998 1654 1053 et
1677 986 1801 1052 eodem
1825 985 1933 1053 modo
1955 1006 2087 1055 omnes
2108 981 2212 1053 uncti

194 1093 371 1182 promittit
395 1086 490 1156 Deus
515 1104 658 1177 propter
680 1086 813 1167 filium,
844 1086 972 1176 gratis,
999 1083 1178 1155 remissio-
1233 1086 1280 1154 ab
1310 1083 1414 1153 initio
1443 1084 1622 1174 accipiunt
1654 1085 1898 1154 remissionem
1931 1097 2157 1177 peccatorum
2181 1096 2213 1155 et

195 1217 277 1263 nem
319 1203 568 1284 peccatorum,
609 1186 963 1277 reconciliationem,
1003 1185 1179 1278 Spiritum
1232 1186 1341 1254 vitam
1365 1199 1542 1255 aeternam
1566 1187 1651 1269 hele,
1683 1187 1718 1255 id
1742 1201 1812 1272 est,
1845 1188 1974 1257 fiducia
2001 1186 2212 1268 mediatoris.

195 1309 374 1375 sanctum,
400 1291 574 1360 iusticiam
590 1304 624 1361 et
646 1290 754 1359 vitam
777 1303 977 1374 aeternam,
1002 1286 1179 1358 credenti·
1232 1311 1336 1380 quem
1360 1287 1548 1377 promissio
1563 1301 1753 1373 monstrat,
1781 1290 1875 1359 iuxta
1893 1289 2001 1359 illud:
2029 1286 2128 1359 Huic
2142 1310 2212 1358 oro·

194 1399 263 1466 bus
286 1398 321 1463 in
348 1393 471 1464 filium.
1233 1412 1296 1458 nes
1322 1383 1521 1478 Prophetae
1547 1383 1735 1478 perhibent
1766 1391 2028 1477 testimonium,
2063 1391 2214 1478 accipere

296 1494 392 1564 Haec
413 1493 572 1562 delinitio
592 1491 746 1562 sumitur
761 1503 796 1559 et
812 1516 853 1562 ex
868 1486 935 1562 hac
949 1491 1024 1584 ipsa
1042 1490 1182 1581 epigra-
1233 1490 1475 1560 remissionem
1495 1505 1713 1576 peccatorum
1732 1515 1795 1583 per
1815 1516 1946 1562 nornen
1962 1492 2058 1580 eius,
2073 1487 2212 1568 ‚Omnes

197 1594 281 1692 pho,
298 1611 330 1665 et
345 1597 510 1686 deinceps
523 1618 561 1663 ex
580 1591 772 1685 perspicuis
786 1595 955 1663 membris
972 1594 1181 1685 praecipuae
1233 1593 1295 1685 qni
1319 1593 1469 1661 credunt
1493 1592 1531 1659 in
1557 1616 1649 1664 eum.

197 1699 450 1790 disputationis
466 1697 502 1764 in
519 1691 584 1763 hac
598 1693 770 1785 Epistola.
820 1693 867 1768 Ut
890 1696 981 1765 infra
1002 1692 1127 1785 Capite
1143 1693 1181 1766 δ.

198 1825 278 1872 cnm
294 1801 437 1869 dicitur.
489 1796 593 1867 Nunc
610 1798 686 1864 sine
712 1796 787 1884 lege
808 1798 1029 1868 manifestata
1052 1810 1103 1867 est
1124 1795 1182 1863 in-

198 1904 296 1972 sticia
317 1899 395 1972 Dei.
448 1897 556 1970 ltem:
581 1895 703 1966 Gratis
724 1897 955 1967 iustihcamnr
977 1899 1063 1982 tide,
1097 1921 1181 1987 pro·

199 2017 279 2094 pter
303 2004 413 2070 filium
438 2016 502 2075 etc.
553 1997 602 2069 Et
617 1999 699 2091 qnia
723 1999 814 2067 infra
837 2023 893 2069 res
915 2002 1056 2069 eaedem
1079 2023 1182 2089 repe-

199 2107 326 2175 tendae
350 2115 471 2182 erunt,
509 2125 606 2170 ntsnc
628 2100 712 2171 satis
732 2101 777 2171 sit
804 2101 964 2171 iuniores
983 2102 1181 2185 monuisse,
1337 2097 1406 2170 Hic
1421 2097 1554 2170 Paulus
1569 2099 1802 2169 concionatur
1817 2101 1862 2169 de
1875 2101 2016 2173 duabus
2033 2102 2168 2175 naturis
2180 2100 2210 2171 in

198 2219 240 2277 ut
262 2230 400 2295 semper
421 2206 459 2272 in
483 2218 672 2293 conspeetu
702 2198 856 2273 habeant
878 2204 1068 2272 discrimen
1096 2204 1183 2292 legis
1235 2201 1378 2274 Messio.
1417 2198 1472 2271 De
1489 2215 1613 2270 natura
1630 2197 1927 2295 hnmana,quam
1945 2206 2112 2276 assumsit
2129 2204 2209 2274 filins

72 2312 75 2316 ’
199 2320 235 2378 et
257 2304 467 2395 Evangelii,
512 2329 558 2373 ne
582 2305 769 2373 delabatur
791 2304 977 2393 posteritas
1001 2307 1039 2374 in
1062 2304 1180 2396 perni-
1235 2319 1443 2375 coaeternus
1465 2303 1554 2391 patri
1578 2295 1687 2400 λόγος
1708 2329 1748 2373 ex
1772 2304 1906 2372 semine
1922 2302 2059 2386 David,
2105 2306 2210 2391 idest,

200 2409 333 2478 ciosum
359 2429 513 2475 errorem
537 2429 680 2484 eornm,
707 2407 768 2498 qni
791 2406 987 2491 finxerunt,
1016 2422 1087 2477 tres
1109 2429 1183 2475 esse
1235 2433 1277 2476 ex
1294 2406 1431 2494 virgine
1449 2404 1575 2474 Maria.
1617 2404 1671 2473 De
1685 2417 1811 2475 natrrra
1830 2405 1952 2475 divina
1968 2424 2089 2477 autem
2106 2408 2209 2479 addit:

200 2510 312 2599 leges:
344 2507 569 2589 Naturalem,
608 2506 825 2597 Mosaicam,
859 2523 892 2578 et
922 2502 1184 2597 Evangelicam,
1237 2506 1310 2599 Qni
1327 2507 1606 2587 declaratusest,
1633 2529 1707 2576 esse
1724 2499 1816 2576 liliui
1832 2506 1910 2582 Dei.
1960 2506 2209 2581 Refntatenim

125 2655 130 2663 ·
175 2626 235 2682 -et
250 2612 447 2681 obruerunt
461 2609 656 2678 doctrinam
673 2611 716 2679 de
730 2611 881 2696 gratuita
897 2611 1124 2696 remissione,
1149 2624 1185 2680 et
1237 2608 1516 2699 vulgatissimum
1539 2633 1699 2678 errorum
1726 2605 1962 2692 ludaeorum,
1993 2613 2056 2704 qui
2080 2625 2117 2682 et
2137 2626 2210 2682 tunt
2249 2688 2251 2693 ,

199 2714 245 2783 de
267 2713 388 2782 multis
409 2711 568 2782 articulis
591 2707 791 2800 Evangelii.
1237 2711 1347 2801 impie
1370 2710 1572 2798 cogitabant
1593 2723 1626 2779 et
1640 2706 1756 2780 adhuc
1771 2711 1817 2780 ita
1835 2712 2041 2803 clamitant,
2069 2712 2110 2783 in
2125 2710 2211 2784 Mo-
2249 2742 2251 2787 3

570 2872 613 2891 ,,
945 2875 953 2895 ,
1059 2874 1067 2894 ,
1160 2876 1168 2895 ,
1237 2812 1289 2883 sia
1304 2824 1440 2883 tantum
1459 2806 1650 2879 humanam
1668 2825 1829 2881 naturam
1847 2812 1932 2880 lore.
1982 2813 2209 2891 Paulnsron-
2248 2810 2251 2915 1

199 2871 315 2974 ΟΜ
327 2885 438 2946 “⁶¹⁶⁰
451 2885 625 2971 l'mmwn
639 2868 920 2993 V‘rlffml'hm
936 2885 1186 2974 mmmm
1238 2929 1292 2985 tra
1318 2914 1480 2983 nominat
1498 2912 1665 2982 Messinm
1692 2915 1804 2982 filium
1829 2911 1913 2997 Dei,
1939 2919 2137 2986 secundum
2157 2938 2212 2987 nr-

616 2988 768 3049 ⁸⁰⁰⁶²¹⁸‘
1178 3039 1180 3043 ’
1238 3033 1353 3089 turam
1378 3028 1577 3107 potentem,
1619 3040 1681 3084 seu
1703 3016 1982 3107 omnipotentem
1997 3031 2043 3104 ¹et
2066 3018 2211 3107 vivifice·

300 3111 470 3186 Occurrit
494 3115 704 3186 obiectioni:
741 3114 828 3186 Sine
860 3117 932 3186 nlla
961 3115 1185 3187 dubitatione
1238 3117 1373 3190 tricem.
1424 3112 1473 3186 Et
1493 3131 1544 3187 est
1566 3140 1650 3186 usus
1673 3117 1803 3205 insigni
1831 3119 1957 3203 verbo,
1982 3112 2209 3214 ὁρισθέντος,
2249 3146 2251 3163 ¹

201 3243 323 3288 verum
348 3232 417 3302 est,
443 3217 630 3287 articulum
653 3218 836 3288 doctrinae
851 3221 888 3286 in
905 3214 1060 3288 Ecclesia
1082 3217 1185 3308 prin·
1238 3221 1333 3312 quod
1358 3217 1547 3308 significat,
1578 3231 1674 3288 certo
1697 3219 1877 3309 cognitum
1900 3243 1994 3306 esse,
2036 3222 2140 3315 quasi
2162 3221 2211 3293 di-

201 3320 367 3408 cipalem,
407 3331 570 3406 oportere
604 3321 771 3389 omnibus
807 3320 1027 3412 temporibus
1058 3333 1182 3388 notum
1238 3335 1311 3391 cat:
1339 3319 1395 3391 De
1415 3318 1508 3398 filio,
1535 3320 1597 3412 qui
1621 3334 1726 3390 natus
1746 3337 1797 3394 est
1815 3345 1855 3390 ex
1876 3322 2012 3392 semine
2027 3321 2145 3393 David
2165 3347 2212 3393 se·

202 3444 294 3490 esse:
332 3418 391 3487 Tu
413 3419 527 3488 adfers
548 3445 674 3487 novam
695 3421 913 3506 doctrinam,
947 3419 1183 3509 Nonestigi·
1237 3425 1393 3492 cundum
1416 3444 1576 3504 carnem,
1618 3437 1651 3491 et
1679 3446 1783 3514 quem
1813 3438 1908 3492 certo
1938 3426 2123 3513 cognitum
2153 3439 2212 3510 est,

202 3536 261 3592 tur
285 3520 477 3588 necessaria
500 3516 686 3594 Ecclesiae.
1237 3548 1310 3593 esse
1331 3525 1444 3592 hlium
1466 3521 1532 3593 Dei
1563 3523 1855 3613 omnipotentem.
1908 3523 1999 3594 Nam
2025 3520 2212 3622 ὁρίζεσθαι

303 3619 398 3690 Huic
420 3637 626 3708 argumento
644 3623 760 3694 statim
783 3620 841 3695 hic
865 3625 902 3694 in
926 3621 1103 3694 vestibulo
1125 3642 1184 3689 re-
1235 3625 1425 3715 signihcat,
1459 3624 1651 3694 certissime
1676 3625 1836 3710 definiri,
1870 3626 1947 3695 sine
1972 3628 2048 3697 ulla
2079 3632 2212 3700 dubita-

201 3724 352 3814 spondct
376 3722 526 3802 Paulus,
568 3737 602 3793 et
631 3739 833 3798 constanter
859 3738 1049 3802 asseverat,
1090 3717 1182 3792 hanc
1235 3729 1332 3798 tione
1350 3722 1602 3817 comprehendi
1629 3741 1661 3796 et
1676 3728 1858 3816 cognosci:
1885 3753 1990 3820 qnam
2016 3754 2143 3800 vocem
2163 3743 2212 3801 pt.
2248 3752 2251 3759 ·

200 3825 419 3908 doctrinam,
444 3826 488 3893 de
505 3824 712 3895 remissione
729 3828 1027 3917 peccatorsrm,de
1043 3825 1181 3895 iusticia
1235 3854 1374 3923 cunque
1395 3829 1512 3899 reddit
1535 3830 1711 3899 recentior
1740 3830 1876 3900 versio:
1913 3827 1988 3920 Qui
2022 3834 2211 3903 declaratus

199 3942 235 3999 et
259 3929 329 3999 vita
350 3940 510 4012 aeterna,
539 3927 704 3997 donanda
723 3944 865 4020 propter
886 3930 1019 4012 tilium,
1045 3949 1180 4020 nequa·
1234 3946 1297 4004 est.
1349 3927 1506 4022 Antiqua
1546 3932 1661 4000 versio
1703 3954 1847 4020 prorsus
1882 3933 2106 4005 obscuravit:
2146 3932 2211 4024 Qui

198 4054 304 4122 quam
319 4052 448 4098 novam
464 4051 556 4109 esse,
583 4031 641 4095 sed
657 4032 784 4099 statim
797 4022 902 4100 initio
922 4027 1101 4100 Ecclesiae
1118 4052 1179 4118 pa·
1234 4032 1511 4125 praedestinatus
1526 4046 1595 4115 est,
1621 4047 1654 4101 et
1672 4034 1835 4122 praebuit
1852 4037 2075 4104 occasionem
2095 4036 2209 4107 alienis

197 4133 357 4201 tefactam
381 4154 454 4198 esse
476 4131 744 4220 promissionem
768 4155 787 4201 a
811 4129 905 4216 Deo,
947 4147 981 4201 et
1013 4131 1179 4220 deinceps
1232 4135 1543 4225 disputationibus.
1602 4131 1665 4204 Est
1699 4134 1807 4222 igitur
1839 4159 1921 4204 vera
1957 4137 2209 4227 interpretatio:

198 4256 282 4301 voce
305 4228 560 4322 Prophetarum
588 4232 1019 4304 illustribustestimoniis
1044 4232 1179 4301 divinis
1231 4261 1337 4330 quem
1361 4236 1553 4306 certissime
1578 4237 1757 4324 cognitum
1786 4250 1856 4316 est,
1894 4260 1969 4306 esse
1992 4240 2107 4308 filium
2139 4238 2207 4309 Dei.

196 4348 421 4427 propagatam
438 4358 521 4405 esse.
572 4329 617 4403 Et
642 4336 785 4426 quidem
801 4337 944 4406 deducit
960 4358 1025 4404 nos
1042 4337 1084 4404 ad
1101 4333 1176 4424 ipsa
1231 4339 1409 4431 Loquitur
1433 4339 1528 4406 enim
1553 4335 1707 4422 Paulus,
1744 4363 1817 4407 nors
1836 4340 1882 4407 de
1897 4340 2208 4429 praedestinatione

194 4434 321 4524 scripta
342 4431 560 4527 prophetica.
610 4430 667 4506 Ad
687 4432 929 4526 haec‘alligats
944 4451 994 4507 est
1010 4435 1177 4520 Ecclesia,
1230 4440 1266 4509 in
1282 4454 1399 4509 mente
1415 4439 1556 4521 divina,
1583 4443 1642 4507 sed
1661 4442 1705 4508 de
1719 4439 1910 4509 certissima
1930 4444 2207 4514 manifestatione

193 4536 283 4606 sicut
299 4535 386 4605 alias
401 4535 757 4624 dicitur,Ecclesiam
774 4556 966 4610 extructam
981 4561 1054 4608 esse
1070 4560 1177 4628 super
1228 4543 1292 4611 lilii
1320 4540 1386 4613 Dei
1415 4541 1453 4609 in
1479 4555 1552 4610 toto
1583 4564 1711 4629 genere
1740 4535 1909 4615 hnmano.
1948 4542 2208 4614 ¹convincimur

126 4704 152 4729 -,
191 4637 460 4708 fundamentum
476 4635 730 4729 Apostolorum
747 4655 780 4711 et
795 4636 1053 4732 Prophetarum
1070 4653 1135 4711 etc.
1227 4645 1339 4728 enim,
1376 4637 1472 4712 hunc
1495 4640 1664 4712 Messinm
1692 4664 1766 4712 esse
1790 4645 2093 4733 omnipotentem,
2132 4644 2206 4739 quit

291 4736 360 4808 llic
387 4763 509 4809 rursus
536 4742 751 4810 admonendi
789 4760 872 4815 sunt
902 4744 1081 4826 iuniores,
1129 4743 1173 4810 de
1226 4759 1260 4816 et
1291 4746 1482 4816 resurrexit
1514 4768 1533 4813 a
1569 4745 1737 4824 mortuis,
1780 4759 1813 4814 et
1857 4746 2079 4818 resuscitavit
2120 4766 2205 4816 mor·

188 4840 391 4911 discrimine
406 4841 492 4930 legis
510 4855 544 4912 et
568 4838 765 4932 Evangelii.
825 4844 905 4917 Una
930 4859 982 4917 est
1008 4846 1064 4914 lex
1095 4868 1170 4913 mo·
1225 4863 1305 4920 tuos
1329 4861 1395 4919 ete.
2088 4856 2094 4862 ’

186 4944 291 5028 ralis,
327 4956 361 5013 et
384 4958 524 5011 aeterna
549 4946 710 5014 omnium
736 4961 955 5039 temporum,
987 4947 1043 5018 eui
1068 4947 1169 5015 nullo

183 5058 341 5137 tempore
358 5040 443 5114 haec
458 5060 622 5132 corrupta
634 5043 822 5118 hominum
834 5065 960 5121 naterca
971 5049 1168 5135 satisfacere

96 5139 99 5143 ’
183 5149 316 5235 potnit,
357 5170 472 5240 neque
495 5146 693 5218 satisfacere
720 5164 843 5240 potest.
896 5149 1017 5239 Quare
1045 5149 1167 5220 Patres
1340 5145 1503 5217 luniores
1544 5148 1734 5238 diligenter
1778 5148 2005 5220 considerent
2037 5147 2206 5243 phrasin:

181 5260 215 5315 et
236 5243 434 5340 Prophetae
464 5273 537 5318 non
571 5244 749 5321 habebant
776 5252 1022 5321 remissionem
1045 5273 1164 5339 pecca·
1218 5248 1313 5340 Quia
1337 5250 1534 5320 declaratus
1557 5264 1629 5333 est,
1671 5250 1863 5320 esseillius
1890 5248 2207 5346 Deiinpotentia,

181 5359 318 5435 torum,
344 5366 575 5444 nequeerant
596 5350 816 5423 iusticoram
830 5350 929 5441 Deo,
955 5353 1079 5440 idest,
1105 5377 1163 5424 oc·
1214 5352 1344 5436 idest,
1376 5368 1513 5444 potens.
1564 5348 1775 5444 Opponitur
1793 5367 1910 5424 autem
1932 5348 2020 5427 haec
2037 5356 2206 5450 particula

1233 1758 1295 1830 De
1311 1755 1402 1855 filio
1422 1784 1507 1841 sno,
1541 1760 1608 1857 qni
1627 1768 1741 1830 notus
1764 1769 1816 1830 est
1842 1760 2052 1833 exsemine
2076 1756 2211 1845 David,

1233 1857 1430 1936 secundum
1452 1886 1608 1932 carnem.
1663 1861 1715 1932 Et
1735 1861 1803 1960 qui
1814 1857 2029 1935 declaratus
2045 1874 2122 1957 est,
2148 1884 2211 1935 esse

1324 1959 1439 2058 filius
1456 1962 1535 2034 Dei
1546 1973 1693 2061 potens,
1719 1962 1846 2051 idest,
1878 1965 2123 2063 omnipotens.

1475 5012 1483 5023 '
1589 5005 1641 5080 In
1665 5009 1844 5109 potentio.
