4522 5782
179 170 277 253 ιιιι
760 165 890 245 rain
921 161 1041 243 ιιιι.
1076 121 1287 247 sentina
1319 164 1648 251 ιιιοιιιοι..
2121 168 2209 257 sess

186 347 279 419 sinit
312 340 446 436 aliomsi
475 341 670 433 prudentes
698 363 779 410 eum
807 338 964 409 sentiunt
990 362 1028 409 ss
1050 338 1175 426 irasci,
1228 354 1281 413 ter
1304 339 1455 413 illustris
1479 341 1681 417 testimonia
1703 340 1867 431 recitari,
1889 341 2210 435 nouem-firmant

189 452 302 520 vitant
321 468 527 534 congressus
547 466 696 528 eorum,
723 441 884 535 quibus
872 457 1088 514 irascuntur
1228 445 1347 535 lapsos
1374 459 1452 534 post
1486 445 1701 536 baptismum
1733 445 1848 519 redire
1864 450 1927 527 ad
1963 444 2213 537 munden

290 542 568 619 Observandum
592 559 643 614 est
661 557 777 615 autem
800 539 867 639 boc
883 544 961 614 loco
977 545 1176 635 exemplum
1229 569 1350 638 posse,
1375 561 1409 616 et
1434 547 1620 618 redeuntes
1646 547 1867 643 recipiendos
1887 571 1983 623 esse

191 650 400 733 iuramenti,
427 651 522 743 quod
548 648 718 730 ostendit,
751 668 953 716 concessum
979 669 1052 716 esse
1071 639 1178 718 Chri·
1330 644 1523 737 Coniungit
1539 663 1656 719 autern
1674 649 2007 725 sstsm'seutentiatn
2025 672 2110 719 curn
2129 648 2214 719 illius
2247 661 2259 719 Α

191 753 316 827 stianis
334 752 470 836 inarare,
502 763 541 820 ut
554 749 638 817 alibi
666 749 843 838 copiosius
867 748 1011 818 dicitur.
1229 748 1407 820 Ecclesiae
1423 774 1524 820 voce:
1551 749 1616 823 Cat
1633 750 1827 839 ignoscitis,
1839 765 1877 829 et
1888 774 1956 840 ego
1973 750 2137 841 ignosco.
2171 748 2215 823 lta

299 853 385 923 lnde
407 866 522 921 atatem
543 851 735 920 existimari
756 863 887 941 potest,
912 850 1020 919 luisse
1037 864 1180 936 magnas
1231 852 1344 923 voluit
1371 852 1535 922 ordinem
1560 853 1772 923 iudiciorum
1799 853 1955 935 serrari,
1994 877 2074 922 nou
2097 853 2216 929 armari

193 978 314 1029 causas
346 951 452 1023 huius
483 952 750 1041 indignationis,
801 950 908 1021 Haud
939 952 1047 1022 dubie
1068 950 1180 1042 aliqui
1230 953 1342 1035 ullos,
1375 967 1416 1023 ut
1441 958 1519 1025 sine
1551 955 1754 1044 cognitione
1786 955 2095 1044 pronunciarent,
2135 954 2215 1025 sicut

193 1058 338 1135 fanatici
352 1071 385 1127 et
400 1052 843 1147 superbiPseudoapostoli
857 1078 936 1123 cum
953 1079 1013 1124 sua
1029 1053 1182 1123 factione
1231 1076 1334 1147 saepe
1359 1057 1397 1127 lit
1422 1079 1442 1125 a
1466 1053 1642 1127 Romanis
1670 1057 1905 1147 pontificibus.
1959 1055 2023 1129 Sic
2046 1056 2215 1143 intelliga-

195 1164 298 1231 valde
329 1159 559 1228 turbaverant
580 1152 775 1226 Ecclesiam
800 1150 977 1227 Corinthi.
1031 1154 1102 1226 Sed
1130 1169 1182 1226 ta·
1232 1171 1291 1228 tur
1316 1172 1350 1229 et
1380 1159 1561 1251 sequentia
1586 1160 1711 1230 verba:
1754 1153 1830 1246 Ego
1853 1183 1937 1229 curn
1963 1157 2115 1245 ignosco
2138 1159 2218 1241 aliis,

195 1263 278 1334 men
296 1260 428 1331 Paulus
452 1259 541 1327 iram
563 1258 735 1348 reprimit.
788 1257 909 1346 Quare
934 1282 1013 1325 ιιιοιι
1038 1257 1180 1326 recitata
1233 1261 1377 1350 ignosco
1394 1275 1507 1329 vestra
1523 1284 1644 1341 causa,
1665 1261 1699 1329 id
1722 1275 1793 1343 est,
1820 1284 1894 1333 non
1911 1283 1994 1329 sum
2010 1283 2100 1331 usus
2117 1284 2218 1353 poena

197 1389 317 1442 caiisa,
344 1386 407 1430 cnr
421 1385 495 1430 non
511 1361 663 1440 venerit,
688 1360 815 1431 intexit
831 1362 1116 1448 occupationem,
1144 1371 1183 1425 ut
1234 1363 1397 1450 duriore,
1430 1386 1536 1455 quam
1562 1363 1730 1431 mediocri
1757 1362 2010 1453 castigatione,
2045 1386 2136 1454 quae
2156 1385 2219 1432 non

197 1478 357 1539 occurrat
374 1464 499 1533 tacitae
513 1462 717 1534 obiectioni.
775 1462 941 1531 l‘otcrant
957 1462 1052 1529 enirn
1072 1459 1183 1551 aliqui
1235 1464 1444 1533 interficeret
1466 1479 1627 1549 sontem,
1671 1489 1715 1535 ne
1742 1463 1841 1533 vobis
1867 1464 2047 1533 maiorem
2071 1465 2219 1533 dolorem

197 1570 317 1639 nainus
346 1565 535 1634 verecundi
560 1565 695 1634 dicere:
738 1564 834 1651 Quid
858 1563 1033 1632 minitaris
1058 1560 1185 1631 nobis?
1235 1566 1421 1649 allerrem,
1446 1579 1477 1634 et
1501 1581 1634 1635 vestros
1656 1567 1793 1661 animos
1810 1568 1856 1637 ab
1872 1562 2080 1655 Evangelio
2098 1567 2220 1634 aliena-

197 1670 314 1760 'Quale
341 1668 528 1757 imperium
552 1665 619 1736 tibi
642 1666 777 1735 sumis?
823 1689 895 1734 non
922 1665 1001 1733 ideo
1032 1662 1184 1753 amplexi
1235 1693 1321 1737 rem.
1376 1662 1422 1736 Et
1440 1691 1535 1737 nunc
1551 1668 1695 1737 absolvo
1718 1693 1798 1737 eum
1823 1690 1989 1759 prorsus,
2019 1682 2057 1739 et
2074 1667 2220 1737 consola-

199 1794 321 1844 ιιιιιιιιι
352 1764 611 1858 Eutrapelum,
653 1779 693 1835 ut
725 1781 764 1837 tu
796 1768 834 1836 iu
863 1789 930 1835 nos
960 1767 1185 1861 tyrannidem
1237 1771 1334 1840 tione
1352 1793 1432 1838 vera
1450 1769 1537 1858 erigi
1556 1770 1650 1851 volo,
1667 1794 1712 1839 ne
1726 1770 1922 1839 diabolicae
1939 1769 2097 1839 insidiae
2113 1771 2150 1837 in
2164 1765 2219 1839 hoc

200 1895 380 1954 exerceas,
411 1870 439 1937 si
463 1884 534 1939 tarn
560 1869 753 1960 periculosa
779 1869 928 1938 servitus
953 1870 1095 1937 ferenda
1122 1879 1185 1946 est,
1237 1872 1361 1941 dolore
1377 1896 1457 1940 enrn
1482 1873 1665 1958 impellant
1689 1872 1728 1941 in
1751 1871 2041 1961 desperationem
2059 1886 2092 1941 et
2108 1873 2144 1940 in
2159 1872 2219 1940 ρχῑ.
2257 1930 2259 1935 ,

200 1976 321 2067 potius
344 1975 388 2041 ad
416 1966 589 2039 Etbnicos
621 1973 814 2040 redeamus.
868 1969 963 2040 Huic
994 1969 1186 2039 obiectioni
1237 1977 1339 2046 tiana.
1390 1970 1503 2058 Novi,
1531 1972 1666 2069 inquit,
1693 1974 1921 2063 cogitationes
1949 1968 2132 2057 bostium,
2158 1974 2219 2042 scio

201 2073 354 2149 occurrit
372 2071 438 2142 boc
453 2075 575 2141 modo:
602 2070 684 2142 Non
706 2070 794 2142 mibi
818 2096 922 2142 stanno
941 2073 979 2140 in
995 2095 1057 2140 vos
1074 2073 1187 2161 impe·
1238 2076 1400 2146 diabolos
1424 2074 1586 2145 insidiari
1616 2073 1814 2161 Ecclesiae,
1855 2089 1890 2147 et
1915 2074 2082 2144 intentos
2105 2075 2220 2144 esseio

203 2182 310 2249 rium.
363 2174 444 2245 Non
461 2199 592 2267 quaero
612 2175 808 2264 potentiam
833 2189 893 2243 aut
916 2196 1019 2263 opes,
1042 2176 1103 2242 sed
1120 2172 1187 2239 mi·
1240 2179 1478 2254 occasionem,
1519 2191 1557 2246 nt
1600 2200 1785 2268 oppressos
1826 2177 2034 2256 moestitia,
2067 2190 2218 2263 urgeeut.

202 2283 315 2351 nister
338 2301 414 2345 sum
438 2276 562 2345 salutis
584 2289 736 2360 vestrae,
769 2275 876 2369 idque
901 2277 986 2345 dicit
1009 2275 1188 2352 blandius,
1240 2278 1311 2348 Nec
1333 2281 1425 2347 addo
1442 2271 1500 2346 hic
1518 2278 1714 2367 longiorem
1733 2278 2014 2353 enarrationem.
2071 2280 2219 2351 Satisest

202 2380 322 2475 gaudii
351 2377 475 2459 vestri,
502 2400 631 2471 sequor
653 2378 810 2467 regulam
832 2372 1052 2448 mibiaDeo
1077 2376 1188 2445 tradi·
1240 2382 1335 2449 enirn
1375 2381 1674 2451 commonefacere
1710 2381 1897 2465 lectorem,
1949 2394 1992 2451 ut
2038 2380 2220 2471 exerraplunt

204 2500 294 2566 tam,
322 2481 382 2572 qui
401 2476 469 2548 hoc
486 2495 608 2548 nostro
625 2479 824 2549 ministerio
842 2489 940 2549 vocat
957 2503 1019 2551 vos
1035 2479 1078 2547 ad
1093 2478 1187 2547 salu-
1240 2485 1403 2552 observet
1420 2485 1464 2550 de
1480 2485 1587 2550 ruodo
1604 2482 1864 2551 condemnandi
1882 2482 2026 2570 lapsos,
2055 2496 2091 2553 et
2115 2485 2156 2551 de
2175 2504 2219 2550 re·

203 2600 295 2661 tem,
322 2583 359 2649 in
377 2606 447 2673 qino
464 2593 602 2650 tantum
619 2604 657 2649 ea
674 2604 758 2671 ago,
785 2582 881 2651 iuxta
904 2582 1060 2669 regulam
1079 2605 1097 2649 a
1115 2579 1189 2650 Deo
1240 2585 1413 2675 cipiendis
1441 2583 1621 2653 conversis
1647 2585 1789 2676 longior
1818 2583 1984 2655 doctrina
2014 2588 2063 2654 de
2093 2606 2221 2657 conver·

33 2685 39 2697 ’
161 2682 390 2767 ·traditam‚
410 2708 498 2775 quae
514 2683 615 2752 vobis
631 2683 799 2755 salutaria
813 2698 907 2754 sunt.
959 2678 1190 2753 Etbaecdo·
1241 2688 1340 2756 sione
1368 2684 1456 2754 alibi
1482 2685 1660 2757 recitatur.

1775 194 1807 253 ..³-
1860 186 1959 253 .l2!!.

206 2811 271 2859 uec
285 2786 356 2855 lide
372 2784 491 2867 statis,
516 2786 614 2853 vobis
629 2799 725 2872 grata
744 2799 861 2859 erunt.

308 2886 381 2958 lam
408 2882 466 2955 bic
493 2886 682 2955 discrimen
714 2888 878 2978 politicae
913 2886 1114 2980 potestatis,
1156 2898 1191 2957 et

205 2988 394 3063 ministerii
420 2988 612 3077 evangelici
637 2990 898 3073 consideretur,
923 3004 964 3061 ut
983 2989 1069 3058 alias
1090 3012 1192 3078 saepe

204 3095 349 3167 dicitur.
402 3087 559 3160 Potestas
576 3090 717 3175 politica
733 3117 768 3158 ιιι
758 3093 959 3182 corporali
979 3095 1132 3178 coercet,
1159 3105 1193 3161 et

133 3232 143 3240 ·
206 3195 312 3291 punit
335 3192 485 3275 invitos,
512 3206 551 3261 ut
573 3190 729 3263 Rotnani
752 3207 887 3283 recepta
906 3191 1025 3284 Capua
1042 3192 1194 3261 Senato-

205 3322 261 3370 res
278 3293 466 3386 Capuauos
481 3296 524 3363 ad
543 3295 663 3385 palum
686 3296 857 3383 deligatos
876 3295 989 3363 securi
1015 3317 1194 3384 percusse·

206 3413 293 3470 runt
317 3396 464 3464 invitos:
492 3396 552 3463 sed
579 3408 730 3485 potestas
751 3397 982 3466 ecclesiastica
1007 3392 1099 3465 nihil
1112 3396 1193 3483 agit

207 3528 245 3568 vr
233 3497 452 3589 corporali,
479 3520 552 3565 non
568 3491 674 3567 babet
690 3520 787 3567 arma
804 3513 837 3568 et
854 3500 1057 3573 exercitum.
1098 3495 1195 3569 llaec

208 3602 296 3673 alibi
321 3598 497 3690 copiosius
523 3611 745 3673 enarrantur.

591 3860 728 3971 Caput
761 3860 815 3945 ΙΙ.

451 4059 609 4133 Decrevi
630 4056 736 4158 opud
754 4060 945 4159 meipsum.

311 4220 457 4293 Initium
491 4218 636 4288 secundi
669 4217 793 4306 capitis
832 4217 985 4307 pertinet
1013 4218 1056 4287 ad
1092 4216 1197 4287 finem

211 4324 376 4420 proximi.
428 4318 556 4390 Narrat
574 4320 668 4388 enim
692 4319 855 4406 pluribus
872 4320 1009 4402 verbis,
1040 4343 1103 4388 cur
1123 4344 1197 4389 non

211 4427 375 4509 redierit,
409 4422 577 4493 videlicet
609 4444 654 4490 ue
687 4421 761 4488 eius
791 4420 1001 4491 moestitiam
1032 4422 1198 4492 severitas

213 4532 332 4620 aliqua
366 4538 517 4611 ningeret.
577 4517 625 4592 Et
663 4522 800 4612 mitigat
832 4523 1115 4611 obiurgationem
1159 4525 1197 4592 in

169 4632 172 4637 ’
213 4632 333 4723 priore
351 4624 509 4718 Epistola
535 4626 717 4714 scriptam,
744 4624 895 4694 subinde
920 4639 1079 4716 repetens
1100 4650 1197 4695 com·

213 4731 504 4802 memorationem
523 4749 605 4795 suae
623 4748 702 4814 erga
719 4748 784 4794 nos
807 4725 901 4814 ipsos
918 4728 1197 4813 benevolentiae,

215 4852 250 4906 et
275 4834 427 4902 vicissim
448 4824 716 4901 Corinthiorum
745 4849 824 4915 erga
856 4829 970 4918 ipsum
1004 4831 1197 4898 observan.

214 4939 309 5013 liam.
364 4935 426 5004 ait
444 4955 478 4999 se
495 4931 736 4999 lacrimantem
757 4929 920 5002 scribere.

316 5035 439 5105 Postea
456 5033 565 5101 addit
579 5053 774 5118 expressam
798 5031 1057 5101 absolutionem
1082 5026 1198 5100 homi-

1234 2831 1348 2908 'Atta
1374 2827 1656 2928 ἀποταξάμενος
1680 2833 1827 2921 αὐτοῖς,
1855 2835 2024 2932 ἐξῆλθον
2053 2839 2106 2919 etc
2127 2859 2220 2931 μιαι-

1661 2934 1810 3013 ‹inrior-

1344 3092 1508 3165 Narrat
1498 3096 1625 3164 itinera
1641 3118 1722 3177 sua,
1747 3117 1785 3161 ac
1807 3093 1989 3183 aripatet'
1979 3119 2020 3161 ιιι
2046 3087 2102 3161 lais
2120 3113 2221 3160 narra-

1228 3197 1403 3285 tionibus
1426 3221 1529 3289 saepe
1550 3222 1646 3289 perv
1636 3210 1775 3285 aagatum
1797 3218 1870 3263 esse
1900 3195 2084 3264 minorem
2109 3193 2220 3273 Asiam,

1247 3314 1281 3370 et
1306 3298 1492 3390 aliquoties
1515 3300 1631 3367 inde
1621 3325 1657 3368 ιο
1681 3296 1862 3386 Europam
1885 3298 2088 3385 navigasse.
2153 3290 2220 3358 ler-

1248 3403 1333 3469 bum
1364 3394 1641 3491 ἅποιοὶξάιιειος
1673 3398 1863 3487 siguificat,
1910 3399 2083 3469 iudicans
2113 3398 2221 3464 disca·

1249 3527 1324 3571 sum
1351 3503 1451 3582 aliis,
1484 3503 1576 3572 sicut
1593 3501 1708 3571 Lucae
1727 3498 1762 3573 9.
1790 3497 1993 3588 Usurpatur
2015 3515 2051 3569 et
2079 3496 2220 3573 indetis

1248 3605 1360 3695 capite
1389 3602 1447 3675 18.
1507 3599 1571 3674 Est
1594 3617 1709 3674 autem
1733 3603 1770 3670 in
1798 3602 1904 3670 verbo
1941 3597 2032 3671 hacc
2056 3594 2220 3690 emphasis.

1250 3708 1414 3775 ordinare
1429 3705 1521 3794 apnd
1540 3705 1645 3788 alios,
1668 3728 1758 3797 quae
1775 3705 1816 3772 ad
1837 3703 2033 3771 discessum
2052 3705 2220 3824 pertinent.

1216 3878 1220 3887 ,
1250 3806 1337 3877 Est’
1330 3808 1435 3894 agitur
1450 3821 1482 3877 et
1500 3806 1637 3876 forestae
1652 3799 1836 3875 verbum'
1814 3829 1955 3886 αποιοι
1927 3798 2143 3877 'notior'
2099 3832 2142 3898 ra,-
2156 3807 2221 3891 sir,-

1250 3904 1432 4004 ρονοιιίᾳ,
1460 3910 1582 3980 cedere
1607 3903 1839 3987 haereditate,
1875 3907 2058 3989 iudicare,
2086 3858 2221 3997 profiteii

1251 4035 1286 4080 sc
1308 4010 1404 4079 nolle
1429 4005 1679 4079 haereditatem
1702 4011 1835 4079 audire.
1887 4006 1933 4078 Et
1949 4006 2115 4102 Cyrillus
2139 4007 2221 4075 dicit:

1250 4113 1299 4192 sic
1311 4116 1405 4184 νοῦν
1423 4107 1475 4204 μὴ
1498 4104 1677 4204 λαβόντες
1690 4106 1760 4203 τὴν
1775 4102 1954 4191 σύνταξιν
1964 4116 2147 4203 χριστοῦ,
2177 4102 2222 4179 roi

1248 4211 1318 4307 τὴν
1341 4207 1519 4294 ἀπόιαξιν
1540 4218 1609 4285 τοῦ
1630 4207 1834 4305 διαβόλου,
1867 4212 1950 4282 Νοιι
1979 4214 2174 4303 cogitantes
2198 4231 2222 4277 ιι

1250 4318 1390 4386 loedere
1413 4317 1620 4386 coniunctos
1640 4339 1714 4385 esse
1738 4340 1819 4386 curn
1841 4311 2011 4399 Claristo,
2048 4330 2085 4386 et
2112 4335 2224 4385 renuas

1251 4420 1358 4489 ciasse
1383 4418 1537 4488 diabolo.

1355 4591 1417 4684 Tap
1443 4576 1717 4684 θριαμβεύοντι
1739 4578 1835 4679 ἡμᾶς
1851 4580 1890 4655 ἐν
1906 4587 1964 4679 τῷ
1982 4590 2143 4683 χριστῷ.

1349 4727 1433 4814 Agit
1466 4725 1594 4812 gratias
1626 4721 1818 4814 Apostolus
1847 4715 1971 4804 Deo,
1999 4727 2099 4814 quod
2131 4745 2227 4817 quan·

1251 4855 1356 4920 quarn
1394 4828 1503 4915 magis
1537 4826 1717 4896 aerunanis
1749 4841 1783 4895 et
1814 4824 2077 4895 certaminibus
2119 4823 2227 4915 possin

1251 4943 1470 5008 exerceatur,
1514 4943 1630 4997 tanuen
1654 4942 1830 5008 servetur,
1873 4938 1907 4995 et
1935 4920 2070 4997 babeat
2094 4921 2228 4999 docendi

1252 5035 1387 5116 locum,
1432 5045 1465 5100 et
1488 5031 1630 5118 colligat
1651 5029 1806 5120 aliquem
1828 5040 1992 5111 coetum,
2036 5031 2127 5099 sicut
2149 5047 2227 5097 nunt

215 5145 272 5211 nis
295 5151 396 5206 antea
425 5134 584 5202 damnati
609 5145 753 5250 propter
776 5131 944 5201 incestam
969 5134 1197 5203 consuetudi·
1251 5135 1381 5204 mirum
1412 5147 1480 5216 est,
1520 5134 1608 5201 adeo
1641 5128 1911 5201 adversantibus
1947 5131 2174 5216 pontificibus
2201 5138 2228 5193 ct

109 5290 112 5301 .
213 5266 294 5312 nam
318 5262 397 5309 cum
417 5258 588 5318 noverca,
612 5233 672 5326 qui
694 5235 737 5301 ad
761 5234 1013 5323 poenitentiam
1036 5237 1199 5308 redierat.
1253 5238 1413 5326 regibus,
1457 5249 1575 5305 tamen
1608 5231 1725 5303 Deum
1767 5231 1897 5301 alicubi
1935 5246 1972 5301 et
2006 5220 2259 5329 ministeriun}

214 5343 437 5435 Asprimnrn
453 5332 803 5420 bicsciendutncst,
830 5328 897 5405 ltoc
922 5336 1152 5426 exemplum
1142 5361 1198 5404 tn·
1252 5335 1439 5426 Evangelii
1463 5332 1690 5406 etEcclesias
1712 5356 1859 5401 servare.
1913 5330 1985 5402 Pro
2011 5359 2055 5405 eo
2079 5328 2259 5407 beneficit
