4522 5782
154 182 251 303 ,rss'
757 202 887 281 run.
911 178 1032 279 unu.
1060 202 1600 313 scararunxucnrrca.
2140 182 2216 281 tss

276 378 451 465 Econtra,
476 379 539 474 qui
559 374 743 451 Christum
767 377 888 460 novit,
913 372 983 447 boc
1007 391 1078 462 est,
1104 374 1166 471 qul
1220 378 1298 472 pius
1320 379 1421 469 fungi
1446 404 1509 449 sno
1534 401 1696 450 munere.
1744 375 1846 450 Sicut
1862 374 2076 449 mirabiliter
2091 398 2217 449 serva·

174 488 295 559 audita
311 508 395 556 voce
405 480 612 574 Evangelii,
634 482 703 552 fide
717 485 840 551 statuit
856 503 892 550 se
910 494 1055 571 propter
1072 479 1169 552 hunc
1221 484 1273 553 vit
1288 481 1474 553 Danielem
1489 482 1666 554 obiectum
1679 482 1862 567 leonibus,
1886 496 1920 551 et
1935 478 2054 550 David
2070 478 2217 573 aliquo·

175 591 289 659 frlium
313 586 585 679 propiciatorem
610 586 720 677 recipi
742 582 875 668 aDeo,
901 596 935 652 et
951 584 1078 652 donari
1097 583 1169 653 vite
1222 586 1287 654 ties
1307 585 1458 675 eripitur
1480 583 1602 669 Sauli,
1635 598 1805 677 tanquam
1829 607 1870 653 ex
1892 584 2066 671 faucibus.
2116 577 2217 653 Haec

179 706 341 774 aeterna,
366 689 396 759 is
421 689 490 757 iam
515 711 596 757 vere
611 686 711 758 novit
728 699 884 777 patrem,
908 680 976 754 hoc
992 698 1063 769 cst,
1089 708 1171 754 vere
1222 689 1378 776 exempla
1400 686 1612 757 confirment
1632 700 1667 757 et
1685 709 1771 771 nos,
1796 710 1842 754 ne
1858 686 2102 755 deterreamur
2117 694 2217 753 metu

181 792 303 863 statuit
330 804 531 884 utrunque,
565 804 598 859 et
620 788 735 859 Deum
768 791 858 857 iuste
888 787 991 856 irasci
1015 799 1171 881 peccato,
1224 784 1668 868 hostiurnaiconfessione‚
1695 801 1755 857 aut
1770 788 1850 858 aliis
1862 785 2128 869 certaminibus,
2150 807 2217 856 nes

182 897 290 978 adeo,
316 906 356 963 nt
373 894 471 963 nulla
487 893 555 960 alia
572 886 707 971 hostia,
735 903 978 981 praeterquam
997 890 1171 977 unigeniti
1224 890 1445 979 defugiamus
1465 890 1595 960 similia
1613 890 1788 981 pericula,
1814 891 1875 959 sed
1893 903 1929 960 et
1943 887 2011 979 ipsi
2024 912 2045 957 a
2059 883 2139 957 Deo
2155 908 2217 957 es·

182 997 248 1066 filii
263 1010 394 1075 morte,
420 993 550 1086 placari
567 994 740 1083 potnerit,
765 1006 799 1061 et
813 1015 894 1059 vere
908 1014 981 1060 esse
997 990 1172 1061 infinitam
1224 1007 1403 1083 pectemus
1431 993 1691 1078 defensionem,
1723 1005 1762 1063 ut
1783 986 1948 1062 Christus
1975 992 2109 1059 docens
2141 1010 2217 1059 non

184 1113 219 1168 et
250 1096 468 1166 ineffabilem
493 1095 690 1165 honitatem
720 1106 756 1164 et
785 1092 1062 1162 misericordiam
1092 1092 1173 1182 Dei,
1226 1091 1480 1186 prehenditur,
1512 1093 1561 1164 ita
1589 1094 1741 1164 sciamus
1765 1092 1880 1163 Deum
1905 1106 2027 1163 etnos
2048 1090 2217 1161 defensu-
2252 1134 2255 1173 ς

185 1203 280 1293 quud
314 1199 422 1288 gratis
453 1211 596 1289 propter
627 1197 738 1265 filium
767 1196 921 1265 remittat
949 1208 1107 1286 peccata,
1140 1207 1175 1265 et
1225 1221 1304 1267 rum
1337 1217 1409 1265 esse
1437 1195 1605 1268 facientes
1632 1196 1808 1282 officium,
1847 1196 1962 1265 donec
1988 1192 2217 1263 absolvamus
2251 1236 2255 1251 ·

185 1302 311 1371 reddat
335 1302 444 1370 vitam
465 1315 661 1381 aeternam,
687 1297 822 1366 meritis
846 1298 934 1365 iram
957 1310 991 1365 et
1013 1310 1174 1369 mortem.
1226 1321 1369 1368 cursum
1395 1312 1537 1368 nostrae
1561 1297 1779 1384 vocationis,
1810 1320 1877 1366 nec
1899 1316 2122 1366 successurus
2143 1314 2218 1363 esse
2251 1340 2255 1361 .

185 1400 265 1471 lloc
287 1404 429 1471 demum
447 1414 500 1471 est
515 1424 596 1470 vere
613 1400 752 1468 novisse
771 1401 909 1478 Deum,
936 1413 1027 1468 certa
1046 1399 1173 1467 fiducia
1227 1414 1373 1470 conatus
1399 1400 1703 1485 adversariorum,
1734 1399 1907 1495 quamdiu
1928 1396 2026 1471 Dens
2052 1396 2132 1468 vult
2151 1416 2219 1467 nos

185 1498 451 1595 apprehendere
482 1503 760 1571 misericordiam
785 1515 818 1571 et
840 1501 1054 1585 bonitatem,
1086 1523 1175 1593 quae
1226 1501 1326 1593 fungi
1344 1525 1491 1572 munere
1507 1501 1713 1576 vocationis.

186 1606 289 1694 erigit
311 1629 387 1686 cor,
414 1618 454 1674 nt
474 1605 610 1675 desinat
627 1604 747 1691 fugere
765 1602 899 1694 Deum,
925 1626 990 1670 nec
1005 1602 1175 1672 irascatur

185 1704 282 1786 Deo,
309 1720 344 1775 et
366 1706 480 1775 oderit
504 1731 606 1786 eum,
634 1706 725 1776 sicut
747 1726 886 1774 necesse
908 1704 1069 1787 estheri,
1095 1728 1174 1772 cum

187 1831 250 1899 per
281 1808 391 1896 legem
425 1806 550 1897 incipit
579 1808 798 1877 innotescere
831 1805 942 1874 menti
967 1808 1175 1895 magnitudo
1330 1803 1461 1876 Tristis
1484 1821 1517 1878 et
1538 1800 1716 1876 horrenda
1731 1804 1961 1876 comminatio
1974 1816 2026 1873 est
2042 1806 2088 1873 de
2103 1825 2219 1903 poene
2252 1794 2255 1843 2

125 1912 128 1919 '
186 1909 319 2001 peccati
342 1922 377 1979 et
395 1910 468 1978 irae
484 1906 571 1994 Dei,
596 1910 663 1979 sub
686 1933 754 2000 qua
773 1907 1026 1998 opprimuntur
1044 1920 1177 1978 mentes
1230 1905 1377 1995 neglecti
1394 1919 1429 1978 ct
1441 1910 1608 1979 contemti
1627 1904 1831 1998 Evangelii,
1856 1907 1976 1998 quales
1992 1906 2125 1976 multae
2139 1926 2220 1997 pss-
2250 1926 2255 1967 t

189 2012 454 2101 desperatione,
480 2025 515 2080 et
535 2022 644 2080 ruunt
659 2010 697 2078 in
716 2025 864 2079 mortem
881 2023 1081 2091 aeternam,
1105 2009 1176 2076 nisi
1228 2009 1294 2077 sim
1325 2009 1503 2098 leguntur.
1554 2008 1654 2081 Dixit
1686 2012 1731 2078 de
1751 2033 1816 2079 suo
1839 2007 2028 2092 beneficio,
2056 2002 2220 2078 hortatus
2250 2028 2255 2067 t

187 2125 398 2182 revocentur
421 2136 505 2182 voce
520 2108 727 2201 Evangelii,
753 2135 842 2205 qnae
865 2110 966 2181 iubet
988 2109 1177 2192 confidere,
1229 2124 1283 2181 est
1299 2113 1484 2202 populum,
1505 2127 1544 2182 ut
1560 2111 1735 2202 accipiant
1752 2105 1845 2182 hanc
1859 2110 1996 2194 lucem,
2023 2128 2116 2203 quae
2129 2109 2221 2179 lihe-
2251 2132 2255 2173 r

188 2214 284 2307 qnod
308 2229 403 2284 certo
431 2228 576 2305 propter
598 2214 710 2283 filium
728 2210 825 2282 Dens
841 2212 1017 2302 ignoscat,
1044 2226 1077 2280 ct
1093 2213 1179 2282 velit
1229 2228 1284 2283 rat
1310 2237 1371 2281 eos
1400 2216 1445 2283 ab
1474 2215 1654 2284 erroribus
1678 2225 1712 2284 et
1734 2224 1848 2283 morte
1871 2224 2032 2289 aeterna,
2060 2224 2095 2282 et
2117 2210 2222 2281 affert

189 2315 326 2383 salvare
359 2316 559 2400 credentes,
594 2312 658 2384 hac
686 2338 771 2383 voce
800 2316 920 2383 efficax
949 2328 1000 2383 est
1023 2313 1179 2406 Spiritus
1231 2330 1434 2406 perpetuam
1459 2317 1565 2385 vitatu
1591 2330 1625 2385 et
1642 2315 1863 2399 felicitatem,
1887 2309 2221 2402 allegavitcttesti·
2251 2338 2255 2381 ε

188 2430 331 2486 sanctus
353 2416 390 2484 in
416 2417 653 2489 credentibus.
705 2414 796 2486 Nam
823 2429 989 2507 concepta
1005 2409 1072 2484 hac
1086 2416 1178 2484 bdu-
1232 2417 1350 2485 monia
1377 2419 1421 2484 de
1437 2417 1620 2486 vocatione
1636 2430 1670 2488 et
1686 2440 1832 2486 munere
1850 2439 1936 2498 suo,
1962 2416 2058 2507 quod
2075 2415 2120 2485 sit
2135 2414 2221 2483 mis-
2250 2442 2255 2483 ι

188 2516 260 2602 cia,
287 2518 487 2589 liberantur
507 2543 525 2587 a
548 2518 761 2602 terroribus,
789 2532 822 2588 et
836 2518 952 2587 oritur
963 2516 1006 2584 in
1022 2517 1071 2585 eis
1087 2540 1177 2586 nova
1231 2541 1323 2588 susa
1341 2532 1459 2609 patre,
1483 2521 1542 2587 sed
1558 2542 1637 2588 cum
1654 2519 1749 2589 videt
1766 2514 1852 2588 lraec
1866 2517 2047 2588 contemni
2060 2531 2096 2589 et
2109 2512 2221 2587 rideri
2248 2546 2255 2585 a

188 2619 267 2703 lux,
292 2616 561 2709 apprehendens
577 2622 717 2703 Deum,
743 2644 833 2714 quae
853 2633 903 2688 est
927 2618 1002 2708 ipsa
1022 2619 1178 2689 incoatio
1231 2645 1249 2688 a
1276 2615 1493 2705 Plrarisaeis,
1527 2621 1745 2691 tumentibus
1775 2620 2000 2711 persuasione
2027 2617 2221 2710 sapientias
2249 2648 2255 2691 r

186 2720 281 2791 vitae
303 2736 474 2793 aeternae.
526 2719 611 2791 ldeo
640 2723 684 2789 de
711 2717 775 2791 hac
797 2720 977 2810 agnitione
999 2720 1047 2792 ait
1071 2715 1177 2792 Chri·
1231 2734 1265 2792 et
1281 2721 1458 2802 iusticiae,
1489 2722 1587 2791 addit
1603 2722 1877 2812 praedictionem
1893 2724 1937 2789 de
1952 2720 2095 2810 poenis,
2122 2719 2222 2789 vide·

188 2835 262 2891 stus
279 2820 376 2897 loan.
394 2826 471 2895 17.:
498 2820 594 2894 Haec
619 2836 669 2893 est
695 2823 766 2893 vita
793 2837 954 2901 aeterna,
986 2838 1024 2893 ut
1047 2847 1180 2911 cogno-
1232 2824 1379 2904 delicet,
1407 2823 1490 2918 'qnia
1506 2837 1733 2894 contemnant
1748 2823 1946 2895 doctrinam
1961 2836 1994 2892 et
2009 2819 2222 2891 beneficium

188 2937 289 2994 scant
311 2937 345 2995 te
370 2949 492 2994 verum
512 2922 647 3013 Deum,
671 2938 706 2997 et
728 2920 826 2996 bunc
851 2925 1105 3018 quemmisisti
1124 2924 1179 2995 le·
1232 2926 1399 3012 coeleste,
1434 2940 1615 2996 secuturas
1641 2949 1715 2996 esse
1735 2925 1886 2996 maiores
1907 2922 2069 2995 tenebras
2089 2919 2221 2994 eteri-
2249 2960 2255 3001 ς

187 3021 566 3099 sumesseClrristum.
1232 3028 1322 3098 tium
1362 3028 1637 3119 sempiternum,
1675 3027 1726 3100 ait
1761 3050 1798 3097 se
1830 3026 1949 3113 abire,
1988 3026 2072 3121 quia
2102 3022 2255 3105 nolint,

1231 3131 1348 3220 ipsum
1377 3130 1500 3201 audire
1531 3143 1565 3201 et
1595 3128 1752 3222 accipere
1779 3129 1934 3200 oblatam
1953 3129 2254 3223 liberationemr·

1231 3227 1289 3302 hic
1312 3233 1448 3322 primus
1469 3233 1598 3321 gradus
1620 3246 1670 3303 est
1686 3254 1896 3324 poenarum,
1920 3231 2082 3300 amittere
2098 3246 2220 3299 vocem
2251 3270 2255 3311 ;

290 3331 405 3423 Supra
431 3334 638 3405 dictumest
662 3333 707 3403 de
723 3332 865 3402 insidiis
881 3332 1021 3405 structis
1036 3326 1180 3403 Christo
1230 3332 1428 3423 Evangelii,
1455 3358 1545 3426 quae
1562 3357 1631 3402 una
1643 3346 1693 3404 est
1704 3333 1867 3404 salutaris
1878 3344 1912 3402 et
1923 3331 2073 3417 vivifica,
2100 3343 2221 3421 postea
2252 3372 2255 3407 r

190 3428 441 3520 aPharisacis,
465 3459 555 3526 quae
566 3435 704 3504 tametsi
718 3450 818 3505 erant
833 3435 1036 3518 frustratae,
1061 3448 1179 3504 tamen
1232 3434 1419 3505 destitutos
1439 3429 1506 3506 lrac
1526 3435 1605 3505 luce
1620 3458 1681 3504 seu
1699 3435 1880 3525 agnitione
1889 3429 2045 3518 Christi,
2067 3432 2117 3503 ait
2135 3426 2221 3503 bse-

189 3558 265 3604 non
293 3536 372 3604 idco
405 3537 613 3605 desinebant
642 3536 822 3617 insidiari,
861 3536 1064 3626 praesertim
1099 3560 1179 3606 cum
1232 3559 1334 3606 suros
1370 3560 1442 3606 esse
1478 3536 1516 3606 in
1548 3536 1701 3606 tenebris
1725 3550 1759 3606 et
1785 3535 1985 3620 erroribus,
2025 3546 2060 3604 et
2089 3534 2222 3604 frustrs
2251 3580 2255 3593 ·

190 3636 260 3706 iam
292 3653 433 3726 augeret
457 3638 689 3722 offensiones,
722 3637 804 3731 qnia
832 3640 944 3729 pergit
968 3641 1112 3723 ducere,
1147 3653 1179 3709 et
1232 3639 1452 3733 quaesituros
1480 3640 1775 3724 consolationem,
1808 3651 1842 3710 et
1871 3640 2014 3708 tandem
2038 3648 2221 3707 secuturas
2253 3698 2255 3703 .

190 3740 306 3831 palam
325 3734 731 3809 refutatharisaeorum
747 3740 944 3831 opiniones.
995 3738 1179 3829 Significa-
1232 3763 1305 3809 esse
1333 3765 1482 3831 poenas,
1515 3765 1604 3834 quae
1635 3742 1840 3830 demergant
1868 3739 1963 3831 ipsos
1992 3737 2031 3807 in
2059 3737 2220 3809 exitium.

190 3853 250 3910 tur
272 3842 381 3929 igitur
405 3843 485 3910 illos
509 3843 578 3910 iam
602 3842 713 3931 magis
734 3841 905 3927 irritatos,
931 3864 1077 3934 prorsus
1092 3866 1178 3911 con·
1232 3838 1332 3911 Nihil
1355 3855 1467 3933 potest
1489 3843 1557 3913 dici
1582 3838 1791 3912 horribilius
1814 3837 1880 3911 hac
1903 3865 2003 3910 rote:
2038 3836 2222 3928 Quaeritis

189 3944 342 4014 stitnisse
366 3938 547 4014 Christum
576 3938 813 4035 prehendere,
848 3958 881 4014 et
912 3946 956 4013 ad
989 3938 1081 4013 hanc
1103 3968 1177 4013 rem
1232 3969 1307 4029 me,
1340 3957 1376 4015 et
1403 3944 1440 4012 in
1471 3957 1612 4036 peccato
1632 3957 1747 4013 vestro
1771 3942 1986 4016 moriemini.
2036 3938 2221 4031 Significat

191 4047 373 4116 accessisse
403 4048 622 4115 occasionem
656 4069 697 4114 ex
721 4046 969 4114 commoditate
994 4045 1083 4130 loci,
1115 4046 1178 4117 ubi
1232 4041 1822 4139 enimpraecipuehocpeccatnm,
1846 4041 2221 4133 videlicctnegleetio-

191 4147 293 4215 facile
317 4150 433 4239 potuit
456 4144 648 4240 prehendi,
673 4170 753 4215 cum
777 4147 918 4216 doceret
942 4149 984 4215 ad
1002 4142 1178 4242 gazophy-
1231 4172 1311 4216 nem
1329 4144 1514 4238 Evangelii
1539 4162 1572 4221 et
1591 4160 1810 4219 contemtum
1833 4145 2105 4225 beneficiorum,
2128 4164 2224 4237 quae

113 4290 116 4294 -
190 4248 338 4328 lacium,
366 4254 427 4341 qui
450 4252 568 4336 locus,
595 4263 633 4319 ut
654 4248 776 4318 scribit
802 4242 988 4340 losephus,
1015 4263 1087 4320 erat
1105 4274 1177 4319 non
1230 4250 1332 4322 affert
1355 4250 1447 4321 filius
1462 4250 1553 4335 Dei,
1579 4245 1717 4320 trahere
1738 4273 1857 4319 secum
1880 4247 2080 4317 caecitatem
2104 4260 2139 4317 et
2160 4268 2223 4315 ex-

190 4349 235 4416 in.
263 4350 431 4419 interiore
465 4376 524 4421 seu
555 4352 742 4421 sacratiore
767 4351 919 4442 templu,
952 4354 1011 4419 sed
1037 4351 1075 4420 in
1101 4351 1177 4443 ipso
1230 4350 1383 4422 tr'emnm
1411 4351 1574 4437 exitium,
1604 4352 1693 4422 sicut
1726 4353 1764 4420 in
1794 4344 1982 4440 Prophetis
2007 4347 2222 4419 tristissimis

192 4451 370 4539 ingressu,
396 4454 461 4519 suh
485 4456 696 4540 porticibus,
721 4477 760 4521 ac
780 4452 908 4523 licebat
924 4454 1119 4543 promiscue
1135 4456 1179 4524 ab
1230 4455 1347 4524 verbis
1361 4450 1427 4523 hae
1441 4454 1844 4546 poenaedescrihuntur‚
1870 4447 2112 4522 Psatm.109.:
2138 4446 2222 4521 Ob-

192 4553 292 4621 omni
323 4555 554 4623 multitudine
583 4557 685 4626 adiri.
742 4552 790 4625 Et
819 4567 937 4624 tamen
965 4556 1096 4625 frustra
1127 4570 1178 4628 est
1229 4557 1524 4627 scurentnroculi
1543 4580 1676 4639 eornm,
1700 4578 1746 4623 ne
1764 4554 1917 4638 videant,
1941 4552 2221 4645 etfundesnper

190 4650 463 4725 Pharisaeorum
497 4669 662 4741 conatus,
710 4670 745 4726 et
773 4658 975 4728 defenditur
1004 4652 1177 4742 Christus,
1230 4682 1289 4727 eos
1317 4659 1404 4727 iram
1432 4673 1550 4743 tuam,
1582 4658 1642 4729 fiat
1665 4660 1793 4727 domus
1815 4678 1938 4725 eorum
1963 4658 2122 4740 deserta,
2154 4655 2227 4741 des

191 4756 267 4823 sine
290 4756 364 4825 ullo
386 4750 543 4825 humano
566 4757 761 4846 praesidio,
787 4782 851 4827 nec
868 4762 973 4830 «latur
991 4761 1060 4828 illis
1078 4773 1175 4848 pote·
1229 4761 1370 4829 leantur
1397 4762 1441 4829 de
1468 4760 1562 4830 lihro
1592 4759 1811 4839 viventium,
1845 4772 1879 4828 et
1908 4754 2117 4828 ruminatis
2144 4778 2220 4825 uon

191 4871 261 4927 stas
284 4859 454 4943 nocendi,
483 4884 561 4927 cnm
578 4858 715 4940 volunt,
740 4871 773 4927 et
788 4860 932 4931 additur
949 4864 1054 4930 ratio:
1083 4860 1177 4951 Quia
1229 4863 1438 4931 scribantur.
1490 4858 1538 4933 Et
1552 4860 1764 4952 experientia
1779 4873 1927 4931 testatur
1940 4857 2107 4927 omnibus
2120 4873 2219 4929 aeta-

114 4954 120 4965 ’
191 4963 353 5031 nondum
383 4962 477 5030 venit
504 4956 707 5039 horacius,
738 4983 826 5052 quae
849 4962 968 5053 docet,
1003 4964 1178 5033 divinitus
1229 4964 1321 5032 tibus
1337 4964 1460 5032 iisdem
1477 4960 1593 5033 modis
1608 4964 1772 5053 punitum
1785 4956 2220 5032 essecontemtumEvan-

189 5062 332 5135 defendi
356 5064 432 5154 pios
458 5062 622 5132 facientes
645 5084 748 5130 suurn
770 5060 942 5144 officium,
972 5078 1005 5133 et
1021 5088 1094 5133 esse
1108 5066 1177 5134 rui-
1228 5066 1311 5154 gelii
1332 5078 1485 5134 extrema
1509 5066 1668 5136 vastitate
1690 5081 1723 5138 et
1746 5065 1870 5146 exitio,
1895 5063 1986 5133 sicut
2001 5058 2218 5133 ludaeorum

188 5170 316 5235 randas
347 5164 592 5248 liberationes,
625 5164 755 5256 quibus
783 5162 882 5233 irrita
912 5164 1001 5234 fiunt
1028 5168 1175 5236 consilia
1224 5168 1327 5235 furor
1348 5180 1381 5236 et
1399 5166 1589 5256 pertinacia
1607 5183 1729 5239 contra
1744 5162 1926 5236 Christum
1946 5173 2055 5235 totam
2072 5179 2217 5253 gentem

189 5269 492 5352 adversariorum,
524 5280 557 5336 et
583 5263 812 5359 quantumvis
837 5278 949 5336 certae
975 5290 1014 5336 ac
1035 5280 1177 5359 paratae
1225 5267 1423 5340 miserrime
1442 5270 1607 5361 perdidit.
1659 5268 1783 5341 Postea
1804 5268 1907 5336 etiam
1923 5267 1961 5334 in
1977 5259 2135 5337 Ecclesia
2150 5290 2217 5339 ns-

189 5368 357 5448 insidiae,
390 5372 607 5441 frustrantur
633 5383 703 5439 tam
733 5365 816 5450 diu,
853 5368 939 5439 dum
968 5365 1076 5473 Dens
1097 5370 1177 5445 vult
1226 5370 1354 5464 glectio
1370 5394 1493 5465 purae
1522 5368 1703 5444 doctrinae
1724 5385 1759 5444 et
1781 5360 2046 5463 attwtopavtat
2066 5366 2217 5462 punitae

1321 1664 1441 1741 Dixit
1462 1669 1579 1767 igitur
1600 1669 1730 1741 iterum
1752 1664 1877 1742 Iesus:
1908 1632 1998 1763 Ego
2018 1662 2129 1741 vodo.

224 3192 329 3266 Haec
352 3195 460 3268 verba
486 3193 628 3268 loculus
649 3204 701 3268 est
723 3196 775 3267 eis
798 3195 839 3267 iu
857 3156 1144 3296 gazophylacio.
