<?xml version="1.0" encoding="UTF-8"?>
<!DOCTYPE html PUBLIC "-//W3C//DTD XHTML 1.0 Transitional//EN"
    "http://www.w3.org/TR/xhtml1/DTD/xhtml1-transitional.dtd">
<html xmlns="http://www.w3.org/1999/xhtml" xml:lang="en" lang="en">
 <head>
  <title>
</title>
<meta http-equiv="Content-Type" content="text/html;charset=utf-8" />
  <meta name='ocr-system' content='tesseract 3.04.00' />
  <meta name='ocr-capabilities' content='ocr_page ocr_carea ocr_par ocr_line ocrx_word'/>
</head>
<body>
  <div class='ocr_page' id='page_1' title='image "./corpusreformato01melagoog/corpusreformato01melagoog_0375.png"; bbox 0 0 4522 5782; ppageno 0'>
   <div class='ocr_carea' id='block_1_1' title="bbox 136 143 2237 287">
    <p class='ocr_par' dir='ltr' id='par_1_1' title="bbox 136 143 2237 287">
     <span class='ocr_line' id='line_1_1' title="bbox 136 143 2237 287; baseline -0.018 3"><span class='ocrx_word' id='word_1_1' title='bbox 136 214 150 237; x_wconf 86' lang='grc'><em>“</em></span> <span class='ocrx_word' id='word_1_2' title='bbox 192 190 308 287; x_wconf 60' lang='lat' dir='ltr'>’ii‘</span> <span class='ocrx_word' id='word_1_3' title='bbox 597 184 606 231; x_wconf 69' lang='lat'>³</span> <span class='ocrx_word' id='word_1_4' title='bbox 638 226 669 243; x_wconf 92' lang='lat'>··</span> <span class='ocrx_word' id='word_1_5' title='bbox 729 164 914 277; x_wconf 70' lang='lat' dir='ltr'>Plilli.</span> <span class='ocrx_word' id='word_1_6' title='bbox 940 182 1060 275; x_wconf 61' lang='lat' dir='ltr'>biblii</span> <span class='ocrx_word' id='word_1_7' title='bbox 1083 176 1295 276; x_wconf 75' lang='lat' dir='ltr'>scutarii·</span> <span class='ocrx_word' id='word_1_8' title='bbox 1319 190 1634 280; x_wconf 63' lang='lat' dir='ltr'>mllssl&#39;lcda</span> <span class='ocrx_word' id='word_1_9' title='bbox 1662 194 1665 199; x_wconf 82' lang='grc'><strong>’</strong></span> <span class='ocrx_word' id='word_1_10' title='bbox 1835 196 1844 247; x_wconf 68' lang='lat'>⁸:</span> <span class='ocrx_word' id='word_1_11' title='bbox 1886 192 1910 259; x_wconf 75' lang='lat' dir='ltr'>e.</span> <span class='ocrx_word' id='word_1_12' title='bbox 1963 143 2061 259; x_wconf 64' lang='lat' dir='ltr'>,lut</span> <span class='ocrx_word' id='word_1_13' title='bbox 2150 198 2237 281; x_wconf 68' lang='lat' dir='ltr'>m·</span> 
     </span>
    </p>
   </div>
   <div class='ocr_carea' id='block_1_2' title="bbox 105 360 2228 1797">
    <p class='ocr_par' dir='ltr' id='par_1_2' title="bbox 105 360 2228 1797">
     <span class='ocr_line' id='line_1_2' title="bbox 193 360 2228 466; baseline -0.001 -15"><span class='ocrx_word' id='word_1_14' title='bbox 193 380 324 453; x_wconf 85' lang='lat' dir='ltr'>cilima.</span> <span class='ocrx_word' id='word_1_15' title='bbox 376 364 610 466; x_wconf 73' lang='lat' dir='ltr'>Responderi,</span> <span class='ocrx_word' id='word_1_16' title='bbox 644 360 802 464; x_wconf 78' lang='lat' dir='ltr'>primunt</span> <span class='ocrx_word' id='word_1_17' title='bbox 836 371 1066 443; x_wconf 83' lang='lat' dir='ltr'>crassissima:</span> <span class='ocrx_word' id='word_1_18' title='bbox 1099 371 1181 444; x_wconf 88' lang='lat' dir='ltr'>Non</span> <span class='ocrx_word' id='word_1_19' title='bbox 1231 376 1277 445; x_wconf 90' lang='lat' dir='ltr'>ab</span> <span class='ocrx_word' id='word_1_20' title='bbox 1299 367 1508 447; x_wconf 87' lang='lat' dir='ltr'>hominibus</span> <span class='ocrx_word' id='word_1_21' title='bbox 1529 385 1675 466; x_wconf 87' lang='lat' dir='ltr'>propter</span> <span class='ocrx_word' id='word_1_22' title='bbox 1695 366 1870 456; x_wconf 70' lang='grc' dir='ltr'>εὔιαξίαν</span> <span class='ocrx_word' id='word_1_23' title='bbox 1888 371 1985 460; x_wconf 76' lang='lat' dir='ltr'>beri,</span> <span class='ocrx_word' id='word_1_24' title='bbox 2009 370 2132 446; x_wconf 79' lang='lat' dir='ltr'>tamea</span> <span class='ocrx_word' id='word_1_25' title='bbox 2148 374 2228 448; x_wconf 84' lang='lat' dir='ltr'>sult</span> 
     </span>
     <span class='ocr_line' id='line_1_3' title="bbox 193 474 2224 568; baseline -0.004 -12"><span class='ocrx_word' id='word_1_26' title='bbox 193 483 368 556; x_wconf 75' lang='lat' dir='ltr'>retinetur</span> <span class='ocrx_word' id='word_1_27' title='bbox 387 476 593 566; x_wconf 87' lang='lat' dir='ltr'>decalogus,</span> <span class='ocrx_word' id='word_1_28' title='bbox 630 475 714 568; x_wconf 88' lang='lat' dir='ltr'>quia</span> <span class='ocrx_word' id='word_1_29' title='bbox 742 474 781 544; x_wconf 92' lang='lat' dir='ltr'>in</span> <span class='ocrx_word' id='word_1_30' title='bbox 811 475 888 566; x_wconf 85' lang='lat' dir='ltr'>lege</span> <span class='ocrx_word' id='word_1_31' title='bbox 912 474 1008 546; x_wconf 89' lang='lat' dir='ltr'>Mosi</span> <span class='ocrx_word' id='word_1_32' title='bbox 1031 475 1184 568; x_wconf 89' lang='lat' dir='ltr'>scriptus</span> <span class='ocrx_word' id='word_1_33' title='bbox 1233 486 1298 547; x_wconf 85' lang='lat' dir='ltr'>ntis</span> <span class='ocrx_word' id='word_1_34' title='bbox 1320 476 1453 547; x_wconf 89' lang='lat' dir='ltr'>sentire</span> <span class='ocrx_word' id='word_1_35' title='bbox 1479 476 1747 546; x_wconf 84' lang='lat' dir='ltr'>observationes</span> <span class='ocrx_word' id='word_1_36' title='bbox 1767 477 1849 546; x_wconf 90' lang='lat' dir='ltr'>illas</span> <span class='ocrx_word' id='word_1_37' title='bbox 1882 494 1962 546; x_wconf 82' lang='lat' dir='ltr'>uon·</span> <span class='ocrx_word' id='word_1_38' title='bbox 1988 496 2065 548; x_wconf 91' lang='lat' dir='ltr'>esse</span> <span class='ocrx_word' id='word_1_39' title='bbox 2095 478 2224 564; x_wconf 88' lang='lat' dir='ltr'>cultus,</span> 
     </span>
     <span class='ocr_line' id='line_1_4' title="bbox 105 572 2222 673; baseline -0.003 -16"><span class='ocrx_word' id='word_1_40' title='bbox 105 593 107 597; x_wconf 80' lang='grc'><strong>’</strong></span> <span class='ocrx_word' id='word_1_41' title='bbox 193 598 265 673; x_wconf 89' lang='lat' dir='ltr'>est,</span> <span class='ocrx_word' id='word_1_42' title='bbox 295 584 357 653; x_wconf 87' lang='lat' dir='ltr'>sed</span> <span class='ocrx_word' id='word_1_43' title='bbox 373 581 532 653; x_wconf 88' lang='lat' dir='ltr'>carnales</span> <span class='ocrx_word' id='word_1_44' title='bbox 553 576 839 650; x_wconf 77' lang='lat' dir='ltr'>coiiirendisunt</span> <span class='ocrx_word' id='word_1_45' title='bbox 855 579 930 668; x_wconf 86' lang='lat' dir='ltr'>lege</span> <span class='ocrx_word' id='word_1_46' title='bbox 945 579 1084 664; x_wconf 90' lang='lat' dir='ltr'>morali,</span> <span class='ocrx_word' id='word_1_47' title='bbox 1100 572 1183 672; x_wconf 92' lang='lat' dir='ltr'>quia</span> <span class='ocrx_word' id='word_1_48' title='bbox 1234 602 1306 649; x_wconf 88' lang='lat' dir='ltr'>nou</span> <span class='ocrx_word' id='word_1_49' title='bbox 1331 578 1460 647; x_wconf 79' lang='lat' dir='ltr'>iiieieri</span> <span class='ocrx_word' id='word_1_50' title='bbox 1491 578 1736 649; x_wconf 71' lang='lat' dir='ltr'>remissionem</span> <span class='ocrx_word' id='word_1_51' title='bbox 1769 592 2013 671; x_wconf 86' lang='lat' dir='ltr'>peecatorum,</span> <span class='ocrx_word' id='word_1_52' title='bbox 2045 600 2222 650; x_wconf 77' lang='lat' dir='ltr'>maesse</span> 
     </span>
     <span class='ocr_line' id='line_1_5' title="bbox 193 675 2219 772; baseline -0.003 -13"><span class='ocrx_word' id='word_1_53' title='bbox 193 702 245 759; x_wconf 88' lang='lat' dir='ltr'>est</span> <span class='ocrx_word' id='word_1_54' title='bbox 274 688 330 756; x_wconf 83' lang='lat' dir='ltr'>leis</span> <span class='ocrx_word' id='word_1_55' title='bbox 358 683 559 755; x_wconf 89' lang='lat' dir='ltr'>communis</span> <span class='ocrx_word' id='word_1_56' title='bbox 591 680 755 750; x_wconf 89' lang='lat' dir='ltr'>omnium</span> <span class='ocrx_word' id='word_1_57' title='bbox 786 675 984 752; x_wconf 90' lang='lat' dir='ltr'>bominum.</span> <span class='ocrx_word' id='word_1_58' title='bbox 1050 678 1184 752; x_wconf 87' lang='lat' dir='ltr'>Renati</span> <span class='ocrx_word' id='word_1_59' title='bbox 1232 680 1405 752; x_wconf 88' lang='lat' dir='ltr'>iusticiam</span> <span class='ocrx_word' id='word_1_60' title='bbox 1434 695 1497 753; x_wconf 92' lang='lat' dir='ltr'>aut</span> <span class='ocrx_word' id='word_1_61' title='bbox 1525 680 1788 772; x_wconf 80' lang='lat' dir='ltr'>perfectionem.</span> <span class='ocrx_word' id='word_1_62' title='bbox 1859 682 1945 752; x_wconf 91' lang='lat' dir='ltr'>lteiu</span> <span class='ocrx_word' id='word_1_63' title='bbox 1976 695 2077 754; x_wconf 81' lang='lat' dir='ltr'>estre</span> <span class='ocrx_word' id='word_1_64' title='bbox 2105 704 2219 753; x_wconf 87' lang='lat' dir='ltr'>casnm</span> 
     </span>
     <span class='ocr_line' id='line_1_6' title="bbox 193 780 2220 877; baseline -0 -19"><span class='ocrx_word' id='word_1_65' title='bbox 193 814 279 861; x_wconf 83' lang='lat' dir='ltr'>vero</span> <span class='ocrx_word' id='word_1_66' title='bbox 296 787 475 877; x_wconf 88' lang='lat' dir='ltr'>incipiunt</span> <span class='ocrx_word' id='word_1_67' title='bbox 489 784 634 854; x_wconf 89' lang='lat' dir='ltr'>obedire</span> <span class='ocrx_word' id='word_1_68' title='bbox 651 783 707 851; x_wconf 90' lang='lat' dir='ltr'>illi</span> <span class='ocrx_word' id='word_1_69' title='bbox 724 783 811 871; x_wconf 90' lang='lat' dir='ltr'>legi,</span> <span class='ocrx_word' id='word_1_70' title='bbox 835 806 910 853; x_wconf 92' lang='lat' dir='ltr'>non</span> <span class='ocrx_word' id='word_1_71' title='bbox 935 783 1018 876; x_wconf 89' lang='lat' dir='ltr'>quia</span> <span class='ocrx_word' id='word_1_72' title='bbox 1033 797 1085 853; x_wconf 88' lang='lat' dir='ltr'>est</span> <span class='ocrx_word' id='word_1_73' title='bbox 1100 780 1183 851; x_wconf 89' lang='lat' dir='ltr'>Mo·</span> <span class='ocrx_word' id='word_1_74' title='bbox 1233 783 1390 855; x_wconf 75' lang='lat' dir='ltr'><strong>scandali</strong></span> <span class='ocrx_word' id='word_1_75' title='bbox 1416 805 1517 873; x_wconf 91' lang='lat' dir='ltr'>posse</span> <span class='ocrx_word' id='word_1_76' title='bbox 1538 806 1596 853; x_wconf 92' lang='lat' dir='ltr'>eas</span> <span class='ocrx_word' id='word_1_77' title='bbox 1622 782 1738 854; x_wconf 86' lang='lat' dir='ltr'>omitti</span> <span class='ocrx_word' id='word_1_78' title='bbox 1761 784 1838 853; x_wconf 93' lang='lat' dir='ltr'>sine</span> <span class='ocrx_word' id='word_1_79' title='bbox 1863 796 2019 876; x_wconf 86' lang='lat' dir='ltr'>peceato.</span> <span class='ocrx_word' id='word_1_80' title='bbox 2080 782 2136 857; x_wconf 85' lang='lat' dir='ltr'>De</span> <span class='ocrx_word' id='word_1_81' title='bbox 2157 780 2220 856; x_wconf 88' lang='lat' dir='ltr'>hue</span> 
     </span>
     <span class='ocr_line' id='line_1_7' title="bbox 193 882 2217 980; baseline -0.004 -16"><span class='ocrx_word' id='word_1_82' title='bbox 193 894 328 965; x_wconf 82' lang='lat' dir='ltr'>ericum</span> <span class='ocrx_word' id='word_1_83' title='bbox 349 882 572 980; x_wconf 71' lang='lat' dir='ltr'>sialitanus,</span> <span class='ocrx_word' id='word_1_84' title='bbox 606 886 668 955; x_wconf 85' lang='lat' dir='ltr'>sed</span> <span class='ocrx_word' id='word_1_85' title='bbox 686 886 768 976; x_wconf 88' lang='lat' dir='ltr'>quia</span> <span class='ocrx_word' id='word_1_86' title='bbox 793 882 1026 976; x_wconf 81' lang='lat' dir='ltr'>Evangelinm</span> <span class='ocrx_word' id='word_1_87' title='bbox 1044 884 1183 977; x_wconf 91' lang='lat' dir='ltr'>praedi·</span> <span class='ocrx_word' id='word_1_88' title='bbox 1233 887 1346 976; x_wconf 90' lang='lat' dir='ltr'>gradu</span> <span class='ocrx_word' id='word_1_89' title='bbox 1361 887 1464 957; x_wconf 92' lang='lat' dir='ltr'>docet</span> <span class='ocrx_word' id='word_1_90' title='bbox 1479 882 1612 968; x_wconf 86' lang='lat' dir='ltr'>Paulus</span> <span class='ocrx_word' id='word_1_91' title='bbox 1633 887 1677 955; x_wconf 92' lang='lat' dir='ltr'>ad</span> <span class='ocrx_word' id='word_1_92' title='bbox 1694 883 1831 957; x_wconf 88' lang='lat' dir='ltr'>Coloss.</span> <span class='ocrx_word' id='word_1_93' title='bbox 1848 909 1923 978; x_wconf 87' lang='lat' dir='ltr'>esp.</span> <span class='ocrx_word' id='word_1_94' title='bbox 1939 890 1998 960; x_wconf 68' lang='lat' dir='ltr'>a:</span> <span class='ocrx_word' id='word_1_95' title='bbox 2024 882 2140 957; x_wconf 89' lang='lat' dir='ltr'>Nemo</span> <span class='ocrx_word' id='word_1_96' title='bbox 2161 909 2217 958; x_wconf 82' lang='lat' dir='ltr'>vos</span> 
     </span>
     <span class='ocr_line' id='line_1_8' title="bbox 195 985 2215 1086; baseline -0.004 -19"><span class='ocrx_word' id='word_1_97' title='bbox 195 992 250 1067; x_wconf 75' lang='lat' dir='ltr'>cat</span> <span class='ocrx_word' id='word_1_98' title='bbox 266 990 539 1086; x_wconf 87' lang='lat' dir='ltr'>poenitentiam,</span> <span class='ocrx_word' id='word_1_99' title='bbox 554 1001 589 1058; x_wconf 88' lang='lat' dir='ltr'>et</span> <span class='ocrx_word' id='word_1_100' title='bbox 605 986 707 1057; x_wconf 84' lang='lat' dir='ltr'>affert</span> <span class='ocrx_word' id='word_1_101' title='bbox 721 987 895 1078; x_wconf 84' lang='lat' dir='ltr'>Spiritum</span> <span class='ocrx_word' id='word_1_102' title='bbox 913 1001 1085 1074; x_wconf 88' lang='lat' dir='ltr'>sanctum,</span> <span class='ocrx_word' id='word_1_103' title='bbox 1100 987 1183 1080; x_wconf 87' lang='lat' dir='ltr'>quia</span> <span class='ocrx_word' id='word_1_104' title='bbox 1233 989 1368 1059; x_wconf 88' lang='lat' dir='ltr'>iudicet</span> <span class='ocrx_word' id='word_1_105' title='bbox 1390 987 1428 1058; x_wconf 91' lang='lat' dir='ltr'>in</span> <span class='ocrx_word' id='word_1_106' title='bbox 1454 987 1555 1073; x_wconf 87' lang='lat' dir='ltr'>cibo,</span> <span class='ocrx_word' id='word_1_107' title='bbox 1580 1002 1666 1078; x_wconf 92' lang='lat' dir='ltr'>potu</span> <span class='ocrx_word' id='word_1_108' title='bbox 1689 1001 1754 1060; x_wconf 88' lang='lat' dir='ltr'>ete.</span> <span class='ocrx_word' id='word_1_109' title='bbox 1805 985 1878 1057; x_wconf 90' lang='lat' dir='ltr'>Nee</span> <span class='ocrx_word' id='word_1_110' title='bbox 1900 988 2064 1083; x_wconf 87' lang='lat' dir='ltr'>loquitur</span> <span class='ocrx_word' id='word_1_111' title='bbox 2085 1002 2215 1059; x_wconf 80' lang='lat' dir='ltr'>tantuna</span> 
     </span>
     <span class='ocr_line' id='line_1_9' title="bbox 195 1086 2214 1190; baseline -0.003 -23"><span class='ocrx_word' id='word_1_112' title='bbox 195 1086 400 1190; x_wconf 86' lang='lat' dir='ltr'>spirituales</span> <span class='ocrx_word' id='word_1_113' title='bbox 413 1092 529 1162; x_wconf 85' lang='lat' dir='ltr'>cultus</span> <span class='ocrx_word' id='word_1_114' title='bbox 549 1090 587 1158; x_wconf 94' lang='lat' dir='ltr'>in</span> <span class='ocrx_word' id='word_1_115' title='bbox 604 1090 709 1158; x_wconf 93' lang='lat' dir='ltr'>nobis</span> <span class='ocrx_word' id='word_1_116' title='bbox 726 1091 856 1164; x_wconf 88' lang='lat' dir='ltr'>incost.</span> <span class='ocrx_word' id='word_1_117' title='bbox 890 1088 1081 1162; x_wconf 89' lang='lat' dir='ltr'>Retinetur</span> <span class='ocrx_word' id='word_1_118' title='bbox 1099 1112 1183 1179; x_wconf 84' lang='lat' dir='ltr'>crgo</span> <span class='ocrx_word' id='word_1_119' title='bbox 1234 1092 1278 1160; x_wconf 92' lang='lat' dir='ltr'>de</span> <span class='ocrx_word' id='word_1_120' title='bbox 1299 1088 1466 1161; x_wconf 80' lang='lat' dir='ltr'>Moesicis</span> <span class='ocrx_word' id='word_1_121' title='bbox 1490 1090 1638 1180; x_wconf 88' lang='lat' dir='ltr'>ritibus,</span> <span class='ocrx_word' id='word_1_122' title='bbox 1678 1091 1740 1163; x_wconf 90' lang='lat' dir='ltr'>sed</span> <span class='ocrx_word' id='word_1_123' title='bbox 1768 1090 1808 1159; x_wconf 91' lang='lat' dir='ltr'>iii</span> <span class='ocrx_word' id='word_1_124' title='bbox 1831 1111 1957 1179; x_wconf 89' lang='lat' dir='ltr'>genere</span> <span class='ocrx_word' id='word_1_125' title='bbox 1989 1091 2036 1160; x_wconf 92' lang='lat' dir='ltr'>de</span> <span class='ocrx_word' id='word_1_126' title='bbox 2056 1088 2214 1161; x_wconf 83' lang='lat' dir='ltr'>Moesicis</span> 
     </span>
     <span class='ocr_line' id='line_1_10' title="bbox 196 1188 2212 1287; baseline -0.002 -18"><span class='ocrx_word' id='word_1_127' title='bbox 196 1199 403 1287; x_wconf 78' lang='lat' dir='ltr'><strong>decalogus,</strong></span> <span class='ocrx_word' id='word_1_128' title='bbox 438 1191 505 1262; x_wconf 90' lang='lat' dir='ltr'>hoc</span> <span class='ocrx_word' id='word_1_129' title='bbox 527 1207 597 1273; x_wconf 90' lang='lat' dir='ltr'>est,</span> <span class='ocrx_word' id='word_1_130' title='bbox 624 1191 680 1259; x_wconf 82' lang='lat' dir='ltr'>lex</span> <span class='ocrx_word' id='word_1_131' title='bbox 709 1191 771 1262; x_wconf 88' lang='lat' dir='ltr'>illa</span> <span class='ocrx_word' id='word_1_132' title='bbox 800 1193 1000 1262; x_wconf 89' lang='lat' dir='ltr'>communis</span> <span class='ocrx_word' id='word_1_133' title='bbox 1023 1192 1185 1262; x_wconf 91' lang='lat' dir='ltr'>omnium</span> <span class='ocrx_word' id='word_1_134' title='bbox 1234 1207 1268 1264; x_wconf 89' lang='lat' dir='ltr'>et</span> <span class='ocrx_word' id='word_1_135' title='bbox 1284 1192 1510 1263; x_wconf 88' lang='lat' dir='ltr'>deomnibus</span> <span class='ocrx_word' id='word_1_136' title='bbox 1525 1192 1604 1262; x_wconf 89' lang='lat' dir='ltr'>aliis</span> <span class='ocrx_word' id='word_1_137' title='bbox 1623 1192 1853 1272; x_wconf 71' lang='lat' dir='ltr'>ceremoniis,</span> <span class='ocrx_word' id='word_1_138' title='bbox 1879 1215 1970 1285; x_wconf 83' lang='lat' dir='ltr'>qiise</span> <span class='ocrx_word' id='word_1_139' title='bbox 1986 1188 2212 1264; x_wconf 85' lang='lat' dir='ltr'>humanaru-</span> 
     </span>
     <span class='ocr_line' id='line_1_11' title="bbox 196 1290 2211 1389; baseline -0.003 -18"><span class='ocrx_word' id='word_1_140' title='bbox 196 1296 405 1382; x_wconf 87' lang='lat' dir='ltr'>hominum,</span> <span class='ocrx_word' id='word_1_141' title='bbox 431 1295 515 1389; x_wconf 90' lang='lat' dir='ltr'>quia</span> <span class='ocrx_word' id='word_1_142' title='bbox 536 1308 570 1366; x_wconf 92' lang='lat' dir='ltr'>et</span> <span class='ocrx_word' id='word_1_143' title='bbox 584 1294 700 1383; x_wconf 86' lang='lat' dir='ltr'>arguit</span> <span class='ocrx_word' id='word_1_144' title='bbox 715 1309 874 1386; x_wconf 86' lang='lat' dir='ltr'>peccata,</span> <span class='ocrx_word' id='word_1_145' title='bbox 901 1309 935 1365; x_wconf 89' lang='lat' dir='ltr'>et</span> <span class='ocrx_word' id='word_1_146' title='bbox 959 1295 1064 1367; x_wconf 88' lang='lat' dir='ltr'>docet</span> <span class='ocrx_word' id='word_1_147' title='bbox 1078 1294 1185 1388; x_wconf 88' lang='lat' dir='ltr'>spiri·</span> <span class='ocrx_word' id='word_1_148' title='bbox 1234 1295 1376 1366; x_wconf 91' lang='lat' dir='ltr'>toritate</span> <span class='ocrx_word' id='word_1_149' title='bbox 1391 1295 1682 1368; x_wconf 90' lang='lat' dir='ltr'>instituunturiu</span> <span class='ocrx_word' id='word_1_150' title='bbox 1699 1291 1867 1365; x_wconf 73' lang='lat' dir='ltr'>Ecclesia.</span> <span class='ocrx_word' id='word_1_151' title='bbox 1921 1290 2007 1365; x_wconf 87' lang='lat' dir='ltr'>Ideo</span> <span class='ocrx_word' id='word_1_152' title='bbox 2025 1307 2211 1387; x_wconf 87' lang='lat' dir='ltr'>posteaei·</span> 
     </span>
     <span class='ocr_line' id='line_1_12' title="bbox 197 1391 2210 1491; baseline -0.002 -16"><span class='ocrx_word' id='word_1_153' title='bbox 197 1403 310 1475; x_wconf 86' lang='lat' dir='ltr'>tuales</span> <span class='ocrx_word' id='word_1_154' title='bbox 326 1399 452 1471; x_wconf 86' lang='lat' dir='ltr'>cultus.</span> <span class='ocrx_word' id='word_1_155' title='bbox 1233 1420 1349 1489; x_wconf 86' lang='lat' dir='ltr'>presse</span> <span class='ocrx_word' id='word_1_156' title='bbox 1376 1398 1541 1468; x_wconf 90' lang='lat' dir='ltr'>nominat</span> <span class='ocrx_word' id='word_1_157' title='bbox 1573 1391 1746 1467; x_wconf 87' lang='lat' dir='ltr'>humanas</span> <span class='ocrx_word' id='word_1_158' title='bbox 1777 1395 2006 1482; x_wconf 77' lang='lat' dir='ltr'>traditiones,</span> <span class='ocrx_word' id='word_1_159' title='bbox 2043 1396 2210 1491; x_wconf 82' lang='lat' dir='ltr'>inquiens.</span> 
     </span>
     <span class='ocr_line' id='line_1_13' title="bbox 300 1495 2004 1593; baseline -0.001 -20"><span class='ocrx_word' id='word_1_160' title='bbox 300 1500 399 1574; x_wconf 82' lang='lat' dir='ltr'>Haec</span> <span class='ocrx_word' id='word_1_161' title='bbox 435 1512 486 1569; x_wconf 91' lang='lat' dir='ltr'>est</span> <span class='ocrx_word' id='word_1_162' title='bbox 518 1496 731 1569; x_wconf 78' lang='lat' dir='ltr'>crassissima</span> <span class='ocrx_word' id='word_1_163' title='bbox 760 1498 963 1592; x_wconf 87' lang='lat' dir='ltr'>responsio,</span> <span class='ocrx_word' id='word_1_164' title='bbox 1006 1520 1096 1593; x_wconf 90' lang='lat' dir='ltr'>quae</span> <span class='ocrx_word' id='word_1_165' title='bbox 1121 1497 1187 1568; x_wconf 91' lang='lat' dir='ltr'>etsi</span> <span class='ocrx_word' id='word_1_166' title='bbox 1234 1500 1331 1573; x_wconf 81' lang='lat' dir='ltr'>iuxta</span> <span class='ocrx_word' id='word_1_167' title='bbox 1346 1514 1527 1593; x_wconf 88' lang='lat' dir='ltr'>praecepta</span> <span class='ocrx_word' id='word_1_168' title='bbox 1549 1512 1584 1570; x_wconf 89' lang='lat' dir='ltr'>et</span> <span class='ocrx_word' id='word_1_169' title='bbox 1606 1495 2004 1592; x_wconf 85' lang='lat' dir='ltr'>dactrinssbominum.</span> 
     </span>
     <span class='ocr_line' id='line_1_14' title="bbox 128 1595 1186 1685; baseline -0.008 -8"><span class='ocrx_word' id='word_1_170' title='bbox 128 1659 130 1663; x_wconf 87' lang='lat'>-</span> <span class='ocrx_word' id='word_1_171' title='bbox 197 1630 279 1677; x_wconf 82' lang='lat' dir='ltr'>vers</span> <span class='ocrx_word' id='word_1_172' title='bbox 306 1617 377 1685; x_wconf 89' lang='lat' dir='ltr'>est,</span> <span class='ocrx_word' id='word_1_173' title='bbox 410 1616 531 1673; x_wconf 89' lang='lat' dir='ltr'>tamen</span> <span class='ocrx_word' id='word_1_174' title='bbox 553 1602 715 1672; x_wconf 91' lang='lat' dir='ltr'>nonduin</span> <span class='ocrx_word' id='word_1_175' title='bbox 739 1595 805 1671; x_wconf 91' lang='lat' dir='ltr'>hac</span> <span class='ocrx_word' id='word_1_176' title='bbox 829 1601 873 1670; x_wconf 93' lang='lat' dir='ltr'>de</span> <span class='ocrx_word' id='word_1_177' title='bbox 888 1626 928 1670; x_wconf 89' lang='lat' dir='ltr'>re</span> <span class='ocrx_word' id='word_1_178' title='bbox 952 1603 1036 1672; x_wconf 89' lang='lat' dir='ltr'>satis</span> <span class='ocrx_word' id='word_1_179' title='bbox 1051 1600 1186 1671; x_wconf 90' lang='lat' dir='ltr'>dictum</span> 
     </span>
     <span class='ocr_line' id='line_1_15' title="bbox 197 1702 1186 1797; baseline -0.009 -18"><span class='ocrx_word' id='word_1_180' title='bbox 197 1723 260 1780; x_wconf 90' lang='lat' dir='ltr'>est.</span> <span class='ocrx_word' id='word_1_181' title='bbox 314 1705 462 1777; x_wconf 86' lang='lat' dir='ltr'>Necesse</span> <span class='ocrx_word' id='word_1_182' title='bbox 475 1716 527 1774; x_wconf 91' lang='lat' dir='ltr'>est</span> <span class='ocrx_word' id='word_1_183' title='bbox 540 1703 650 1792; x_wconf 92' lang='lat' dir='ltr'>igitur</span> <span class='ocrx_word' id='word_1_184' title='bbox 665 1702 772 1772; x_wconf 90' lang='lat' dir='ltr'>adiici</span> <span class='ocrx_word' id='word_1_185' title='bbox 794 1703 1025 1797; x_wconf 82' lang='lat' dir='ltr'>principalem</span> <span class='ocrx_word' id='word_1_186' title='bbox 1046 1724 1186 1772; x_wconf 89' lang='lat' dir='ltr'>causam</span> 
     </span>
    </p>
   </div>
   <div class='ocr_carea' id='block_1_3' title="bbox 197 1804 2213 2033">
    <p class='ocr_par' dir='ltr' id='par_1_3' title="bbox 197 1804 2213 2033">
     <span class='ocr_line' id='line_1_16' title="bbox 197 1804 2213 1930; baseline 0.009 -39"><span class='ocrx_word' id='word_1_187' title='bbox 197 1820 232 1882; x_wconf 69' lang='lat' dir='ltr'>el</span> <span class='ocrx_word' id='word_1_188' title='bbox 255 1807 455 1926; x_wconf 60' lang='lat' dir='ltr'>d⁰⁶lfi¹¹⁸f¹¹</span> <span class='ocrx_word' id='word_1_189' title='bbox 478 1807 523 1874; x_wconf 70' lang='lat'>‘¹0</span> <span class='ocrx_word' id='word_1_190' title='bbox 547 1804 776 1924; x_wconf 57' lang='lat' dir='ltr'>{bmiiiiffl‘</span> <span class='ocrx_word' id='word_1_191' title='bbox 798 1806 912 1926; x_wconf 44' lang='lat' dir='ltr'>leiki,</span> <span class='ocrx_word' id='word_1_192' title='bbox 938 1806 995 1924; x_wconf 54' lang='lat' dir='ltr'>vil</span> <span class='ocrx_word' id='word_1_193' title='bbox 1018 1805 1187 1924; x_wconf 58' lang='lat' dir='ltr'>d‘Jib‘if‘</span> <span class='ocrx_word' id='word_1_194' title='bbox 1234 1837 1328 1930; x_wconf 88' lang='lat' dir='ltr'>Quia</span> <span class='ocrx_word' id='word_1_195' title='bbox 1345 1839 1440 1909; x_wconf 86' lang='lat' dir='ltr'>enirn</span> <span class='ocrx_word' id='word_1_196' title='bbox 1456 1833 1621 1910; x_wconf 92' lang='lat' dir='ltr'>homines</span> <span class='ocrx_word' id='word_1_197' title='bbox 1635 1840 1844 1910; x_wconf 85' lang='lat' dir='ltr'>naturaliter</span> <span class='ocrx_word' id='word_1_198' title='bbox 1860 1839 1965 1930; x_wconf 89' lang='lat' dir='ltr'>proni</span> <span class='ocrx_word' id='word_1_199' title='bbox 1983 1851 2071 1909; x_wconf 91' lang='lat' dir='ltr'>suut</span> <span class='ocrx_word' id='word_1_200' title='bbox 2090 1839 2133 1909; x_wconf 88' lang='lat' dir='ltr'>ed</span> <span class='ocrx_word' id='word_1_201' title='bbox 2153 1839 2213 1910; x_wconf 84' lang='lat' dir='ltr'>lil-</span> 
     </span>
     <span class='ocr_line' id='line_1_17' title="bbox 198 1909 2211 2033; baseline 0.004 -49"><span class='ocrx_word' id='word_1_202' title='bbox 198 1925 286 1984; x_wconf 87' lang='lat' dir='ltr'>tate:</span> <span class='ocrx_word' id='word_1_203' title='bbox 322 1910 486 1978; x_wconf 87' lang='lat' dir='ltr'>videlicet</span> <span class='ocrx_word' id='word_1_204' title='bbox 508 1930 682 1999; x_wconf 90' lang='lat' dir='ltr'>primum,</span> <span class='ocrx_word' id='word_1_205' title='bbox 710 1909 808 1999; x_wconf 90' lang='lat' dir='ltr'>quod</span> <span class='ocrx_word' id='word_1_206' title='bbox 832 1910 877 1977; x_wconf 87' lang='lat' dir='ltr'>sd</span> <span class='ocrx_word' id='word_1_207' title='bbox 902 1909 1186 1978; x_wconf 75' lang='lat' dir='ltr'>iustificationem</span> <span class='ocrx_word' id='word_1_208' title='bbox 1234 1966 1291 2012; x_wconf 46' lang='grc' dir='ltr'>ωδ</span> <span class='ocrx_word' id='word_1_209' title='bbox 1316 1944 1449 2023; x_wconf 57' lang='lat' dir='ltr'>mnu„</span> <span class='ocrx_word' id='word_1_210' title='bbox 1490 1957 1525 2013; x_wconf 59' lang='lat' dir='ltr'>e,</span> <span class='ocrx_word' id='word_1_211' title='bbox 1554 1943 1591 2010; x_wconf 65' lang='lat' dir='ltr'>pn</span> <span class='ocrx_word' id='word_1_212' title='bbox 1626 1943 1792 2033; x_wconf 56' lang='lat' dir='ltr'>periculi,</span> <span class='ocrx_word' id='word_1_213' title='bbox 1822 1940 2033 2031; x_wconf 58' lang='lat' dir='ltr'>confugium</span> <span class='ocrx_word' id='word_1_214' title='bbox 2058 1942 2101 2013; x_wconf 68' lang='lat' dir='ltr'>,d</span> <span class='ocrx_word' id='word_1_215' title='bbox 2122 1962 2211 2012; x_wconf 65' lang='lat' dir='ltr'>,mm</span> 
     </span>
    </p>
   </div>
   <div class='ocr_carea' id='block_1_4' title="bbox 111 2005 2251 2449">
    <p class='ocr_par' dir='ltr' id='par_1_4' title="bbox 111 2005 2212 2237">
     <span class='ocr_line' id='line_1_18' title="bbox 198 2005 2212 2133; baseline -0.005 -10"><span class='ocrx_word' id='word_1_216' title='bbox 198 2015 347 2102; x_wconf 45' lang='grc' dir='ltr'>ἀἰψ’</span> <span class='ocrx_word' id='word_1_217' title='bbox 375 2005 609 2098; x_wconf 50' lang='lat' dir='ltr'>&amp;mmmm</span> <span class='ocrx_word' id='word_1_218' title='bbox 631 2021 713 2126; x_wconf 59' lang='lat' dir='ltr'>vm,</span> <span class='ocrx_word' id='word_1_219' title='bbox 734 2009 862 2129; x_wconf 43' lang='lat' dir='ltr'>libfffi</span> <span class='ocrx_word' id='word_1_220' title='bbox 884 2032 950 2080; x_wconf 77' lang='lat'>¹¹⁰⁵</span> <span class='ocrx_word' id='word_1_221' title='bbox 971 2035 990 2079; x_wconf 71' lang='lat'>³</span> <span class='ocrx_word' id='word_1_222' title='bbox 1008 2022 1080 2079; x_wconf 64' lang='lat'>¹⁰¹²</span> <span class='ocrx_word' id='word_1_223' title='bbox 1098 2009 1186 2128; x_wconf 57' lang='lat' dir='ltr'>lfsset</span> <span class='ocrx_word' id='word_1_224' title='bbox 1235 2043 1410 2115; x_wconf 88' lang='lat' dir='ltr'>iusticiam</span> <span class='ocrx_word' id='word_1_225' title='bbox 1433 2058 1493 2114; x_wconf 86' lang='lat' dir='ltr'>sut</span> <span class='ocrx_word' id='word_1_226' title='bbox 1509 2046 1651 2129; x_wconf 88' lang='lat' dir='ltr'>merita,</span> <span class='ocrx_word' id='word_1_227' title='bbox 1678 2067 1797 2114; x_wconf 91' lang='lat' dir='ltr'>errore</span> <span class='ocrx_word' id='word_1_228' title='bbox 1818 2043 2018 2133; x_wconf 77' lang='lat' dir='ltr'>excogitant</span> <span class='ocrx_word' id='word_1_229' title='bbox 2043 2057 2079 2113; x_wconf 89' lang='lat' dir='ltr'>et</span> <span class='ocrx_word' id='word_1_230' title='bbox 2099 2066 2212 2113; x_wconf 84' lang='lat' dir='ltr'>curnu-</span> 
     </span>
     <span class='ocr_line' id='line_1_19' title="bbox 111 2111 2211 2237; baseline 0.007 -84"><span class='ocrx_word' id='word_1_231' title='bbox 111 2148 135 2207; x_wconf 60' lang='lat'><strong>1</strong></span> <span class='ocrx_word' id='word_1_232' title='bbox 200 2115 439 2234; x_wconf 56' lang='lat' dir='ltr'>ld.‘.⁸‘’d⁰⁶⁰²</span> <span class='ocrx_word' id='word_1_233' title='bbox 455 2136 519 2181; x_wconf 90' lang='lat' dir='ltr'>nos</span> <span class='ocrx_word' id='word_1_234' title='bbox 537 2132 770 2228; x_wconf 80' lang='lat' dir='ltr'>pronunciari</span> <span class='ocrx_word' id='word_1_235' title='bbox 786 2126 897 2182; x_wconf 91' lang='lat' dir='ltr'>iustus</span> <span class='ocrx_word' id='word_1_236' title='bbox 913 2125 1058 2205; x_wconf 88' lang='lat' dir='ltr'>propter</span> <span class='ocrx_word' id='word_1_237' title='bbox 1077 2111 1189 2196; x_wconf 90' lang='lat' dir='ltr'>aliud,</span> <span class='ocrx_word' id='word_1_238' title='bbox 1235 2147 1311 2216; x_wconf 62' lang='lat' dir='ltr'>pam</span> <span class='ocrx_word' id='word_1_239' title='bbox 1334 2146 1460 2216; x_wconf 58' lang='lat' dir='ltr'>culm</span> <span class='ocrx_word' id='word_1_240' title='bbox 1519 2145 1604 2217; x_wconf 62' lang='lat' dir='ltr'>Ideo</span> <span class='ocrx_word' id='word_1_241' title='bbox 1629 2169 1767 2216; x_wconf 59' lang='lat' dir='ltr'>necem</span> <span class='ocrx_word' id='word_1_242' title='bbox 1788 2159 1838 2215; x_wconf 57' lang='lat' dir='ltr'>“t</span> <span class='ocrx_word' id='word_1_243' title='bbox 1861 2141 2039 2215; x_wconf 46' lang='lat' dir='ltr'>Eodem</span> <span class='ocrx_word' id='word_1_244' title='bbox 2060 2168 2211 2237; x_wconf 57' lang='lat' dir='ltr'>mem</span> 
     </span>
    </p>

    <p class='ocr_par' dir='ltr' id='par_1_5' title="bbox 199 2207 2251 2339">
     <span class='ocr_line' id='line_1_20' title="bbox 199 2207 2251 2339; baseline -0.008 -9"><span class='ocrx_word' id='word_1_245' title='bbox 199 2217 333 2289; x_wconf 66' lang='lat'>⁸⁶¹¹¹⁰²¹</span> <span class='ocrx_word' id='word_1_246' title='bbox 364 2227 510 2306; x_wconf 57' lang='lat' dir='ltr'>pmpm</span> <span class='ocrx_word' id='word_1_247' title='bbox 536 2207 741 2333; x_wconf 44' lang='lat' dir='ltr'>Phnmfm’</span> <span class='ocrx_word' id='word_1_248' title='bbox 783 2239 856 2283; x_wconf 76' lang='lat'>¹¹⁰⁰</span> <span class='ocrx_word' id='word_1_249' title='bbox 889 2228 1033 2335; x_wconf 56' lang='lat' dir='ltr'>pmlmf</span> <span class='ocrx_word' id='word_1_250' title='bbox 1065 2214 1185 2332; x_wconf 44' lang='lat' dir='ltr'><strong>legem·</strong></span> <span class='ocrx_word' id='word_1_251' title='bbox 1237 2248 1334 2329; x_wconf 90' lang='lat' dir='ltr'>neri,</span> <span class='ocrx_word' id='word_1_252' title='bbox 1359 2261 1400 2319; x_wconf 94' lang='lat' dir='ltr'>ut</span> <span class='ocrx_word' id='word_1_253' title='bbox 1415 2271 1497 2319; x_wconf 84' lang='lat' dir='ltr'>vere</span> <span class='ocrx_word' id='word_1_254' title='bbox 1511 2249 1712 2339; x_wconf 88' lang='lat' dir='ltr'>intelligant</span> <span class='ocrx_word' id='word_1_255' title='bbox 1733 2248 1932 2319; x_wconf 87' lang='lat' dir='ltr'>doctrinam</span> <span class='ocrx_word' id='word_1_256' title='bbox 1957 2252 2002 2317; x_wconf 94' lang='lat' dir='ltr'>de</span> <span class='ocrx_word' id='word_1_257' title='bbox 2027 2247 2098 2317; x_wconf 88' lang='lat' dir='ltr'>lide</span> <span class='ocrx_word' id='word_1_258' title='bbox 2124 2261 2158 2318; x_wconf 91' lang='lat' dir='ltr'>et</span> <span class='ocrx_word' id='word_1_259' title='bbox 2175 2248 2211 2317; x_wconf 82' lang='lat' dir='ltr'>(le</span> <span class='ocrx_word' id='word_1_260' title='bbox 2249 2246 2251 2257; x_wconf 91' lang='lat'>&#39;</span> 
     </span>
    </p>

    <p class='ocr_par' dir='ltr' id='par_1_6' title="bbox 200 2309 2251 2449">
     <span class='ocr_line' id='line_1_21' title="bbox 200 2309 2251 2449; baseline -0.009 -61"><span class='ocrx_word' id='word_1_261' title='bbox 200 2317 323 2408; x_wconf 85' lang='lat' dir='ltr'>Qliare</span> <span class='ocrx_word' id='word_1_262' title='bbox 340 2321 521 2386; x_wconf 84' lang='lat' dir='ltr'>credentes</span> <span class='ocrx_word' id='word_1_263' title='bbox 539 2338 577 2382; x_wconf 94' lang='lat' dir='ltr'>in</span> <span class='ocrx_word' id='word_1_264' title='bbox 593 2309 774 2386; x_wconf 74' lang='lat' dir='ltr'>Christum</span> <span class='ocrx_word' id='word_1_265' title='bbox 793 2311 927 2387; x_wconf 92' lang='lat' dir='ltr'>babent</span> <span class='ocrx_word' id='word_1_266' title='bbox 941 2339 1185 2385; x_wconf 88' lang='lat' dir='ltr'>remissionem</span> <span class='ocrx_word' id='word_1_267' title='bbox 1238 2374 1320 2420; x_wconf 56' lang='lat' dir='ltr'>vm</span> <span class='ocrx_word' id='word_1_268' title='bbox 1343 2350 1588 2436; x_wconf 51' lang='lat' dir='ltr'>motatione,</span> <span class='ocrx_word' id='word_1_269' title='bbox 1614 2366 1648 2423; x_wconf 61' lang='lat' dir='ltr'>et</span> <span class='ocrx_word' id='word_1_270' title='bbox 1671 2352 1805 2421; x_wconf 52' lang='lat' dir='ltr'>mltum</span> <span class='ocrx_word' id='word_1_271' title='bbox 1830 2349 1932 2429; x_wconf 50' lang='lat' dir='ltr'>fidei,</span> <span class='ocrx_word' id='word_1_272' title='bbox 1958 2362 1992 2420; x_wconf 51' lang='lat' dir='ltr'>et</span> <span class='ocrx_word' id='word_1_273' title='bbox 2016 2347 2211 2421; x_wconf 48' lang='lat' dir='ltr'>‘tiammo</span> <span class='ocrx_word' id='word_1_274' title='bbox 2225 2370 2251 2449; x_wconf 40' lang='grc'>4</span> 
     </span>
    </p>
   </div>
   <div class='ocr_carea' id='block_1_5' title="bbox 199 2413 2251 2614">
    <p class='ocr_par' dir='ltr' id='par_1_7' title="bbox 199 2413 2251 2614">
     <span class='ocr_line' id='line_1_22' title="bbox 199 2413 2251 2545; baseline -0.001 -20"><span class='ocrx_word' id='word_1_275' title='bbox 199 2434 444 2540; x_wconf 50' lang='lat' dir='ltr'>ffcfm‘fmfn’</span> <span class='ocrx_word' id='word_1_276' title='bbox 478 2429 618 2536; x_wconf 53' lang='grc' dir='ltr'>’ΨΜ</span> <span class='ocrx_word' id='word_1_277' title='bbox 642 2416 744 2502; x_wconf 57' lang='lat' dir='ltr'>imfi’</span> <span class='ocrx_word' id='word_1_278' title='bbox 770 2418 907 2536; x_wconf 45' lang='lat' dir='ltr'>“imi</span> <span class='ocrx_word' id='word_1_279' title='bbox 929 2414 1045 2536; x_wconf 52' lang='lat' dir='ltr'>”fimf</span> <span class='ocrx_word' id='word_1_280' title='bbox 1066 2413 1188 2537; x_wconf 57' lang='lat' dir='ltr'>h³fr²⁸</span> <span class='ocrx_word' id='word_1_281' title='bbox 1237 2453 1424 2545; x_wconf 91' lang='lat' dir='ltr'>displicere</span> <span class='ocrx_word' id='word_1_282' title='bbox 1438 2453 1553 2524; x_wconf 87' lang='lat' dir='ltr'>cultus</span> <span class='ocrx_word' id='word_1_283' title='bbox 1569 2453 1747 2524; x_wconf 91' lang='lat' dir='ltr'>institutos</span> <span class='ocrx_word' id='word_1_284' title='bbox 1768 2452 1846 2522; x_wconf 90' lang='lat' dir='ltr'>sine</span> <span class='ocrx_word' id='word_1_285' title='bbox 1866 2453 2036 2523; x_wconf 86' lang='lat' dir='ltr'>mandatu</span> <span class='ocrx_word' id='word_1_286' title='bbox 2052 2452 2183 2522; x_wconf 89' lang='lat' dir='ltr'>divino.</span> <span class='ocrx_word' id='word_1_287' title='bbox 2248 2458 2251 2539; x_wconf 63' lang='grc' dir='ltr'><em>ζ</em></span> 
     </span>
     <span class='ocr_line' id='line_1_23' title="bbox 203 2519 1189 2614; baseline 0.001 -25"><span class='ocrx_word' id='word_1_288' title='bbox 203 2545 242 2590; x_wconf 92' lang='lat' dir='ltr'>in</span> <span class='ocrx_word' id='word_1_289' title='bbox 271 2542 358 2614; x_wconf 89' lang='lat' dir='ltr'>ipsis</span> <span class='ocrx_word' id='word_1_290' title='bbox 384 2519 589 2603; x_wconf 84' lang='lat' dir='ltr'>infirmitas,</span> <span class='ocrx_word' id='word_1_291' title='bbox 628 2542 717 2611; x_wconf 87' lang='lat' dir='ltr'>quae</span> <span class='ocrx_word' id='word_1_292' title='bbox 750 2520 855 2609; x_wconf 83' lang='lat' dir='ltr'>facit,</span> <span class='ocrx_word' id='word_1_293' title='bbox 896 2544 942 2591; x_wconf 92' lang='lat' dir='ltr'>ne</span> <span class='ocrx_word' id='word_1_294' title='bbox 973 2520 1189 2590; x_wconf 75' lang='lat' dir='ltr'>satisfaciant</span> 
     </span>
    </p>
   </div>
   <div class='ocr_carea' id='block_1_6' title="bbox 199 2620 1189 3020">
    <p class='ocr_par' dir='ltr' id='par_1_8' title="bbox 199 2620 1189 3020">
     <span class='ocr_line' id='line_1_24' title="bbox 203 2620 1188 2715; baseline -0.002 -23"><span class='ocrx_word' id='word_1_295' title='bbox 203 2620 284 2714; x_wconf 89' lang='lat' dir='ltr'>legi.</span> <span class='ocrx_word' id='word_1_296' title='bbox 335 2620 387 2691; x_wconf 77' lang='lat' dir='ltr'>hc</span> <span class='ocrx_word' id='word_1_297' title='bbox 411 2620 619 2712; x_wconf 89' lang='lat' dir='ltr'>principalis</span> <span class='ocrx_word' id='word_1_298' title='bbox 649 2643 771 2707; x_wconf 87' lang='lat' dir='ltr'>eausa,</span> <span class='ocrx_word' id='word_1_299' title='bbox 812 2634 955 2712; x_wconf 88' lang='lat' dir='ltr'>propter</span> <span class='ocrx_word' id='word_1_300' title='bbox 984 2646 1090 2715; x_wconf 90' lang='lat' dir='ltr'>quain</span> <span class='ocrx_word' id='word_1_301' title='bbox 1116 2636 1188 2692; x_wconf 89' lang='lat' dir='ltr'>tra·</span> 
     </span>
     <span class='ocr_line' id='line_1_25' title="bbox 203 2718 1189 2818; baseline -0.001 -24"><span class='ocrx_word' id='word_1_302' title='bbox 203 2727 319 2794; x_wconf 88' lang='lat' dir='ltr'>denda</span> <span class='ocrx_word' id='word_1_303' title='bbox 335 2739 386 2795; x_wconf 90' lang='lat' dir='ltr'>est</span> <span class='ocrx_word' id='word_1_304' title='bbox 401 2723 485 2814; x_wconf 88' lang='lat' dir='ltr'>legis</span> <span class='ocrx_word' id='word_1_305' title='bbox 500 2721 694 2812; x_wconf 88' lang='lat' dir='ltr'>abrogatio,</span> <span class='ocrx_word' id='word_1_306' title='bbox 708 2718 875 2815; x_wconf 87' lang='lat' dir='ltr'>haecipsa</span> <span class='ocrx_word' id='word_1_307' title='bbox 892 2740 953 2811; x_wconf 89' lang='lat' dir='ltr'>est,</span> <span class='ocrx_word' id='word_1_308' title='bbox 970 2727 1064 2818; x_wconf 88' lang='lat' dir='ltr'>qiiod</span> <span class='ocrx_word' id='word_1_309' title='bbox 1081 2748 1189 2815; x_wconf 91' lang='lat' dir='ltr'>opor·</span> 
     </span>
     <span class='ocr_line' id='line_1_26' title="bbox 201 2824 1187 2898; baseline -0.002 -1"><span class='ocrx_word' id='word_1_310' title='bbox 201 2840 252 2897; x_wconf 90' lang='lat' dir='ltr'>tet</span> <span class='ocrx_word' id='word_1_311' title='bbox 267 2826 500 2896; x_wconf 85' lang='lat' dir='ltr'>conscientias</span> <span class='ocrx_word' id='word_1_312' title='bbox 515 2825 559 2894; x_wconf 90' lang='lat' dir='ltr'>de</span> <span class='ocrx_word' id='word_1_313' title='bbox 574 2824 819 2896; x_wconf 85' lang='lat' dir='ltr'>iustificatione</span> <span class='ocrx_word' id='word_1_314' title='bbox 834 2841 931 2897; x_wconf 89' lang='lat' dir='ltr'>recte</span> <span class='ocrx_word' id='word_1_315' title='bbox 945 2827 1076 2898; x_wconf 85' lang='lat' dir='ltr'>doceri.</span> <span class='ocrx_word' id='word_1_316' title='bbox 1104 2824 1187 2896; x_wconf 90' lang='lat' dir='ltr'>ldeo</span> 
     </span>
     <span class='ocr_line' id='line_1_27' title="bbox 199 2923 1187 3020; baseline 0.003 -21"><span class='ocrx_word' id='word_1_317' title='bbox 199 2923 294 2999; x_wconf 85' lang='lat' dir='ltr'>hsnc</span> <span class='ocrx_word' id='word_1_318' title='bbox 311 2928 576 3019; x_wconf 88' lang='lat' dir='ltr'>responsionem</span> <span class='ocrx_word' id='word_1_319' title='bbox 602 2926 710 2996; x_wconf 91' lang='lat' dir='ltr'>adiici</span> <span class='ocrx_word' id='word_1_320' title='bbox 733 2951 874 2998; x_wconf 87' lang='lat' dir='ltr'>necesse</span> <span class='ocrx_word' id='word_1_321' title='bbox 888 2944 939 3000; x_wconf 88' lang='lat' dir='ltr'>est</span> <span class='ocrx_word' id='word_1_322' title='bbox 957 2931 1002 3000; x_wconf 93' lang='lat' dir='ltr'>ad</span> <span class='ocrx_word' id='word_1_323' title='bbox 1020 2929 1187 3020; x_wconf 84' lang='lat' dir='ltr'>priorem.</span> 
     </span>
    </p>
   </div>
   <div class='ocr_carea' id='block_1_7' title="bbox 200 3027 2208 3219">
    <p class='ocr_par' dir='ltr' id='par_1_9' title="bbox 200 3027 2208 3219">
     <span class='ocr_line' id='line_1_28' title="bbox 200 3027 1456 3124; baseline -0.013 -20"><span class='ocrx_word' id='word_1_324' title='bbox 200 3056 206 3079; x_wconf 88' lang='lat'>··</span> <span class='ocrx_word' id='word_1_325' title='bbox 303 3028 490 3115; x_wconf 86' lang='lat' dir='ltr'>Secundo,</span> <span class='ocrx_word' id='word_1_326' title='bbox 524 3027 588 3099; x_wconf 86' lang='lat' dir='ltr'>etsi</span> <span class='ocrx_word' id='word_1_327' title='bbox 610 3050 732 3099; x_wconf 91' lang='lat' dir='ltr'>sumus</span> <span class='ocrx_word' id='word_1_328' title='bbox 756 3030 915 3115; x_wconf 88' lang='lat' dir='ltr'>liberati,</span> <span class='ocrx_word' id='word_1_329' title='bbox 940 3035 1036 3124; x_wconf 91' lang='lat' dir='ltr'>quod</span> <span class='ocrx_word' id='word_1_330' title='bbox 1061 3033 1107 3101; x_wconf 88' lang='lat' dir='ltr'>ad</span> <span class='ocrx_word' id='word_1_331' title='bbox 1131 3032 1187 3100; x_wconf 90' lang='lat' dir='ltr'>iu·</span> <span class='ocrx_word' id='word_1_332' title='bbox 1278 3099 1287 3115; x_wconf 69' lang='lat'>,</span> <span class='ocrx_word' id='word_1_333' title='bbox 1348 3099 1356 3115; x_wconf 65' lang='lat'>‚</span> <span class='ocrx_word' id='word_1_334' title='bbox 1448 3097 1456 3114; x_wconf 64' lang='grc'><strong>,</strong></span> 
     </span>
     <span class='ocr_line' id='line_1_29' title="bbox 201 3094 2208 3219; baseline -0.011 -32"><span class='ocrx_word' id='word_1_335' title='bbox 201 3129 448 3201; x_wconf 59' lang='lat' dir='ltr'>flififfiionffl,</span> <span class='ocrx_word' id='word_1_336' title='bbox 470 3130 617 3212; x_wconf 53' lang='lat' dir='ltr'>agina,</span> <span class='ocrx_word' id='word_1_337' title='bbox 649 3145 769 3219; x_wconf 57' lang='lat' dir='ltr'>tame„</span> <span class='ocrx_word' id='word_1_338' title='bbox 793 3134 847 3202; x_wconf 52' lang='grc' dir='ltr'>,εχ</span> <span class='ocrx_word' id='word_1_339' title='bbox 871 3158 945 3203; x_wconf 66' lang='lat' dir='ltr'>„on</span> <span class='ocrx_word' id='word_1_340' title='bbox 967 3147 1018 3202; x_wconf 48' lang='lat' dir='ltr'>fs,</span> <span class='ocrx_word' id='word_1_341' title='bbox 1039 3133 1187 3219; x_wconf 84' lang='lat' dir='ltr'>sublata,</span> <span class='ocrx_word' id='word_1_342' title='bbox 1238 3100 1511 3171; x_wconf 88' lang='lat' dir='ltr'>misericordiae.</span> <span class='ocrx_word' id='word_1_343' title='bbox 1569 3094 1649 3167; x_wconf 85' lang='lat' dir='ltr'>Hoc</span> <span class='ocrx_word' id='word_1_344' title='bbox 1676 3121 1758 3167; x_wconf 89' lang='lat' dir='ltr'>eum</span> <span class='ocrx_word' id='word_1_345' title='bbox 1786 3100 1831 3164; x_wconf 83' lang='lat' dir='ltr'>de</span> <span class='ocrx_word' id='word_1_346' title='bbox 1853 3095 2032 3166; x_wconf 85' lang='lat' dir='ltr'>sacrificiis</span> <span class='ocrx_word' id='word_1_347' title='bbox 2056 3095 2208 3167; x_wconf 79' lang='lat' dir='ltr'>Levitico</span> 
     </span>
    </p>
   </div>
   <div class='ocr_carea' id='block_1_8' title="bbox 201 3193 2251 3426">
    <p class='ocr_par' dir='ltr' id='par_1_10' title="bbox 201 3193 2251 3426">
     <span class='ocr_line' id='line_1_30' title="bbox 202 3193 2251 3328; baseline -0.013 -27"><span class='ocrx_word' id='word_1_348' title='bbox 202 3235 299 3323; x_wconf 90' lang='lat' dir='ltr'>quod</span> <span class='ocrx_word' id='word_1_349' title='bbox 323 3235 368 3302; x_wconf 91' lang='lat' dir='ltr'>ad</span> <span class='ocrx_word' id='word_1_350' title='bbox 399 3233 639 3302; x_wconf 86' lang='lat' dir='ltr'>obedientiam</span> <span class='ocrx_word' id='word_1_351' title='bbox 671 3234 814 3326; x_wconf 87' lang='lat' dir='ltr'>attinet,</span> <span class='ocrx_word' id='word_1_352' title='bbox 848 3236 930 3328; x_wconf 91' lang='lat' dir='ltr'>quia</span> <span class='ocrx_word' id='word_1_353' title='bbox 954 3231 1187 3323; x_wconf 82' lang='lat' dir='ltr'>Evangeliiim</span> <span class='ocrx_word' id='word_1_354' title='bbox 1238 3199 1700 3320; x_wconf 50' lang='lat' dir='ltr'>dicafll‘ifllfflnffislligss</span> <span class='ocrx_word' id='word_1_355' title='bbox 1730 3193 1946 3268; x_wconf 60' lang='lat' dir='ltr'>dsslfflhffldt</span> <span class='ocrx_word' id='word_1_356' title='bbox 1970 3212 2024 3316; x_wconf 62' lang='lat'>0³}</span> <span class='ocrx_word' id='word_1_357' title='bbox 2055 3193 2209 3319; x_wconf 48' lang='lat' dir='ltr'>butum}</span> <span class='ocrx_word' id='word_1_358' title='bbox 2239 3216 2251 3303; x_wconf 60' lang='grc' dir='ltr'><strong>ξ</strong></span> 
     </span>
     <span class='ocr_line' id='line_1_31' title="bbox 201 3295 2251 3426; baseline -0.017 -34"><span class='ocrx_word' id='word_1_359' title='bbox 201 3337 383 3423; x_wconf 56' lang='lat' dir='ltr'>praedicat</span> <span class='ocrx_word' id='word_1_360' title='bbox 405 3335 677 3426; x_wconf 51' lang='lat' dir='ltr'>poenitentiam,</span> <span class='ocrx_word' id='word_1_361' title='bbox 712 3350 746 3406; x_wconf 43' lang='grc' dir='ltr'>εἰ</span> <span class='ocrx_word' id='word_1_362' title='bbox 767 3337 912 3407; x_wconf 58' lang='lat' dir='ltr'>,uhppcip</span> <span class='ocrx_word' id='word_1_363' title='bbox 933 3360 998 3407; x_wconf 58' lang='lat' dir='ltr'>no,</span> <span class='ocrx_word' id='word_1_364' title='bbox 1017 3331 1120 3421; x_wconf 49' lang='lat' dir='ltr'><strong><em>Deo,</em></strong></span> <span class='ocrx_word' id='word_1_365' title='bbox 1153 3349 1188 3408; x_wconf 57' lang='lat' dir='ltr'>e,</span> <span class='ocrx_word' id='word_1_366' title='bbox 1237 3304 1490 3372; x_wconf 83' lang='lat' dir='ltr'>traditionibus</span> <span class='ocrx_word' id='word_1_367' title='bbox 1517 3325 1641 3392; x_wconf 90' lang='lat' dir='ltr'>opinio</span> <span class='ocrx_word' id='word_1_368' title='bbox 1662 3295 1776 3371; x_wconf 87' lang='lat' dir='ltr'>cultus</span> <span class='ocrx_word' id='word_1_369' title='bbox 1810 3314 1871 3370; x_wconf 93' lang='lat' dir='ltr'>aut</span> <span class='ocrx_word' id='word_1_370' title='bbox 1892 3312 2023 3373; x_wconf 88' lang='lat' dir='ltr'>nieriti.</span> <span class='ocrx_word' id='word_1_371' title='bbox 2081 3299 2210 3394; x_wconf 79' lang='lat' dir='ltr'>Siquis</span> <span class='ocrx_word' id='word_1_372' title='bbox 2244 3320 2251 3357; x_wconf 82' lang='lat' dir='ltr'>i</span> 
     </span>
    </p>
   </div>
   <div class='ocr_carea' id='block_1_9' title="bbox 202 3399 2244 3634">
    <p class='ocr_par' dir='ltr' id='par_1_11' title="bbox 202 3399 2244 3634">
     <span class='ocr_line' id='line_1_32' title="bbox 203 3399 2208 3529; baseline 0.002 -28"><span class='ocrx_word' id='word_1_373' title='bbox 203 3434 325 3505; x_wconf 89' lang='lat' dir='ltr'>incost</span> <span class='ocrx_word' id='word_1_374' title='bbox 352 3437 389 3504; x_wconf 94' lang='lat' dir='ltr'>in</span> <span class='ocrx_word' id='word_1_375' title='bbox 414 3438 519 3506; x_wconf 90' lang='lat' dir='ltr'>nobis</span> <span class='ocrx_word' id='word_1_376' title='bbox 537 3437 756 3526; x_wconf 82' lang='lat' dir='ltr'>spiritualem</span> <span class='ocrx_word' id='word_1_377' title='bbox 773 3439 1024 3514; x_wconf 87' lang='lat' dir='ltr'>obedientiam.</span> <span class='ocrx_word' id='word_1_378' title='bbox 1066 3440 1187 3529; x_wconf 86' lang='lat' dir='ltr'>Quare</span> <span class='ocrx_word' id='word_1_379' title='bbox 1237 3428 1334 3475; x_wconf 72' lang='lat'><strong>”⁰¹¹⁰</strong></span> <span class='ocrx_word' id='word_1_380' title='bbox 1368 3405 1568 3474; x_wconf 54' lang='lat' dir='ltr'>“mmm</span> <span class='ocrx_word' id='word_1_381' title='bbox 1607 3403 1935 3520; x_wconf 55' lang='lat' dir='ltr'>⁰5¹⁰⁰m⁰i³i⁰¹J‘m’</span> <span class='ocrx_word' id='word_1_382' title='bbox 1972 3413 2037 3521; x_wconf 65' lang='lat'>⁸¹¹²,</span> <span class='ocrx_word' id='word_1_383' title='bbox 2064 3399 2208 3474; x_wconf 47' lang='grc' dir='ltr'>ΜΨ</span> 
     </span>
     <span class='ocr_line' id='line_1_33' title="bbox 202 3502 2244 3634; baseline 0.002 -31"><span class='ocrx_word' id='word_1_384' title='bbox 202 3554 342 3607; x_wconf 85' lang='lat' dir='ltr'>necesse</span> <span class='ocrx_word' id='word_1_385' title='bbox 365 3551 416 3608; x_wconf 89' lang='lat' dir='ltr'>est</span> <span class='ocrx_word' id='word_1_386' title='bbox 439 3537 573 3608; x_wconf 87' lang='lat' dir='ltr'>incoari</span> <span class='ocrx_word' id='word_1_387' title='bbox 599 3538 680 3607; x_wconf 91' lang='lat' dir='ltr'>illos</span> <span class='ocrx_word' id='word_1_388' title='bbox 710 3539 846 3625; x_wconf 87' lang='lat' dir='ltr'>cultus,</span> <span class='ocrx_word' id='word_1_389' title='bbox 872 3543 935 3634; x_wconf 91' lang='lat' dir='ltr'>qui</span> <span class='ocrx_word' id='word_1_390' title='bbox 959 3542 1187 3613; x_wconf 89' lang='lat' dir='ltr'>continentur</span> <span class='ocrx_word' id='word_1_391' title='bbox 1237 3502 1460 3590; x_wconf 59' lang='lat' dir='ltr'>h⁰¹⁰⁰³¹¹m2</span> <span class='ocrx_word' id='word_1_392' title='bbox 1500 3527 1624 3573; x_wconf 48' lang='grc' dir='ltr'>(ΨΜ</span> <span class='ocrx_word' id='word_1_393' title='bbox 1653 3528 1734 3574; x_wconf 64' lang='lat'><strong>‘⁰¹¹¹</strong></span> <span class='ocrx_word' id='word_1_394' title='bbox 1765 3519 1892 3574; x_wconf 62' lang='lat' dir='ltr'>mmm</span> <span class='ocrx_word' id='word_1_395' title='bbox 1917 3505 2207 3577; x_wconf 54' lang='lat' dir='ltr'><strong>mmmmm·</strong></span> <span class='ocrx_word' id='word_1_396' title='bbox 2241 3578 2244 3583; x_wconf 95' lang='lat'>·</span> 
     </span>
    </p>
   </div>
   <div class='ocr_carea' id='block_1_10' title="bbox 88 3580 2251 4960">
    <p class='ocr_par' dir='ltr' id='par_1_12' title="bbox 88 3580 2251 4960">
     <span class='ocr_line' id='line_1_34' title="bbox 202 3580 2251 3735; baseline 0.009 -31"><span class='ocrx_word' id='word_1_397' title='bbox 202 3636 485 3728; x_wconf 86' lang='lat' dir='ltr'>inlegemorali.</span> <span class='ocrx_word' id='word_1_398' title='bbox 537 3637 584 3711; x_wconf 82' lang='lat' dir='ltr'>Et</span> <span class='ocrx_word' id='word_1_399' title='bbox 609 3654 725 3710; x_wconf 87' lang='lat' dir='ltr'>tamen</span> <span class='ocrx_word' id='word_1_400' title='bbox 751 3644 929 3735; x_wconf 87' lang='lat' dir='ltr'>quianon</span> <span class='ocrx_word' id='word_1_401' title='bbox 954 3645 1186 3715; x_wconf 83' lang='lat' dir='ltr'>satisfacimus</span> <span class='ocrx_word' id='word_1_402' title='bbox 1236 3606 1296 3726; x_wconf 44' lang='lat' dir='ltr'>sic</span> <span class='ocrx_word' id='word_1_403' title='bbox 1320 3607 1708 3727; x_wconf 33' lang='lat' dir='ltr'>2b⁰¹¹fi⁰⁸¹id⁸b⁹m⁰⁵</span> <span class='ocrx_word' id='word_1_404' title='bbox 1729 3607 1982 3723; x_wconf 55' lang='lat' dir='ltr'>mmmm?</span> <span class='ocrx_word' id='word_1_405' title='bbox 2001 3618 2047 3724; x_wconf 59' lang='lat' dir='ltr'>‚et</span> <span class='ocrx_word' id='word_1_406' title='bbox 2066 3629 2205 3677; x_wconf 47' lang='lat' dir='ltr'>cmm*</span> <span class='ocrx_word' id='word_1_407' title='bbox 2241 3580 2251 3735; x_wconf 64' lang='lat' dir='ltr'>i</span> 
     </span>
     <span class='ocr_line' id='line_1_35' title="bbox 200 3709 2251 3830; baseline 0.01 -23"><span class='ocrx_word' id='word_1_408' title='bbox 200 3738 289 3829; x_wconf 85' lang='lat' dir='ltr'>legi,</span> <span class='ocrx_word' id='word_1_409' title='bbox 314 3741 860 3815; x_wconf 87' lang='lat' dir='ltr'>intereadocet&#39;nosiustosesse</span> <span class='ocrx_word' id='word_1_410' title='bbox 880 3746 947 3815; x_wconf 88' lang='lat' dir='ltr'>alia</span> <span class='ocrx_word' id='word_1_411' title='bbox 970 3769 1025 3830; x_wconf 90' lang='lat' dir='ltr'>re,</span> <span class='ocrx_word' id='word_1_412' title='bbox 1050 3746 1185 3819; x_wconf 79' lang='lat' dir='ltr'>scilieet</span> <span class='ocrx_word' id='word_1_413' title='bbox 1235 3733 1313 3779; x_wconf 73' lang='lat'>⁰¹³⁸</span> <span class='ocrx_word' id='word_1_414' title='bbox 1334 3732 1546 3801; x_wconf 59' lang='lat' dir='ltr'>&#39;mmmm’</span> <span class='ocrx_word' id='word_1_415' title='bbox 1585 3733 1673 3802; x_wconf 67' lang='lat'><strong>‘1¹¹³‘</strong></span> <span class='ocrx_word' id='word_1_416' title='bbox 1695 3710 1782 3777; x_wconf 55' lang='grc' dir='ltr'><strong>Μ</strong></span> <span class='ocrx_word' id='word_1_417' title='bbox 1806 3733 1884 3777; x_wconf 71' lang='lat'>⁰⁰¹⁰</span> <span class='ocrx_word' id='word_1_418' title='bbox 1912 3723 2085 3798; x_wconf 61' lang='lat'><strong>⁰9¹⁰¹⁰¹¹⁰</strong></span> <span class='ocrx_word' id='word_1_419' title='bbox 2110 3709 2207 3778; x_wconf 58' lang='lat'>‘⁰¹⁸⁸&#39;</span> <span class='ocrx_word' id='word_1_420' title='bbox 2245 3744 2251 3789; x_wconf 66' lang='lat'><em>³</em></span> 
     </span>
     <span class='ocr_line' id='line_1_36' title="bbox 203 3839 1185 3931; baseline 0.009 -21"><span class='ocrx_word' id='word_1_421' title='bbox 203 3848 349 3931; x_wconf 81' lang='lat' dir='ltr'>propter</span> <span class='ocrx_word' id='word_1_422' title='bbox 370 3839 552 3913; x_wconf 85' lang='lat' dir='ltr'>Christum</span> <span class='ocrx_word' id='word_1_423' title='bbox 575 3845 655 3914; x_wconf 88' lang='lat' dir='ltr'>lide.</span> <span class='ocrx_word' id='word_1_424' title='bbox 717 3842 770 3915; x_wconf 90' lang='lat' dir='ltr'>lta</span> <span class='ocrx_word' id='word_1_425' title='bbox 795 3847 921 3918; x_wconf 88' lang='lat' dir='ltr'>liberat</span> <span class='ocrx_word' id='word_1_426' title='bbox 952 3849 1185 3919; x_wconf 88' lang='lat' dir='ltr'>conscientias</span> 
     </span>
     <span class='ocr_line' id='line_1_37' title="bbox 198 3941 1184 4026; baseline 0.01 -15"><span class='ocrx_word' id='word_1_427' title='bbox 198 3942 324 4015; x_wconf 84' lang='lat' dir='ltr'>abillo</span> <span class='ocrx_word' id='word_1_428' title='bbox 349 3941 515 4017; x_wconf 88' lang='lat' dir='ltr'>horribili</span> <span class='ocrx_word' id='word_1_429' title='bbox 538 3969 664 4026; x_wconf 85' lang='lat' dir='ltr'>onere,</span> <span class='ocrx_word' id='word_1_430' title='bbox 690 3947 823 4019; x_wconf 89' lang='lat' dir='ltr'>scilicet</span> <span class='ocrx_word' id='word_1_431' title='bbox 844 3949 1042 4020; x_wconf 83' lang='lat' dir='ltr'>terroribus</span> <span class='ocrx_word' id='word_1_432' title='bbox 1064 3964 1098 4021; x_wconf 88' lang='lat' dir='ltr'>et</span> <span class='ocrx_word' id='word_1_433' title='bbox 1120 3953 1184 4021; x_wconf 89' lang='lat' dir='ltr'>da-</span> 
     </span>
     <span class='ocr_line' id='line_1_38' title="bbox 202 4048 1184 4139; baseline 0.011 -27"><span class='ocrx_word' id='word_1_434' title='bbox 202 4049 405 4132; x_wconf 86' lang='lat' dir='ltr'>mnatione,</span> <span class='ocrx_word' id='word_1_435' title='bbox 432 4072 539 4139; x_wconf 81' lang='lat' dir='ltr'>quam</span> <span class='ocrx_word' id='word_1_436' title='bbox 557 4050 611 4117; x_wconf 87' lang='lat' dir='ltr'>lex</span> <span class='ocrx_word' id='word_1_437' title='bbox 628 4048 787 4129; x_wconf 83' lang='lat' dir='ltr'>afferret,</span> <span class='ocrx_word' id='word_1_438' title='bbox 812 4075 892 4120; x_wconf 90' lang='lat' dir='ltr'>cuin</span> <span class='ocrx_word' id='word_1_439' title='bbox 912 4052 944 4121; x_wconf 92' lang='lat' dir='ltr'>ei</span> <span class='ocrx_word' id='word_1_440' title='bbox 960 4075 1032 4119; x_wconf 91' lang='lat' dir='ltr'>non</span> <span class='ocrx_word' id='word_1_441' title='bbox 1047 4054 1184 4123; x_wconf 83' lang='lat' dir='ltr'>satisfa-</span> 
     </span>
     <span class='ocr_line' id='line_1_39' title="bbox 153 4146 2203 4246; baseline 0.003 -34"><span class='ocrx_word' id='word_1_442' title='bbox 153 4228 157 4239; x_wconf 78' lang='lat'>,</span> <span class='ocrx_word' id='word_1_443' title='bbox 194 4146 352 4227; x_wconf 81' lang='lat' dir='ltr'>ciamus,</span> <span class='ocrx_word' id='word_1_444' title='bbox 393 4149 462 4217; x_wconf 90' lang='lat' dir='ltr'>nisi</span> <span class='ocrx_word' id='word_1_445' title='bbox 489 4150 631 4220; x_wconf 87' lang='lat' dir='ltr'>liberati</span> <span class='ocrx_word' id='word_1_446' title='bbox 662 4174 832 4235; x_wconf 86' lang='lat' dir='ltr'>essemus,</span> <span class='ocrx_word' id='word_1_447' title='bbox 863 4178 903 4222; x_wconf 88' lang='lat' dir='ltr'>ae</span> <span class='ocrx_word' id='word_1_448' title='bbox 930 4153 1013 4221; x_wconf 88' lang='lat' dir='ltr'>iusti</span> <span class='ocrx_word' id='word_1_449' title='bbox 1040 4166 1185 4245; x_wconf 88' lang='lat' dir='ltr'>propter</span> <span class='ocrx_word' id='word_1_450' title='bbox 1332 4152 1403 4225; x_wconf 88' lang='lat' dir='ltr'>Sed</span> <span class='ocrx_word' id='word_1_451' title='bbox 1428 4153 1587 4225; x_wconf 87' lang='lat' dir='ltr'>recensui</span> <span class='ocrx_word' id='word_1_452' title='bbox 1613 4175 1719 4243; x_wconf 91' lang='lat' dir='ltr'>sopra</span> <span class='ocrx_word' id='word_1_453' title='bbox 1748 4153 1867 4243; x_wconf 90' lang='lat' dir='ltr'>plures</span> <span class='ocrx_word' id='word_1_454' title='bbox 1897 4174 2039 4233; x_wconf 87' lang='lat' dir='ltr'>causas,</span> <span class='ocrx_word' id='word_1_455' title='bbox 2073 4162 2203 4246; x_wconf 86' lang='lat' dir='ltr'>propter</span> 
     </span>
     <span class='ocr_line' id='line_1_40' title="bbox 197 4245 2204 4349; baseline 0.002 -35"><span class='ocrx_word' id='word_1_456' title='bbox 197 4245 307 4317; x_wconf 87' lang='lat' dir='ltr'>aliud.</span> <span class='ocrx_word' id='word_1_457' title='bbox 367 4247 446 4320; x_wconf 90' lang='lat' dir='ltr'>Hoc</span> <span class='ocrx_word' id='word_1_458' title='bbox 473 4253 576 4321; x_wconf 89' lang='lat' dir='ltr'>docet</span> <span class='ocrx_word' id='word_1_459' title='bbox 598 4249 751 4336; x_wconf 89' lang='lat' dir='ltr'>Paulus,</span> <span class='ocrx_word' id='word_1_460' title='bbox 792 4278 873 4323; x_wconf 92' lang='lat' dir='ltr'>cum</span> <span class='ocrx_word' id='word_1_461' title='bbox 898 4255 1030 4347; x_wconf 90' lang='lat' dir='ltr'>inquit:</span> <span class='ocrx_word' id='word_1_462' title='bbox 1064 4255 1183 4328; x_wconf 86' lang='lat' dir='ltr'>Nosa</span> <span class='ocrx_word' id='word_1_463' title='bbox 1231 4278 1319 4349; x_wconf 91' lang='lat' dir='ltr'>quas</span> <span class='ocrx_word' id='word_1_464' title='bbox 1343 4280 1433 4348; x_wconf 92' lang='lat' dir='ltr'>opus</span> <span class='ocrx_word' id='word_1_465' title='bbox 1455 4270 1506 4326; x_wconf 90' lang='lat' dir='ltr'>est</span> <span class='ocrx_word' id='word_1_466' title='bbox 1529 4253 1727 4337; x_wconf 87' lang='lat' dir='ltr'>Ecclesiae,</span> <span class='ocrx_word' id='word_1_467' title='bbox 1754 4256 1956 4343; x_wconf 82' lang='lat' dir='ltr'>cognitione</span> <span class='ocrx_word' id='word_1_468' title='bbox 1978 4253 2152 4325; x_wconf 89' lang='lat' dir='ltr'>libertatis</span> <span class='ocrx_word' id='word_1_469' title='bbox 2169 4255 2204 4322; x_wconf 91' lang='lat' dir='ltr'>de</span> 
     </span>
     <span class='ocr_line' id='line_1_41' title="bbox 196 4351 2251 4471; baseline 0.003 -54"><span class='ocrx_word' id='word_1_470' title='bbox 196 4351 449 4421; x_wconf 77' lang='lat' dir='ltr'>meledictione</span> <span class='ocrx_word' id='word_1_471' title='bbox 471 4353 557 4442; x_wconf 90' lang='lat' dir='ltr'>legis</span> <span class='ocrx_word' id='word_1_472' title='bbox 579 4353 847 4430; x_wconf 77' lang='lat' dir='ltr'>liberatosesse.</span> <span class='ocrx_word' id='word_1_473' title='bbox 898 4354 997 4427; x_wconf 87' lang='lat' dir='ltr'>Dicit</span> <span class='ocrx_word' id='word_1_474' title='bbox 1010 4358 1106 4426; x_wconf 93' lang='lat' dir='ltr'>enim</span> <span class='ocrx_word' id='word_1_475' title='bbox 1124 4359 1182 4426; x_wconf 91' lang='lat' dir='ltr'>di·</span> <span class='ocrx_word' id='word_1_476' title='bbox 1231 4352 1578 4451; x_wconf 90' lang='lat' dir='ltr'>hocqiiartogradu.</span> <span class='ocrx_word' id='word_1_477' title='bbox 1630 4355 1719 4425; x_wconf 89' lang='lat' dir='ltr'>Nam</span> <span class='ocrx_word' id='word_1_478' title='bbox 1744 4371 1778 4426; x_wconf 91' lang='lat' dir='ltr'>et</span> <span class='ocrx_word' id='word_1_479' title='bbox 1801 4358 1923 4446; x_wconf 93' lang='lat' dir='ltr'>opinio</span> <span class='ocrx_word' id='word_1_480' title='bbox 1945 4354 2202 4428; x_wconf 82' lang='lat' dir='ltr'>necessitatisit</span> <span class='ocrx_word' id='word_1_481' title='bbox 2240 4366 2251 4471; x_wconf 54' lang='lat' dir='ltr'>p</span> 
     </span>
     <span class='ocr_line' id='line_1_42' title="bbox 200 4452 2251 4549; baseline 0.004 -30"><span class='ocrx_word' id='word_1_482' title='bbox 200 4465 293 4521; x_wconf 83' lang='lat' dir='ltr'>secte</span> <span class='ocrx_word' id='word_1_483' title='bbox 319 4476 340 4522; x_wconf 87' lang='lat' dir='ltr'>a</span> <span class='ocrx_word' id='word_1_484' title='bbox 362 4456 631 4536; x_wconf 86' lang='lat' dir='ltr'>maledictione,</span> <span class='ocrx_word' id='word_1_485' title='bbox 664 4471 703 4527; x_wconf 90' lang='lat' dir='ltr'>nt</span> <span class='ocrx_word' id='word_1_486' title='bbox 735 4456 905 4546; x_wconf 85' lang='lat' dir='ltr'>significet</span> <span class='ocrx_word' id='word_1_487' title='bbox 934 4459 1181 4530; x_wconf 90' lang='lat' dir='ltr'>liberationem</span> <span class='ocrx_word' id='word_1_488' title='bbox 1231 4459 1427 4549; x_wconf 89' lang='lat' dir='ltr'>periculosa</span> <span class='ocrx_word' id='word_1_489' title='bbox 1463 4459 1667 4528; x_wconf 79' lang='lat' dir='ltr'>carnificina</span> <span class='ocrx_word' id='word_1_490' title='bbox 1708 4459 2017 4535; x_wconf 85' lang='lat' dir='ltr'>conscientiarum,</span> <span class='ocrx_word' id='word_1_491' title='bbox 2095 4452 2203 4548; x_wconf 81' lang='lat' dir='ltr'>Quare</span> <span class='ocrx_word' id='word_1_492' title='bbox 2242 4492 2251 4515; x_wconf 65' lang='grc' dir='ltr'>ι</span> 
     </span>
     <span class='ocr_line' id='line_1_43' title="bbox 198 4553 2202 4653; baseline 0.005 -33"><span class='ocrx_word' id='word_1_493' title='bbox 198 4572 221 4620; x_wconf 85' lang='lat' dir='ltr'>a</span> <span class='ocrx_word' id='word_1_494' title='bbox 247 4553 340 4644; x_wconf 86' lang='lat' dir='ltr'>lege,</span> <span class='ocrx_word' id='word_1_495' title='bbox 365 4579 440 4627; x_wconf 86' lang='lat' dir='ltr'>esse</span> <span class='ocrx_word' id='word_1_496' title='bbox 462 4557 710 4629; x_wconf 90' lang='lat' dir='ltr'>liberationem</span> <span class='ocrx_word' id='word_1_497' title='bbox 734 4582 753 4627; x_wconf 90' lang='lat' dir='ltr'>a</span> <span class='ocrx_word' id='word_1_498' title='bbox 778 4561 993 4644; x_wconf 87' lang='lat' dir='ltr'>terroribus,</span> <span class='ocrx_word' id='word_1_499' title='bbox 1021 4573 1056 4630; x_wconf 91' lang='lat' dir='ltr'>et</span> <span class='ocrx_word' id='word_1_500' title='bbox 1076 4586 1095 4629; x_wconf 96' lang='lat' dir='ltr'>a</span> <span class='ocrx_word' id='word_1_501' title='bbox 1117 4565 1182 4632; x_wconf 89' lang='lat' dir='ltr'>da·</span> <span class='ocrx_word' id='word_1_502' title='bbox 1229 4568 1371 4653; x_wconf 84' lang='lat' dir='ltr'>prodest</span> <span class='ocrx_word' id='word_1_503' title='bbox 1396 4577 1513 4632; x_wconf 78' lang='lat' dir='ltr'>extare</span> <span class='ocrx_word' id='word_1_504' title='bbox 1538 4558 1629 4631; x_wconf 90' lang='lat' dir='ltr'>banc</span> <span class='ocrx_word' id='word_1_505' title='bbox 1650 4561 1827 4648; x_wconf 86' lang='lat' dir='ltr'>regulam,</span> <span class='ocrx_word' id='word_1_506' title='bbox 1854 4563 1950 4653; x_wconf 91' lang='lat' dir='ltr'>quod</span> <span class='ocrx_word' id='word_1_507' title='bbox 1973 4574 2070 4631; x_wconf 83' lang='lat' dir='ltr'>entra</span> <span class='ocrx_word' id='word_1_508' title='bbox 2094 4578 2202 4631; x_wconf 66' lang='lat' dir='ltr'>essum</span> 
     </span>
     <span class='ocr_line' id='line_1_44' title="bbox 196 4657 2201 4753; baseline 0.004 -32"><span class='ocrx_word' id='word_1_509' title='bbox 196 4660 399 4748; x_wconf 85' lang='lat' dir='ltr'>mnatioiie,</span> <span class='ocrx_word' id='word_1_510' title='bbox 423 4684 530 4752; x_wconf 89' lang='lat' dir='ltr'>quam</span> <span class='ocrx_word' id='word_1_511' title='bbox 554 4660 609 4730; x_wconf 88' lang='lat' dir='ltr'>lex</span> <span class='ocrx_word' id='word_1_512' title='bbox 623 4660 747 4745; x_wconf 79' lang='lat' dir='ltr'>affert,</span> <span class='ocrx_word' id='word_1_513' title='bbox 769 4661 839 4730; x_wconf 90' lang='lat' dir='ltr'>nisi</span> <span class='ocrx_word' id='word_1_514' title='bbox 854 4663 923 4732; x_wconf 89' lang='lat' dir='ltr'>lide</span> <span class='ocrx_word' id='word_1_515' title='bbox 936 4657 1199 4753; x_wconf 71' lang='lat' dir='ltr'>apprehenda·‘</span> <span class='ocrx_word' id='word_1_516' title='bbox 1228 4664 1386 4733; x_wconf 87' lang='lat' dir='ltr'>scandali</span> <span class='ocrx_word' id='word_1_517' title='bbox 1413 4663 1622 4734; x_wconf 90' lang='lat' dir='ltr'>traditiones</span> <span class='ocrx_word' id='word_1_518' title='bbox 1652 4663 1691 4729; x_wconf 91' lang='lat' dir='ltr'>in</span> <span class='ocrx_word' id='word_1_519' title='bbox 1724 4661 1879 4732; x_wconf 85' lang='lat' dir='ltr'>Ecclesia</span> <span class='ocrx_word' id='word_1_520' title='bbox 1911 4664 2023 4733; x_wconf 83' lang='lat' dir='ltr'>factae</span> <span class='ocrx_word' id='word_1_521' title='bbox 2056 4658 2201 4733; x_wconf 89' lang='lat' dir='ltr'>humans</span> 
     </span>
     <span class='ocr_line' id='line_1_45' title="bbox 88 4759 2251 4863; baseline 0.003 -38"><span class='ocrx_word' id='word_1_522' title='bbox 88 4840 91 4845; x_wconf 20' lang='grc' dir='ltr'><strong><em>Ι</em></strong></span> <span class='ocrx_word' id='word_1_523' title='bbox 195 4779 273 4828; x_wconf 87' lang='lat' dir='ltr'>inus</span> <span class='ocrx_word' id='word_1_524' title='bbox 289 4762 567 4831; x_wconf 86' lang='lat' dir='ltr'>misericordiam</span> <span class='ocrx_word' id='word_1_525' title='bbox 590 4778 735 4853; x_wconf 89' lang='lat' dir='ltr'>propter</span> <span class='ocrx_word' id='word_1_526' title='bbox 750 4759 933 4835; x_wconf 81' lang='lat' dir='ltr'>Christum</span> <span class='ocrx_word' id='word_1_527' title='bbox 958 4765 1178 4853; x_wconf 89' lang='lat' dir='ltr'>promissam.</span> <span class='ocrx_word' id='word_1_528' title='bbox 1228 4765 1436 4848; x_wconf 86' lang='lat' dir='ltr'>autoritate,</span> <span class='ocrx_word' id='word_1_529' title='bbox 1469 4767 1546 4835; x_wconf 92' lang='lat' dir='ltr'>sine</span> <span class='ocrx_word' id='word_1_530' title='bbox 1576 4778 1716 4855; x_wconf 90' lang='lat' dir='ltr'>peccato</span> <span class='ocrx_word' id='word_1_531' title='bbox 1747 4765 2043 4855; x_wconf 84' lang='lat' dir='ltr'>omittipossint,</span> <span class='ocrx_word' id='word_1_532' title='bbox 2075 4761 2202 4834; x_wconf 85' lang='lat' dir='ltr'>etiamsi</span> <span class='ocrx_word' id='word_1_533' title='bbox 2248 4832 2251 4863; x_wconf 47' lang='grc'>1</span> 
     </span>
     <span class='ocr_line' id='line_1_46' title="bbox 191 4851 2251 4960; baseline 0.003 -33"><span class='ocrx_word' id='word_1_534' title='bbox 191 4851 511 4954; x_wconf 81' lang='lat' dir='ltr'>Exhisutcunque</span> <span class='ocrx_word' id='word_1_535' title='bbox 533 4862 685 4955; x_wconf 78' lang='lat' dir='ltr'>intelligi</span> <span class='ocrx_word' id='word_1_536' title='bbox 704 4879 838 4956; x_wconf 88' lang='lat' dir='ltr'>potest,</span> <span class='ocrx_word' id='word_1_537' title='bbox 865 4869 1084 4960; x_wconf 88' lang='lat' dir='ltr'>quodatota</span> <span class='ocrx_word' id='word_1_538' title='bbox 1103 4869 1180 4958; x_wconf 86' lang='lat' dir='ltr'>lege</span> <span class='ocrx_word' id='word_1_539' title='bbox 1227 4889 1300 4935; x_wconf 95' lang='lat' dir='ltr'>non</span> <span class='ocrx_word' id='word_1_540' title='bbox 1316 4863 1536 4958; x_wconf 84' lang='lat' dir='ltr'>praecipiunt</span> <span class='ocrx_word' id='word_1_541' title='bbox 1552 4868 1696 4957; x_wconf 89' lang='lat' dir='ltr'>aliquod</span> <span class='ocrx_word' id='word_1_542' title='bbox 1713 4866 1861 4953; x_wconf 87' lang='lat' dir='ltr'>impium</span> <span class='ocrx_word' id='word_1_543' title='bbox 1879 4887 1980 4956; x_wconf 87' lang='lat' dir='ltr'>opus.</span> <span class='ocrx_word' id='word_1_544' title='bbox 2031 4861 2202 4937; x_wconf 83' lang='lat' dir='ltr'>Ettsinen</span> <span class='ocrx_word' id='word_1_545' title='bbox 2249 4868 2251 4873; x_wconf 81' lang='grc'><strong>’</strong></span> 
     </span>
    </p>
   </div>
   <div class='ocr_carea' id='block_1_11' title="bbox 1233 1592 2251 1828">
    <p class='ocr_par' dir='ltr' id='par_1_13' title="bbox 1233 1592 2251 1828">
     <span class='ocr_line' id='line_1_47' title="bbox 1334 1592 2251 1729; baseline 0 -23"><span class='ocrx_word' id='word_1_546' title='bbox 1334 1631 1469 1729; x_wconf 82' lang='lat' dir='ltr'>Estque</span> <span class='ocrx_word' id='word_1_547' title='bbox 1490 1629 1600 1706; x_wconf 90' lang='lat' dir='ltr'>huius</span> <span class='ocrx_word' id='word_1_548' title='bbox 1622 1636 1752 1726; x_wconf 83' lang='lat' dir='ltr'>gradus</span> <span class='ocrx_word' id='word_1_549' title='bbox 1772 1633 1930 1724; x_wconf 86' lang='lat' dir='ltr'>cognitio</span> <span class='ocrx_word' id='word_1_550' title='bbox 1946 1633 2142 1706; x_wconf 86' lang='lat' dir='ltr'>admodum</span> <span class='ocrx_word' id='word_1_551' title='bbox 2154 1658 2211 1706; x_wconf 89' lang='lat' dir='ltr'>ne·</span> <span class='ocrx_word' id='word_1_552' title='bbox 2247 1592 2251 1601; x_wconf 31' lang='grc' dir='ltr'>Ι</span> 
     </span>
     <span class='ocr_line' id='line_1_48' title="bbox 1233 1732 2211 1828; baseline 0.003 -20"><span class='ocrx_word' id='word_1_553' title='bbox 1233 1736 1381 1808; x_wconf 89' lang='lat' dir='ltr'>cessaria</span> <span class='ocrx_word' id='word_1_554' title='bbox 1409 1734 1596 1828; x_wconf 85' lang='lat' dir='ltr'>Ecclesiis‚</span> <span class='ocrx_word' id='word_1_555' title='bbox 1637 1742 1682 1809; x_wconf 92' lang='lat' dir='ltr'>ad</span> <span class='ocrx_word' id='word_1_556' title='bbox 1715 1733 1848 1807; x_wconf 81' lang='lat' dir='ltr'>i&#39;nultos</span> <span class='ocrx_word' id='word_1_557' title='bbox 1870 1756 2010 1807; x_wconf 91' lang='lat' dir='ltr'>errores</span> <span class='ocrx_word' id='word_1_558' title='bbox 2030 1732 2211 1812; x_wconf 36' lang='lat' dir='ltr'>*ersendis</span> 
     </span>
    </p>
   </div>
   <div class='ocr_carea' id='block_1_12' title="bbox 1238 2584 2212 3087">
    <p class='ocr_par' dir='ltr' id='par_1_14' title="bbox 1238 2584 2212 3087">
     <span class='ocr_line' id='line_1_49' title="bbox 1339 2584 2211 2676; baseline -0.003 -18"><span class='ocrx_word' id='word_1_559' title='bbox 1339 2584 1456 2658; x_wconf 82' lang='lat' dir='ltr'>David</span> <span class='ocrx_word' id='word_1_560' title='bbox 1472 2588 1516 2656; x_wconf 90' lang='lat' dir='ltr'>de</span> <span class='ocrx_word' id='word_1_561' title='bbox 1531 2584 1698 2658; x_wconf 86' lang='lat' dir='ltr'>Levitieis</span> <span class='ocrx_word' id='word_1_562' title='bbox 1712 2587 1817 2658; x_wconf 92' lang='lat' dir='ltr'>dicit:</span> <span class='ocrx_word' id='word_1_563' title='bbox 1844 2584 2026 2676; x_wconf 83' lang='lat' dir='ltr'>Quoniam</span> <span class='ocrx_word' id='word_1_564' title='bbox 2044 2586 2076 2655; x_wconf 88' lang='lat' dir='ltr'>si</span> <span class='ocrx_word' id='word_1_565' title='bbox 2091 2585 2211 2657; x_wconf 85' lang='lat' dir='ltr'>voluis·</span> 
     </span>
     <span class='ocr_line' id='line_1_50' title="bbox 1238 2683 2212 2781; baseline -0.003 -21"><span class='ocrx_word' id='word_1_566' title='bbox 1238 2712 1292 2760; x_wconf 91' lang='lat' dir='ltr'>ses</span> <span class='ocrx_word' id='word_1_567' title='bbox 1307 2689 1535 2780; x_wconf 85' lang='lat' dir='ltr'>sacrificium,</span> <span class='ocrx_word' id='word_1_568' title='bbox 1555 2690 1752 2775; x_wconf 86' lang='lat' dir='ltr'>dedissem,</span> <span class='ocrx_word' id='word_1_569' title='bbox 1778 2690 1901 2781; x_wconf 89' lang='lat' dir='ltr'>utique</span> <span class='ocrx_word' id='word_1_570' title='bbox 1919 2683 2138 2760; x_wconf 78' lang='lat' dir='ltr'>holocaustis</span> <span class='ocrx_word' id='word_1_571' title='bbox 2151 2710 2212 2759; x_wconf 88' lang='lat' dir='ltr'>nuo</span> 
     </span>
     <span class='ocr_line' id='line_1_51' title="bbox 1238 2785 2210 2881; baseline -0.002 -19"><span class='ocrx_word' id='word_1_572' title='bbox 1238 2793 1479 2864; x_wconf 90' lang='lat' dir='ltr'>delectaberis.</span> <span class='ocrx_word' id='word_1_573' title='bbox 1544 2787 1585 2859; x_wconf 89' lang='lat' dir='ltr'>ln</span> <span class='ocrx_word' id='word_1_574' title='bbox 1618 2787 1685 2861; x_wconf 88' lang='lat' dir='ltr'>hoc</span> <span class='ocrx_word' id='word_1_575' title='bbox 1715 2813 1818 2861; x_wconf 84' lang='lat' dir='ltr'>versu</span> <span class='ocrx_word' id='word_1_576' title='bbox 1847 2789 2019 2881; x_wconf 85' lang='lat' dir='ltr'>siguificat</span> <span class='ocrx_word' id='word_1_577' title='bbox 2051 2785 2210 2861; x_wconf 85' lang='lat' dir='ltr'>humanas</span> 
     </span>
     <span class='ocr_line' id='line_1_52' title="bbox 1239 2892 2210 2986; baseline 0 -23"><span class='ocrx_word' id='word_1_578' title='bbox 1239 2908 1373 2964; x_wconf 92' lang='lat' dir='ltr'>mentes</span> <span class='ocrx_word' id='word_1_579' title='bbox 1396 2895 1434 2962; x_wconf 93' lang='lat' dir='ltr'>in</span> <span class='ocrx_word' id='word_1_580' title='bbox 1459 2894 1653 2963; x_wconf 88' lang='lat' dir='ltr'>terroribus</span> <span class='ocrx_word' id='word_1_581' title='bbox 1679 2916 1848 2986; x_wconf 90' lang='lat' dir='ltr'>quaerere</span> <span class='ocrx_word' id='word_1_582' title='bbox 1869 2892 2059 2976; x_wconf 83' lang='lat' dir='ltr'>sacrificia,</span> <span class='ocrx_word' id='word_1_583' title='bbox 2087 2895 2147 2961; x_wconf 92' lang='lat' dir='ltr'>sed</span> <span class='ocrx_word' id='word_1_584' title='bbox 2164 2915 2210 2963; x_wconf 92' lang='lat' dir='ltr'>re·</span> 
     </span>
     <span class='ocr_line' id='line_1_53' title="bbox 1239 2994 2210 3087; baseline 0.002 -22"><span class='ocrx_word' id='word_1_585' title='bbox 1239 3011 1340 3067; x_wconf 88' lang='lat' dir='ltr'>vocat</span> <span class='ocrx_word' id='word_1_586' title='bbox 1365 3019 1421 3064; x_wconf 88' lang='lat' dir='ltr'>eas</span> <span class='ocrx_word' id='word_1_587' title='bbox 1445 2996 1490 3065; x_wconf 88' lang='lat' dir='ltr'>ab</span> <span class='ocrx_word' id='word_1_588' title='bbox 1523 2997 1691 3087; x_wconf 91' lang='lat' dir='ltr'>operibus</span> <span class='ocrx_word' id='word_1_589' title='bbox 1718 2997 1761 3064; x_wconf 91' lang='lat' dir='ltr'>ad</span> <span class='ocrx_word' id='word_1_590' title='bbox 1796 2995 1900 3063; x_wconf 83' lang='lat' dir='ltr'>fidem</span> <span class='ocrx_word' id='word_1_591' title='bbox 1935 3007 1970 3066; x_wconf 93' lang='lat' dir='ltr'>et</span> <span class='ocrx_word' id='word_1_592' title='bbox 2001 2994 2210 3084; x_wconf 79' lang='lat' dir='ltr'>agnitionem</span> 
     </span>
    </p>
   </div>
   <div class='ocr_carea' id='block_1_13' title="bbox 1230 3809 2205 4105">
    <p class='ocr_par' dir='ltr' id='par_1_15' title="bbox 1230 3809 2205 4105">
     <span class='ocr_line' id='line_1_54' title="bbox 1233 3809 2205 3901; baseline -0.001 -23"><span class='ocrx_word' id='word_1_593' title='bbox 1233 3826 1294 3881; x_wconf 87' lang='lat' dir='ltr'>aut</span> <span class='ocrx_word' id='word_1_594' title='bbox 1313 3813 1441 3883; x_wconf 79' lang='lat' dir='ltr'>meriti.</span> <span class='ocrx_word' id='word_1_595' title='bbox 1492 3809 1589 3880; x_wconf 88' lang='lat' dir='ltr'>Hace</span> <span class='ocrx_word' id='word_1_596' title='bbox 1602 3810 1799 3880; x_wconf 88' lang='lat' dir='ltr'>similitudo</span> <span class='ocrx_word' id='word_1_597' title='bbox 1816 3810 1883 3899; x_wconf 89' lang='lat' dir='ltr'>piis</span> <span class='ocrx_word' id='word_1_598' title='bbox 1899 3813 2133 3901; x_wconf 84' lang='lat' dir='ltr'>proponenda</span> <span class='ocrx_word' id='word_1_599' title='bbox 2155 3824 2205 3891; x_wconf 89' lang='lat' dir='ltr'>est,</span> 
     </span>
     <span class='ocr_line' id='line_1_55' title="bbox 1232 3912 2203 4003; baseline -0.003 -21"><span class='ocrx_word' id='word_1_600' title='bbox 1232 3928 1272 3983; x_wconf 90' lang='lat' dir='ltr'>nt</span> <span class='ocrx_word' id='word_1_601' title='bbox 1297 3913 1434 3983; x_wconf 86' lang='lat' dir='ltr'>firmius</span> <span class='ocrx_word' id='word_1_602' title='bbox 1457 3926 1612 3985; x_wconf 88' lang='lat' dir='ltr'>statuant</span> <span class='ocrx_word' id='word_1_603' title='bbox 1640 3913 1722 3981; x_wconf 92' lang='lat' dir='ltr'>illos</span> <span class='ocrx_word' id='word_1_604' title='bbox 1751 3913 1868 3982; x_wconf 90' lang='lat' dir='ltr'>cultus</span> <span class='ocrx_word' id='word_1_605' title='bbox 1898 3912 2156 4003; x_wconf 83' lang='lat' dir='ltr'>improbandas</span> <span class='ocrx_word' id='word_1_606' title='bbox 2176 3925 2203 3980; x_wconf 92' lang='lat' dir='ltr'>et</span> 
     </span>
     <span class='ocr_line' id='line_1_56' title="bbox 1230 4014 1516 4105; baseline 0.017 -22"><span class='ocrx_word' id='word_1_607' title='bbox 1230 4014 1418 4105; x_wconf 81' lang='lat' dir='ltr'>fugiendos</span> <span class='ocrx_word' id='word_1_608' title='bbox 1431 4039 1516 4090; x_wconf 85' lang='lat' dir='ltr'>esee.</span> 
     </span>
    </p>
   </div>
   <div class='ocr_carea' id='block_1_14' title="bbox 75 4956 2202 5470">
    <p class='ocr_par' dir='ltr' id='par_1_16' title="bbox 107 4956 2202 5060">
     <span class='ocr_line' id='line_1_57' title="bbox 107 4956 2202 5060; baseline 0.007 -35"><span class='ocrx_word' id='word_1_609' title='bbox 107 5005 108 5008; x_wconf 63' lang='lat'>,</span> <span class='ocrx_word' id='word_1_610' title='bbox 191 4956 332 5034; x_wconf 85' lang='lat' dir='ltr'>liberati</span> <span class='ocrx_word' id='word_1_611' title='bbox 360 4987 502 5050; x_wconf 87' lang='lat' dir='ltr'>sumus,</span> <span class='ocrx_word' id='word_1_612' title='bbox 532 4968 628 5057; x_wconf 86' lang='lat' dir='ltr'>qiiod</span> <span class='ocrx_word' id='word_1_613' title='bbox 656 4970 700 5037; x_wconf 91' lang='lat' dir='ltr'>ad</span> <span class='ocrx_word' id='word_1_614' title='bbox 724 4967 1010 5038; x_wconf 84' lang='lat' dir='ltr'>iustificationem</span> <span class='ocrx_word' id='word_1_615' title='bbox 1038 4969 1177 5056; x_wconf 81' lang='lat' dir='ltr'>attinet,</span> <span class='ocrx_word' id='word_1_616' title='bbox 1225 4967 1366 5038; x_wconf 91' lang='lat' dir='ltr'>interim</span> <span class='ocrx_word' id='word_1_617' title='bbox 1391 4970 1441 5060; x_wconf 92' lang='lat' dir='ltr'>pii</span> <span class='ocrx_word' id='word_1_618' title='bbox 1465 4969 1615 5040; x_wconf 88' lang='lat' dir='ltr'>docendi</span> <span class='ocrx_word' id='word_1_619' title='bbox 1640 4983 1723 5039; x_wconf 92' lang='lat' dir='ltr'>sunt</span> <span class='ocrx_word' id='word_1_620' title='bbox 1747 4971 1784 5036; x_wconf 92' lang='lat' dir='ltr'>in</span> <span class='ocrx_word' id='word_1_621' title='bbox 1801 4967 1968 5038; x_wconf 74' lang='lat' dir='ltr'>Ecclesiis</span> <span class='ocrx_word' id='word_1_622' title='bbox 1989 4982 2085 5039; x_wconf 85' lang='lat' dir='ltr'>reete</span> <span class='ocrx_word' id='word_1_623' title='bbox 2109 4968 2202 5042; x_wconf 85' lang='lat' dir='ltr'>insti·</span> 
     </span>
    </p>

    <p class='ocr_par' dir='ltr' id='par_1_17' title="bbox 189 5067 2202 5164">
     <span class='ocr_line' id='line_1_58' title="bbox 189 5067 2202 5164; baseline 0.006 -36"><span class='ocrx_word' id='word_1_624' title='bbox 189 5075 225 5131; x_wconf 91' lang='lat' dir='ltr'>et</span> <span class='ocrx_word' id='word_1_625' title='bbox 241 5076 358 5133; x_wconf 85' lang='lat' dir='ltr'>tamen</span> <span class='ocrx_word' id='word_1_626' title='bbox 374 5067 612 5138; x_wconf 89' lang='lat' dir='ltr'>obedientiam</span> <span class='ocrx_word' id='word_1_627' title='bbox 631 5070 766 5138; x_wconf 88' lang='lat' dir='ltr'>incoari</span> <span class='ocrx_word' id='word_1_628' title='bbox 785 5093 923 5139; x_wconf 87' lang='lat' dir='ltr'>necesse</span> <span class='ocrx_word' id='word_1_629' title='bbox 939 5071 996 5142; x_wconf 86' lang='lat' dir='ltr'>sit.</span> <span class='ocrx_word' id='word_1_630' title='bbox 1176 5090 1178 5094; x_wconf 83' lang='grc'><strong>’</strong></span> <span class='ocrx_word' id='word_1_631' title='bbox 1222 5071 1330 5156; x_wconf 90' lang='lat' dir='ltr'>tutis,</span> <span class='ocrx_word' id='word_1_632' title='bbox 1356 5086 1395 5142; x_wconf 92' lang='lat' dir='ltr'>ut</span> <span class='ocrx_word' id='word_1_633' title='bbox 1407 5071 1522 5141; x_wconf 91' lang='lat' dir='ltr'>libero</span> <span class='ocrx_word' id='word_1_634' title='bbox 1538 5072 1676 5153; x_wconf 90' lang='lat' dir='ltr'>animo,</span> <span class='ocrx_word' id='word_1_635' title='bbox 1703 5084 1849 5159; x_wconf 89' lang='lat' dir='ltr'>propter</span> <span class='ocrx_word' id='word_1_636' title='bbox 1869 5070 2072 5164; x_wconf 77' lang='lat' dir='ltr'>exemplaris</span> <span class='ocrx_word' id='word_1_637' title='bbox 2094 5085 2129 5141; x_wconf 88' lang='lat' dir='ltr'>et</span> <span class='ocrx_word' id='word_1_638' title='bbox 2144 5072 2202 5141; x_wconf 89' lang='lat' dir='ltr'>bn-</span> 
     </span>
    </p>

    <p class='ocr_par' dir='ltr' id='par_1_18' title="bbox 289 5164 2200 5266">
     <span class='ocr_line' id='line_1_59' title="bbox 289 5164 2200 5266; baseline 0.003 -30"><span class='ocrx_word' id='word_1_639' title='bbox 289 5165 449 5255; x_wconf 87' lang='lat' dir='ltr'>Quartus</span> <span class='ocrx_word' id='word_1_640' title='bbox 484 5172 615 5258; x_wconf 87' lang='lat' dir='ltr'>gradus</span> <span class='ocrx_word' id='word_1_641' title='bbox 647 5164 872 5243; x_wconf 85' lang='lat' dir='ltr'>Christianae</span> <span class='ocrx_word' id='word_1_642' title='bbox 909 5170 1083 5242; x_wconf 89' lang='lat' dir='ltr'>libertatis</span> <span class='ocrx_word' id='word_1_643' title='bbox 1112 5186 1173 5259; x_wconf 87' lang='lat' dir='ltr'>est,</span> <span class='ocrx_word' id='word_1_644' title='bbox 1222 5186 1308 5241; x_wconf 85' lang='lat' dir='ltr'>num</span> <span class='ocrx_word' id='word_1_645' title='bbox 1334 5174 1517 5259; x_wconf 88' lang='lat' dir='ltr'>ordinem,</span> <span class='ocrx_word' id='word_1_646' title='bbox 1552 5187 1692 5243; x_wconf 88' lang='lat' dir='ltr'>servent</span> <span class='ocrx_word' id='word_1_647' title='bbox 1723 5175 1828 5242; x_wconf 91' lang='lat' dir='ltr'>utiles</span> <span class='ocrx_word' id='word_1_648' title='bbox 1860 5164 1970 5258; x_wconf 83' lang='lat' dir='ltr'>ritus,</span> <span class='ocrx_word' id='word_1_649' title='bbox 2010 5173 2096 5266; x_wconf 85' lang='lat' dir='ltr'>qiiia</span> <span class='ocrx_word' id='word_1_650' title='bbox 2122 5169 2200 5242; x_wconf 83' lang='lat' dir='ltr'>baec</span> 
     </span>
    </p>

    <p class='ocr_par' dir='ltr' id='par_1_19' title="bbox 75 5265 2202 5470">
     <span class='ocr_line' id='line_1_60' title="bbox 75 5265 2202 5369; baseline 0.007 -37"><span class='ocrx_word' id='word_1_651' title='bbox 75 5316 79 5333; x_wconf 91' lang='lat'><strong><em>.</em></strong></span> <span class='ocrx_word' id='word_1_652' title='bbox 120 5344 126 5359; x_wconf 21' lang='grc' dir='ltr'><em>κ</em></span> <span class='ocrx_word' id='word_1_653' title='bbox 185 5267 281 5354; x_wconf 76' lang='lat' dir='ltr'>qiiod</span> <span class='ocrx_word' id='word_1_654' title='bbox 304 5265 559 5358; x_wconf 84' lang='lat' dir='ltr'>Evangelium,</span> <span class='ocrx_word' id='word_1_655' title='bbox 591 5273 657 5343; x_wconf 92' lang='lat' dir='ltr'>etsi</span> <span class='ocrx_word' id='word_1_656' title='bbox 678 5275 842 5344; x_wconf 83' lang='lat' dir='ltr'>concedit</span> <span class='ocrx_word' id='word_1_657' title='bbox 862 5274 1169 5369; x_wconf 78' lang='lat' dir='ltr'>aliquasordina-</span> <span class='ocrx_word' id='word_1_658' title='bbox 1221 5275 1291 5344; x_wconf 87' lang='lat' dir='ltr'>vita</span> <span class='ocrx_word' id='word_1_659' title='bbox 1316 5270 1472 5347; x_wconf 90' lang='lat' dir='ltr'>humana</span> <span class='ocrx_word' id='word_1_660' title='bbox 1506 5300 1581 5344; x_wconf 91' lang='lat' dir='ltr'>non</span> <span class='ocrx_word' id='word_1_661' title='bbox 1606 5287 1719 5367; x_wconf 84' lang='lat' dir='ltr'>potest</span> <span class='ocrx_word' id='word_1_662' title='bbox 1743 5296 1861 5344; x_wconf 85' lang='lat' dir='ltr'>escere</span> <span class='ocrx_word' id='word_1_663' title='bbox 1882 5275 1986 5345; x_wconf 83' lang='lat' dir='ltr'>certis</span> <span class='ocrx_word' id='word_1_664' title='bbox 2009 5277 2202 5347; x_wconf 83' lang='lat' dir='ltr'>ordinatiu-</span> 
     </span>
     <span class='ocr_line' id='line_1_61' title="bbox 132 5365 2143 5470; baseline 0.003 -31"><span class='ocrx_word' id='word_1_665' title='bbox 132 5422 144 5439; x_wconf 81' lang='lat'>..</span> <span class='ocrx_word' id='word_1_666' title='bbox 178 5365 293 5437; x_wconf 78' lang='lat' dir='ltr'>tiones</span> <span class='ocrx_word' id='word_1_667' title='bbox 315 5384 535 5464; x_wconf 85' lang='lat' dir='ltr'>temporum,</span> <span class='ocrx_word' id='word_1_668' title='bbox 572 5391 632 5448; x_wconf 89' lang='lat' dir='ltr'>aut</span> <span class='ocrx_word' id='word_1_669' title='bbox 664 5375 913 5448; x_wconf 85' lang='lat' dir='ltr'>exercitiorum</span> <span class='ocrx_word' id='word_1_670' title='bbox 942 5379 981 5450; x_wconf 92' lang='lat' dir='ltr'>iii</span> <span class='ocrx_word' id='word_1_671' title='bbox 1008 5374 1166 5450; x_wconf 86' lang='lat' dir='ltr'>Ecclesia</span> <span class='ocrx_word' id='word_1_672' title='bbox 1216 5376 1343 5470; x_wconf 87' lang='lat' dir='ltr'>nibus,</span> <span class='ocrx_word' id='word_1_673' title='bbox 1367 5390 1571 5452; x_wconf 87' lang='lat' dir='ltr'>utconstat.</span> <span class='ocrx_word' id='word_1_674' title='bbox 2140 5390 2143 5397; x_wconf 83' lang='lat'>&#39;</span> 
     </span>
    </p>
   </div>
   <div class='ocr_carea' id='block_1_15' title="bbox 0 0 2272 5780">
    <p class='ocr_par' dir='ltr' id='par_1_20' title="bbox 0 0 2272 5780">
     <span class='ocr_line' id='line_1_62' title="bbox 0 0 2272 5780; baseline 0 0"><span class='ocrx_word' id='word_1_675' title='bbox 0 0 2272 5780; x_wconf 95' lang='lat' dir='ltr'> </span> 
     </span>
    </p>
   </div>
  </div>
 </body>
</html>
