<?xml version="1.0" encoding="UTF-8"?>
<!DOCTYPE html PUBLIC "-//W3C//DTD XHTML 1.0 Transitional//EN"
    "http://www.w3.org/TR/xhtml1/DTD/xhtml1-transitional.dtd">
<html xmlns="http://www.w3.org/1999/xhtml" xml:lang="en" lang="en">
 <head>
  <title>
</title>
<meta http-equiv="Content-Type" content="text/html;charset=utf-8" />
  <meta name='ocr-system' content='tesseract 3.04.00' />
  <meta name='ocr-capabilities' content='ocr_page ocr_carea ocr_par ocr_line ocrx_word'/>
</head>
<body>
  <div class='ocr_page' id='page_1' title='image "./corpusreformato01melagoog/corpusreformato01melagoog_0620.png"; bbox 0 0 4522 5782; ppageno 0'>
   <div class='ocr_carea' id='block_1_1' title="bbox 47 122 2089 315">
    <p class='ocr_par' dir='ltr' id='par_1_1' title="bbox 47 122 2089 315">
     <span class='ocr_line' id='line_1_1' title="bbox 47 122 2089 315; baseline 0.006 -41"><span class='ocrx_word' id='word_1_1' title='bbox 47 192 171 275; x_wconf 67' lang='lat' dir='ltr'>llll·</span> <span class='ocrx_word' id='word_1_2' title='bbox 218 191 322 273; x_wconf 87' lang='lat' dir='ltr'>lllll.</span> <span class='ocrx_word' id='word_1_3' title='bbox 372 191 412 273; x_wconf 72' lang='grc'>4.</span> <span class='ocrx_word' id='word_1_4' title='bbox 436 188 776 273; x_wconf 77' lang='lat' dir='ltr'>COMMENTAR.</span> <span class='ocrx_word' id='word_1_5' title='bbox 800 192 852 268; x_wconf 79' lang='grc' dir='ltr'>ΙΝ</span> <span class='ocrx_word' id='word_1_6' title='bbox 876 191 1036 273; x_wconf 84' lang='lat' dir='ltr'>llPlST.</span> <span class='ocrx_word' id='word_1_7' title='bbox 1060 191 1212 273; x_wconf 78' lang='lat' dir='ltr'>PAULI</span> <span class='ocrx_word' id='word_1_8' title='bbox 1235 190 1305 271; x_wconf 82' lang='lat' dir='ltr'>AD</span> <span class='ocrx_word' id='word_1_9' title='bbox 1328 187 1654 274; x_wconf 78' lang='lat' dir='ltr'>CORINTHIOS.</span> <span class='ocrx_word' id='word_1_10' title='bbox 1714 195 1821 277; x_wconf 83' lang='lat' dir='ltr'>CAP.</span> <span class='ocrx_word' id='word_1_11' title='bbox 1845 122 1933 284; x_wconf 72' lang='lat' dir='ltr'>lll.¹</span> <span class='ocrx_word' id='word_1_12' title='bbox 1986 210 2089 315; x_wconf 54' lang='lat'>,¹2¹9</span> 
     </span>
    </p>
   </div>
   <div class='ocr_carea' id='block_1_2' title="bbox 47 362 2081 1482">
    <p class='ocr_par' dir='ltr' id='par_1_2' title="bbox 47 362 2081 1482">
     <span class='ocr_line' id='line_1_2' title="bbox 47 362 2081 468; baseline 0.006 -27"><span class='ocrx_word' id='word_1_13' title='bbox 47 369 208 441; x_wconf 82' lang='lat' dir='ltr'>revelata</span> <span class='ocrx_word' id='word_1_14' title='bbox 221 369 309 440; x_wconf 85' lang='lat' dir='ltr'>facie</span> <span class='ocrx_word' id='word_1_15' title='bbox 321 368 472 461; x_wconf 86' lang='lat' dir='ltr'>gloriam</span> <span class='ocrx_word' id='word_1_16' title='bbox 487 363 638 439; x_wconf 87' lang='lat' dir='ltr'><strong>Domini</strong></span> <span class='ocrx_word' id='word_1_17' title='bbox 651 366 881 460; x_wconf 67' lang='lat' dir='ltr'>speculantes,</span> <span class='ocrx_word' id='word_1_18' title='bbox 904 367 943 437; x_wconf 91' lang='lat' dir='ltr'>in</span> <span class='ocrx_word' id='word_1_19' title='bbox 958 391 1044 439; x_wconf 88' lang='lat' dir='ltr'>ean·</span> <span class='ocrx_word' id='word_1_20' title='bbox 1092 390 1217 439; x_wconf 90' lang='lat' dir='ltr'>omnes</span> <span class='ocrx_word' id='word_1_21' title='bbox 1239 362 1402 438; x_wconf 89' lang='lat' dir='ltr'>homines</span> <span class='ocrx_word' id='word_1_22' title='bbox 1425 391 1499 438; x_wconf 92' lang='lat' dir='ltr'>non</span> <span class='ocrx_word' id='word_1_23' title='bbox 1519 370 1660 461; x_wconf 91' lang='lat' dir='ltr'>profani</span> <span class='ocrx_word' id='word_1_24' title='bbox 1692 396 1754 447; x_wconf 87' lang='lat' dir='ltr'>sua</span> <span class='ocrx_word' id='word_1_25' title='bbox 1777 377 1990 468; x_wconf 72' lang='lat' dir='ltr'>experientia</span> <span class='ocrx_word' id='word_1_26' title='bbox 2012 405 2081 453; x_wconf 89' lang='lat' dir='ltr'>no-</span> 
     </span>
     <span class='ocr_line' id='line_1_3' title="bbox 50 464 2079 575; baseline 0.005 -32"><span class='ocrx_word' id='word_1_27' title='bbox 50 473 136 543; x_wconf 85' lang='lat' dir='ltr'>tlem</span> <span class='ocrx_word' id='word_1_28' title='bbox 167 472 357 563; x_wconf 87' lang='lat' dir='ltr'>imaginem</span> <span class='ocrx_word' id='word_1_29' title='bbox 385 471 724 544; x_wconf 89' lang='lat' dir='ltr'>transformamura</span> <span class='ocrx_word' id='word_1_30' title='bbox 753 468 869 557; x_wconf 89' lang='lat' dir='ltr'>gloria</span> <span class='ocrx_word' id='word_1_31' title='bbox 896 469 936 539; x_wconf 93' lang='lat' dir='ltr'>in</span> <span class='ocrx_word' id='word_1_32' title='bbox 966 471 1044 561; x_wconf 90' lang='lat' dir='ltr'>glo·</span> <span class='ocrx_word' id='word_1_33' title='bbox 1091 483 1197 551; x_wconf 91' lang='lat' dir='ltr'>runt,</span> <span class='ocrx_word' id='word_1_34' title='bbox 1234 464 1407 539; x_wconf 90' lang='lat' dir='ltr'>humanas</span> <span class='ocrx_word' id='word_1_35' title='bbox 1440 471 1534 540; x_wconf 91' lang='lat' dir='ltr'>vires</span> <span class='ocrx_word' id='word_1_36' title='bbox 1569 485 1705 543; x_wconf 90' lang='lat' dir='ltr'>tantum</span> <span class='ocrx_word' id='word_1_37' title='bbox 1740 490 1923 575; x_wconf 87' lang='lat' dir='ltr'>utcunque</span> <span class='ocrx_word' id='word_1_38' title='bbox 1956 506 2079 575; x_wconf 84' lang='lat' dir='ltr'>regere</span> 
     </span>
     <span class='ocr_line' id='line_1_4' title="bbox 48 570 2078 667; baseline 0.007 -24"><span class='ocrx_word' id='word_1_39' title='bbox 48 573 147 644; x_wconf 85' lang='lat' dir='ltr'>riam</span> <span class='ocrx_word' id='word_1_40' title='bbox 163 570 311 645; x_wconf 84' lang='lat' dir='ltr'>Domini</span> <span class='ocrx_word' id='word_1_41' title='bbox 333 574 482 666; x_wconf 86' lang='lat' dir='ltr'>spiritu,</span> <span class='ocrx_word' id='word_1_42' title='bbox 506 574 544 641; x_wconf 94' lang='lat' dir='ltr'>id</span> <span class='ocrx_word' id='word_1_43' title='bbox 568 586 637 656; x_wconf 91' lang='lat' dir='ltr'>cst,</span> <span class='ocrx_word' id='word_1_44' title='bbox 658 594 725 642; x_wconf 92' lang='lat' dir='ltr'>nos</span> <span class='ocrx_word' id='word_1_45' title='bbox 746 595 827 641; x_wconf 91' lang='lat' dir='ltr'>vere</span> <span class='ocrx_word' id='word_1_46' title='bbox 851 570 1042 643; x_wconf 76' lang='lat' dir='ltr'>sentientes</span> <span class='ocrx_word' id='word_1_47' title='bbox 1093 595 1193 663; x_wconf 88' lang='lat' dir='ltr'>posse</span> <span class='ocrx_word' id='word_1_48' title='bbox 1217 572 1483 656; x_wconf 90' lang='lat' dir='ltr'>locomotivam,</span> <span class='ocrx_word' id='word_1_49' title='bbox 1525 595 1586 641; x_wconf 90' lang='lat' dir='ltr'>seu</span> <span class='ocrx_word' id='word_1_50' title='bbox 1611 588 1772 647; x_wconf 85' lang='lat' dir='ltr'>externos</span> <span class='ocrx_word' id='word_1_51' title='bbox 1792 596 1920 667; x_wconf 88' lang='lat' dir='ltr'>gestus.</span> <span class='ocrx_word' id='word_1_52' title='bbox 1985 584 2078 661; x_wconf 93' lang='lat' dir='ltr'>Cum</span> 
     </span>
     <span class='ocr_line' id='line_1_5' title="bbox 49 672 2080 774; baseline 0.005 -28"><span class='ocrx_word' id='word_1_53' title='bbox 49 675 227 746; x_wconf 88' lang='lat' dir='ltr'>iudicium</span> <span class='ocrx_word' id='word_1_54' title='bbox 250 689 286 747; x_wconf 91' lang='lat' dir='ltr'>et</span> <span class='ocrx_word' id='word_1_55' title='bbox 308 676 398 745; x_wconf 91' lang='lat' dir='ltr'>iram</span> <span class='ocrx_word' id='word_1_56' title='bbox 413 673 481 747; x_wconf 94' lang='lat' dir='ltr'>Dei</span> <span class='ocrx_word' id='word_1_57' title='bbox 500 676 669 744; x_wconf 85' lang='lat' dir='ltr'>adversus</span> <span class='ocrx_word' id='word_1_58' title='bbox 685 684 844 765; x_wconf 89' lang='lat' dir='ltr'>peccata,</span> <span class='ocrx_word' id='word_1_59' title='bbox 867 686 902 743; x_wconf 88' lang='lat' dir='ltr'>et</span> <span class='ocrx_word' id='word_1_60' title='bbox 918 695 1042 744; x_wconf 89' lang='lat' dir='ltr'>rursus</span> <span class='ocrx_word' id='word_1_61' title='bbox 1095 688 1213 745; x_wconf 91' lang='lat' dir='ltr'>autem</span> <span class='ocrx_word' id='word_1_62' title='bbox 1228 672 1322 744; x_wconf 89' lang='lat' dir='ltr'>Deus</span> <span class='ocrx_word' id='word_1_63' title='bbox 1344 676 1499 746; x_wconf 82' lang='lat' dir='ltr'>ostendit</span> <span class='ocrx_word' id='word_1_64' title='bbox 1515 674 1604 743; x_wconf 92' lang='lat' dir='ltr'>iram</span> <span class='ocrx_word' id='word_1_65' title='bbox 1621 700 1720 748; x_wconf 91' lang='lat' dir='ltr'>suam</span> <span class='ocrx_word' id='word_1_66' title='bbox 1740 696 1862 753; x_wconf 88' lang='lat' dir='ltr'>contra</span> <span class='ocrx_word' id='word_1_67' title='bbox 1888 700 2080 774; x_wconf 86' lang='lat' dir='ltr'>peccatum,</span> 
     </span>
     <span class='ocr_line' id='line_1_6' title="bbox 51 773 2079 872; baseline 0.005 -23"><span class='ocrx_word' id='word_1_68' title='bbox 51 777 247 849; x_wconf 85' lang='lat' dir='ltr'>sentientes</span> <span class='ocrx_word' id='word_1_69' title='bbox 259 779 380 849; x_wconf 88' lang='lat' dir='ltr'>audita</span> <span class='ocrx_word' id='word_1_70' title='bbox 395 776 632 872; x_wconf 75' lang='lat' dir='ltr'>promissione</span> <span class='ocrx_word' id='word_1_71' title='bbox 651 788 686 846; x_wconf 91' lang='lat' dir='ltr'>et</span> <span class='ocrx_word' id='word_1_72' title='bbox 708 773 827 864; x_wconf 91' lang='lat' dir='ltr'>agnito</span> <span class='ocrx_word' id='word_1_73' title='bbox 849 775 1043 845; x_wconf 76' lang='lat' dir='ltr'>mediatore</span> <span class='ocrx_word' id='word_1_74' title='bbox 1094 799 1183 870; x_wconf 90' lang='lat' dir='ltr'>quae</span> <span class='ocrx_word' id='word_1_75' title='bbox 1206 776 1421 846; x_wconf 82' lang='lat' dir='ltr'>describitur</span> <span class='ocrx_word' id='word_1_76' title='bbox 1442 776 1480 845; x_wconf 92' lang='lat' dir='ltr'>in</span> <span class='ocrx_word' id='word_1_77' title='bbox 1505 776 1601 866; x_wconf 88' lang='lat' dir='ltr'>lege,</span> <span class='ocrx_word' id='word_1_78' title='bbox 1627 779 1769 870; x_wconf 90' lang='lat' dir='ltr'>fugiunt</span> <span class='ocrx_word' id='word_1_79' title='bbox 1788 787 1915 871; x_wconf 91' lang='lat' dir='ltr'>corda,</span> <span class='ocrx_word' id='word_1_80' title='bbox 1944 802 1980 859; x_wconf 93' lang='lat' dir='ltr'>et</span> <span class='ocrx_word' id='word_1_81' title='bbox 2002 812 2079 859; x_wconf 92' lang='lat' dir='ltr'>ma·</span> 
     </span>
     <span class='ocr_line' id='line_1_7' title="bbox 52 873 2080 979; baseline 0.005 -28"><span class='ocrx_word' id='word_1_82' title='bbox 52 879 355 966; x_wconf 70' lang='lat' dir='ltr'>consolationem,</span> <span class='ocrx_word' id='word_1_83' title='bbox 381 879 561 951; x_wconf 90' lang='lat' dir='ltr'>cernimus</span> <span class='ocrx_word' id='word_1_84' title='bbox 583 877 732 968; x_wconf 81' lang='lat' dir='ltr'>gloriam</span> <span class='ocrx_word' id='word_1_85' title='bbox 753 873 917 963; x_wconf 88' lang='lat' dir='ltr'>Domini,</span> <span class='ocrx_word' id='word_1_86' title='bbox 942 876 1041 979; x_wconf 81' lang='lat' dir='ltr'>iudi·</span> <span class='ocrx_word' id='word_1_87' title='bbox 1091 874 1278 966; x_wconf 89' lang='lat' dir='ltr'>gnitudinc</span> <span class='ocrx_word' id='word_1_88' title='bbox 1296 877 1368 947; x_wconf 85' lang='lat' dir='ltr'>irae</span> <span class='ocrx_word' id='word_1_89' title='bbox 1387 877 1660 970; x_wconf 87' lang='lat' dir='ltr'>opprimuntur,</span> <span class='ocrx_word' id='word_1_90' title='bbox 1686 895 1721 954; x_wconf 95' lang='lat' dir='ltr'>et</span> <span class='ocrx_word' id='word_1_91' title='bbox 1736 884 1891 957; x_wconf 91' lang='lat' dir='ltr'>fremunt</span> <span class='ocrx_word' id='word_1_92' title='bbox 1911 891 2080 962; x_wconf 91' lang='lat' dir='ltr'>adversus</span> 
     </span>
     <span class='ocr_line' id='line_1_8' title="bbox 52 978 2080 1085; baseline 0.004 -32"><span class='ocrx_word' id='word_1_93' title='bbox 52 981 152 1053; x_wconf 82' lang='lat' dir='ltr'>eiuro</span> <span class='ocrx_word' id='word_1_94' title='bbox 168 994 204 1052; x_wconf 93' lang='lat' dir='ltr'>ct</span> <span class='ocrx_word' id='word_1_95' title='bbox 219 981 345 1068; x_wconf 94' lang='lat' dir='ltr'>vitam,</span> <span class='ocrx_word' id='word_1_96' title='bbox 371 996 407 1055; x_wconf 93' lang='lat' dir='ltr'>et</span> <span class='ocrx_word' id='word_1_97' title='bbox 422 981 719 1053; x_wconf 88' lang='lat' dir='ltr'>transformamur</span> <span class='ocrx_word' id='word_1_98' title='bbox 731 978 769 1047; x_wconf 93' lang='lat' dir='ltr'>io</span> <span class='ocrx_word' id='word_1_99' title='bbox 785 979 934 1048; x_wconf 91' lang='lat' dir='ltr'>eandem</span> <span class='ocrx_word' id='word_1_100' title='bbox 951 978 1043 1047; x_wconf 88' lang='lat' dir='ltr'>ima·</span> <span class='ocrx_word' id='word_1_101' title='bbox 1093 978 1210 1055; x_wconf 86' lang='lat' dir='ltr'>Deum</span> <span class='ocrx_word' id='word_1_102' title='bbox 1245 989 1280 1048; x_wconf 93' lang='lat' dir='ltr'>et</span> <span class='ocrx_word' id='word_1_103' title='bbox 1311 993 1420 1050; x_wconf 93' lang='lat' dir='ltr'>ruunt</span> <span class='ocrx_word' id='word_1_104' title='bbox 1453 981 1492 1048; x_wconf 91' lang='lat' dir='ltr'>in</span> <span class='ocrx_word' id='word_1_105' title='bbox 1524 995 1687 1058; x_wconf 88' lang='lat' dir='ltr'>mortem.</span> <span class='ocrx_word' id='word_1_106' title='bbox 1751 983 1873 1079; x_wconf 91' lang='lat' dir='ltr'>ltaque</span> <span class='ocrx_word' id='word_1_107' title='bbox 1899 1002 2080 1085; x_wconf 88' lang='lat' dir='ltr'>utrunque</span> 
     </span>
     <span class='ocr_line' id='line_1_9' title="bbox 53 1076 2081 1181; baseline 0.004 -30"><span class='ocrx_word' id='word_1_108' title='bbox 53 1083 196 1175; x_wconf 84' lang='lat' dir='ltr'>ginem,</span> <span class='ocrx_word' id='word_1_109' title='bbox 221 1083 257 1152; x_wconf 95' lang='lat' dir='ltr'>id</span> <span class='ocrx_word' id='word_1_110' title='bbox 275 1097 346 1170; x_wconf 92' lang='lat' dir='ltr'>est,</span> <span class='ocrx_word' id='word_1_111' title='bbox 371 1080 480 1155; x_wconf 90' lang='lat' dir='ltr'>huius</span> <span class='ocrx_word' id='word_1_112' title='bbox 496 1081 586 1153; x_wconf 90' lang='lat' dir='ltr'>lucis</span> <span class='ocrx_word' id='word_1_113' title='bbox 603 1093 637 1152; x_wconf 92' lang='lat' dir='ltr'>et</span> <span class='ocrx_word' id='word_1_114' title='bbox 655 1081 747 1151; x_wconf 91' lang='lat' dir='ltr'>vitae</span> <span class='ocrx_word' id='word_1_115' title='bbox 764 1079 952 1171; x_wconf 89' lang='lat' dir='ltr'>participes</span> <span class='ocrx_word' id='word_1_116' title='bbox 966 1078 1043 1147; x_wconf 89' lang='lat' dir='ltr'>efli-</span> <span class='ocrx_word' id='word_1_117' title='bbox 1094 1076 1321 1171; x_wconf 83' lang='lat' dir='ltr'>significatur.</span> <span class='ocrx_word' id='word_1_118' title='bbox 1386 1078 1544 1173; x_wconf 88' lang='lat' dir='ltr'>Populus</span> <span class='ocrx_word' id='word_1_119' title='bbox 1576 1083 1735 1156; x_wconf 92' lang='lat' dir='ltr'>intuetur</span> <span class='ocrx_word' id='word_1_120' title='bbox 1760 1088 1884 1157; x_wconf 90' lang='lat' dir='ltr'>faciem</span> <span class='ocrx_word' id='word_1_121' title='bbox 1917 1091 2081 1181; x_wconf 86' lang='lat' dir='ltr'>velatam,</span> 
     </span>
     <span class='ocr_line' id='line_1_10' title="bbox 52 1180 2080 1282; baseline 0.003 -26"><span class='ocrx_word' id='word_1_122' title='bbox 52 1184 191 1271; x_wconf 88' lang='lat' dir='ltr'>cimus,</span> <span class='ocrx_word' id='word_1_123' title='bbox 216 1198 251 1255; x_wconf 92' lang='lat' dir='ltr'>et</span> <span class='ocrx_word' id='word_1_124' title='bbox 265 1180 351 1256; x_wconf 88' lang='lat' dir='ltr'>haec</span> <span class='ocrx_word' id='word_1_125' title='bbox 364 1186 495 1275; x_wconf 88' lang='lat' dir='ltr'>gloria,</span> <span class='ocrx_word' id='word_1_126' title='bbox 519 1185 641 1266; x_wconf 89' lang='lat' dir='ltr'>idest,</span> <span class='ocrx_word' id='word_1_127' title='bbox 666 1181 727 1253; x_wconf 91' lang='lat' dir='ltr'>lux</span> <span class='ocrx_word' id='word_1_128' title='bbox 749 1181 889 1251; x_wconf 86' lang='lat' dir='ltr'>iusticia</span> <span class='ocrx_word' id='word_1_129' title='bbox 914 1195 950 1252; x_wconf 91' lang='lat' dir='ltr'>et</span> <span class='ocrx_word' id='word_1_130' title='bbox 970 1180 1043 1250; x_wconf 89' lang='lat' dir='ltr'>vita</span> <span class='ocrx_word' id='word_1_131' title='bbox 1075 1180 1129 1279; x_wconf 27' lang='lat' dir='ltr'>‘id</span> <span class='ocrx_word' id='word_1_132' title='bbox 1149 1195 1217 1264; x_wconf 86' lang='lat' dir='ltr'>est,</span> <span class='ocrx_word' id='word_1_133' title='bbox 1243 1182 1330 1269; x_wconf 85' lang='lat' dir='ltr'>legis</span> <span class='ocrx_word' id='word_1_134' title='bbox 1346 1197 1487 1252; x_wconf 85' lang='lat' dir='ltr'>externa</span> <span class='ocrx_word' id='word_1_135' title='bbox 1507 1209 1613 1277; x_wconf 91' lang='lat' dir='ltr'>opera</span> <span class='ocrx_word' id='word_1_136' title='bbox 1629 1199 1812 1282; x_wconf 88' lang='lat' dir='ltr'>utcunque</span> <span class='ocrx_word' id='word_1_137' title='bbox 1829 1192 1930 1263; x_wconf 92' lang='lat' dir='ltr'>audit</span> <span class='ocrx_word' id='word_1_138' title='bbox 1946 1207 1980 1265; x_wconf 92' lang='lat' dir='ltr'>et</span> <span class='ocrx_word' id='word_1_139' title='bbox 1995 1192 2080 1263; x_wconf 90' lang='lat' dir='ltr'>imi·</span> 
     </span>
     <span class='ocr_line' id='line_1_11' title="bbox 52 1278 2081 1388; baseline 0.004 -31"><span class='ocrx_word' id='word_1_140' title='bbox 52 1301 219 1357; x_wconf 81' lang='lat' dir='ltr'>crescunt</span> <span class='ocrx_word' id='word_1_141' title='bbox 240 1286 279 1356; x_wconf 93' lang='lat' dir='ltr'>io</span> <span class='ocrx_word' id='word_1_142' title='bbox 301 1288 500 1380; x_wconf 84' lang='lat' dir='ltr'>conversis,</span> <span class='ocrx_word' id='word_1_143' title='bbox 527 1286 666 1355; x_wconf 92' lang='lat' dir='ltr'>lucente</span> <span class='ocrx_word' id='word_1_144' title='bbox 683 1283 722 1351; x_wconf 93' lang='lat' dir='ltr'>in</span> <span class='ocrx_word' id='word_1_145' title='bbox 748 1281 799 1352; x_wconf 93' lang='lat' dir='ltr'>eis</span> <span class='ocrx_word' id='word_1_146' title='bbox 819 1282 949 1373; x_wconf 89' lang='lat' dir='ltr'>spiritu</span> <span class='ocrx_word' id='word_1_147' title='bbox 964 1280 1055 1359; x_wconf 41' lang='lat' dir='ltr'>Dos.</span> <span class='ocrx_word' id='word_1_148' title='bbox 1093 1297 1205 1364; x_wconf 85' lang='lat' dir='ltr'>tatur,</span> <span class='ocrx_word' id='word_1_149' title='bbox 1229 1278 1365 1354; x_wconf 87' lang='lat' dir='ltr'>ethaeo</span> <span class='ocrx_word' id='word_1_150' title='bbox 1382 1284 1533 1355; x_wconf 80' lang='lat' dir='ltr'>imitatio</span> <span class='ocrx_word' id='word_1_151' title='bbox 1549 1286 1743 1359; x_wconf 89' lang='lat' dir='ltr'>estiudicia</span> <span class='ocrx_word' id='word_1_152' title='bbox 1759 1290 1915 1382; x_wconf 90' lang='lat' dir='ltr'>politica,</span> <span class='ocrx_word' id='word_1_153' title='bbox 1941 1309 1975 1366; x_wconf 91' lang='lat' dir='ltr'>et</span> <span class='ocrx_word' id='word_1_154' title='bbox 1990 1290 2081 1388; x_wconf 89' lang='lat' dir='ltr'>pha·</span> 
     </span>
     <span class='ocr_line' id='line_1_12' title="bbox 55 1382 2081 1482; baseline 0.004 -25"><span class='ocrx_word' id='word_1_155' title='bbox 55 1388 149 1459; x_wconf 88' lang='lat' dir='ltr'>suini</span> <span class='ocrx_word' id='word_1_156' title='bbox 170 1389 283 1459; x_wconf 88' lang='lat' dir='ltr'>nostri</span> <span class='ocrx_word' id='word_1_157' title='bbox 305 1388 384 1460; x_wconf 88' lang='lat' dir='ltr'>lesu</span> <span class='ocrx_word' id='word_1_158' title='bbox 401 1384 556 1470; x_wconf 79' lang='lat' dir='ltr'>Christi,</span> <span class='ocrx_word' id='word_1_159' title='bbox 582 1410 646 1477; x_wconf 88' lang='lat' dir='ltr'>per</span> <span class='ocrx_word' id='word_1_160' title='bbox 669 1406 773 1477; x_wconf 92' lang='lat' dir='ltr'>quem</span> <span class='ocrx_word' id='word_1_161' title='bbox 798 1385 902 1456; x_wconf 90' lang='lat' dir='ltr'>datur</span> <span class='ocrx_word' id='word_1_162' title='bbox 924 1382 1042 1476; x_wconf 85' lang='lat' dir='ltr'>Spiri·</span> <span class='ocrx_word' id='word_1_163' title='bbox 1092 1385 1237 1468; x_wconf 91' lang='lat' dir='ltr'>risaica,</span> <span class='ocrx_word' id='word_1_164' title='bbox 1265 1389 1331 1454; x_wconf 85' lang='lat' dir='ltr'>sed</span> <span class='ocrx_word' id='word_1_165' title='bbox 1354 1384 1527 1476; x_wconf 74' lang='lat' dir='ltr'>fulgorem</span> <span class='ocrx_word' id='word_1_166' title='bbox 1550 1387 1669 1482; x_wconf 86' lang='lat' dir='ltr'>Moysi</span> <span class='ocrx_word' id='word_1_167' title='bbox 1698 1391 1790 1462; x_wconf 88' lang='lat' dir='ltr'>ferre</span> <span class='ocrx_word' id='word_1_168' title='bbox 1811 1407 1936 1467; x_wconf 90' lang='lat' dir='ltr'>natura</span> <span class='ocrx_word' id='word_1_169' title='bbox 1961 1392 2081 1467; x_wconf 91' lang='lat' dir='ltr'>homi·</span> 
     </span>
    </p>
   </div>
   <div class='ocr_carea' id='block_1_3' title="bbox 53 1488 2185 1578">
    <p class='ocr_par' dir='ltr' id='par_1_3' title="bbox 53 1488 2185 1578">
     <span class='ocr_line' id='line_1_13' title="bbox 53 1488 2185 1578; baseline 0.003 -15"><span class='ocrx_word' id='word_1_170' title='bbox 53 1502 115 1563; x_wconf 85' lang='lat' dir='ltr'>tus</span> <span class='ocrx_word' id='word_1_171' title='bbox 129 1503 285 1563; x_wconf 84' lang='lat' dir='ltr'>sanctus.</span> <span class='ocrx_word' id='word_1_172' title='bbox 1092 1511 1180 1558; x_wconf 88' lang='lat' dir='ltr'>num</span> <span class='ocrx_word' id='word_1_173' title='bbox 1196 1510 1270 1554; x_wconf 93' lang='lat' dir='ltr'>non</span> <span class='ocrx_word' id='word_1_174' title='bbox 1286 1500 1416 1578; x_wconf 88' lang='lat' dir='ltr'>potest,</span> <span class='ocrx_word' id='word_1_175' title='bbox 1442 1488 1478 1558; x_wconf 92' lang='lat' dir='ltr'>id</span> <span class='ocrx_word' id='word_1_176' title='bbox 1496 1503 1567 1573; x_wconf 87' lang='lat' dir='ltr'>est,</span> <span class='ocrx_word' id='word_1_177' title='bbox 1593 1490 1763 1564; x_wconf 84' lang='lat' dir='ltr'>imticium</span> <span class='ocrx_word' id='word_1_178' title='bbox 1780 1507 1815 1566; x_wconf 92' lang='lat' dir='ltr'>et</span> <span class='ocrx_word' id='word_1_179' title='bbox 1829 1495 1918 1566; x_wconf 92' lang='lat' dir='ltr'>iram</span> <span class='ocrx_word' id='word_1_180' title='bbox 1932 1494 2001 1568; x_wconf 91' lang='lat' dir='ltr'>Dei</span> <span class='ocrx_word' id='word_1_181' title='bbox 2014 1500 2081 1569; x_wconf 88' lang='lat' dir='ltr'>ad·</span> <span class='ocrx_word' id='word_1_182' title='bbox 2180 1504 2185 1509; x_wconf 82' lang='grc'><strong>’</strong></span> 
     </span>
    </p>
   </div>
   <div class='ocr_carea' id='block_1_4' title="bbox 56 1585 2199 5531">
    <p class='ocr_par' dir='ltr' id='par_1_4' title="bbox 56 1585 2113 3001">
     <span class='ocr_line' id='line_1_14' title="bbox 158 1585 2079 1693; baseline 0.005 -32"><span class='ocrx_word' id='word_1_183' title='bbox 158 1589 323 1686; x_wconf 83' lang='lat' dir='ltr'>Denique</span> <span class='ocrx_word' id='word_1_184' title='bbox 338 1591 480 1664; x_wconf 87' lang='lat' dir='ltr'>collatio</span> <span class='ocrx_word' id='word_1_185' title='bbox 495 1591 617 1662; x_wconf 91' lang='lat' dir='ltr'>literae</span> <span class='ocrx_word' id='word_1_186' title='bbox 631 1603 666 1660; x_wconf 94' lang='lat' dir='ltr'>et</span> <span class='ocrx_word' id='word_1_187' title='bbox 679 1588 825 1683; x_wconf 92' lang='lat' dir='ltr'>spiritus</span> <span class='ocrx_word' id='word_1_188' title='bbox 839 1587 888 1658; x_wconf 91' lang='lat' dir='ltr'>ita</span> <span class='ocrx_word' id='word_1_189' title='bbox 903 1587 943 1659; x_wconf 85' lang='lat' dir='ltr'>tit</span> <span class='ocrx_word' id='word_1_190' title='bbox 958 1585 1044 1655; x_wconf 92' lang='lat' dir='ltr'>illu·</span> <span class='ocrx_word' id='word_1_191' title='bbox 1095 1611 1215 1660; x_wconf 77' lang='lat' dir='ltr'>uersus</span> <span class='ocrx_word' id='word_1_192' title='bbox 1231 1601 1389 1679; x_wconf 88' lang='lat' dir='ltr'>peccata,</span> <span class='ocrx_word' id='word_1_193' title='bbox 1410 1614 1500 1681; x_wconf 90' lang='lat' dir='ltr'>quae</span> <span class='ocrx_word' id='word_1_194' title='bbox 1513 1592 1727 1664; x_wconf 85' lang='lat' dir='ltr'>describitur</span> <span class='ocrx_word' id='word_1_195' title='bbox 1742 1594 1816 1686; x_wconf 86' lang='lat' dir='ltr'>lege</span> <span class='ocrx_word' id='word_1_196' title='bbox 1828 1593 1917 1683; x_wconf 87' lang='lat' dir='ltr'>Dei,</span> <span class='ocrx_word' id='word_1_197' title='bbox 1942 1622 2079 1693; x_wconf 83' lang='lat' dir='ltr'>nequa-</span> 
     </span>
     <span class='ocr_line' id='line_1_15' title="bbox 56 1687 2081 1787; baseline 0.001 -20"><span class='ocrx_word' id='word_1_198' title='bbox 56 1693 162 1779; x_wconf 83' lang='lat' dir='ltr'>stris,</span> <span class='ocrx_word' id='word_1_199' title='bbox 181 1697 448 1785; x_wconf 87' lang='lat' dir='ltr'>cumcogitatur</span> <span class='ocrx_word' id='word_1_200' title='bbox 464 1709 666 1787; x_wconf 90' lang='lat' dir='ltr'>utcunque,</span> <span class='ocrx_word' id='word_1_201' title='bbox 687 1691 800 1785; x_wconf 91' lang='lat' dir='ltr'>qualis</span> <span class='ocrx_word' id='word_1_202' title='bbox 822 1691 868 1761; x_wconf 90' lang='lat' dir='ltr'>sit</span> <span class='ocrx_word' id='word_1_203' title='bbox 891 1701 971 1780; x_wconf 90' lang='lat' dir='ltr'>post</span> <span class='ocrx_word' id='word_1_204' title='bbox 988 1711 1045 1756; x_wconf 89' lang='lat' dir='ltr'>re·</span> <span class='ocrx_word' id='word_1_205' title='bbox 1094 1713 1201 1784; x_wconf 90' lang='lat' dir='ltr'>qnam</span> <span class='ocrx_word' id='word_1_206' title='bbox 1238 1703 1351 1779; x_wconf 88' lang='lat' dir='ltr'>potest</span> <span class='ocrx_word' id='word_1_207' title='bbox 1385 1705 1511 1762; x_wconf 93' lang='lat' dir='ltr'>natura</span> <span class='ocrx_word' id='word_1_208' title='bbox 1545 1687 1730 1764; x_wconf 89' lang='lat' dir='ltr'>hominum</span> <span class='ocrx_word' id='word_1_209' title='bbox 1758 1695 1919 1773; x_wconf 90' lang='lat' dir='ltr'>tolerare.</span> <span class='ocrx_word' id='word_1_210' title='bbox 1978 1699 2081 1775; x_wconf 87' lang='lat' dir='ltr'>Sicut</span> 
     </span>
     <span class='ocr_line' id='line_1_16' title="bbox 56 1789 2083 1880; baseline 0.003 -13"><span class='ocrx_word' id='word_1_211' title='bbox 56 1795 315 1867; x_wconf 80' lang='lat' dir='ltr'>merecttonem</span> <span class='ocrx_word' id='word_1_212' title='bbox 336 1799 456 1868; x_wconf 89' lang='lat' dir='ltr'>futura</span> <span class='ocrx_word' id='word_1_213' title='bbox 478 1811 620 1867; x_wconf 90' lang='lat' dir='ltr'>aeterna</span> <span class='ocrx_word' id='word_1_214' title='bbox 642 1793 782 1864; x_wconf 91' lang='lat' dir='ltr'>iusticia</span> <span class='ocrx_word' id='word_1_215' title='bbox 797 1805 832 1862; x_wconf 91' lang='lat' dir='ltr'>et</span> <span class='ocrx_word' id='word_1_216' title='bbox 847 1791 938 1880; x_wconf 92' lang='lat' dir='ltr'>vita,</span> <span class='ocrx_word' id='word_1_217' title='bbox 964 1812 1045 1859; x_wconf 91' lang='lat' dir='ltr'>cum</span> <span class='ocrx_word' id='word_1_218' title='bbox 1095 1789 1153 1863; x_wconf 89' lang='lat' dir='ltr'>hic</span> <span class='ocrx_word' id='word_1_219' title='bbox 1180 1792 1330 1862; x_wconf 91' lang='lat' dir='ltr'>dicitur:</span> <span class='ocrx_word' id='word_1_220' title='bbox 1363 1789 1436 1862; x_wconf 87' lang='lat' dir='ltr'>Lex</span> <span class='ocrx_word' id='word_1_221' title='bbox 1469 1805 1520 1863; x_wconf 88' lang='lat' dir='ltr'>cst</span> <span class='ocrx_word' id='word_1_222' title='bbox 1549 1794 1787 1867; x_wconf 91' lang='lat' dir='ltr'>ministerium</span> <span class='ocrx_word' id='word_1_223' title='bbox 1817 1799 1956 1875; x_wconf 86' lang='lat' dir='ltr'>mortis.</span> <span class='ocrx_word' id='word_1_224' title='bbox 2033 1797 2083 1873; x_wconf 73' lang='lat' dir='ltr'>bs</span> 
     </span>
     <span class='ocr_line' id='line_1_17' title="bbox 56 1889 2082 1984; baseline -0.003 -15"><span class='ocrx_word' id='word_1_225' title='bbox 56 1894 157 1969; x_wconf 90' lang='lat' dir='ltr'>Deus</span> <span class='ocrx_word' id='word_1_226' title='bbox 172 1897 241 1969; x_wconf 89' lang='lat' dir='ltr'>erit</span> <span class='ocrx_word' id='word_1_227' title='bbox 255 1903 376 1969; x_wconf 88' lang='lat' dir='ltr'>omnia</span> <span class='ocrx_word' id='word_1_228' title='bbox 393 1900 429 1967; x_wconf 93' lang='lat' dir='ltr'>in</span> <span class='ocrx_word' id='word_1_229' title='bbox 444 1899 625 1968; x_wconf 91' lang='lat' dir='ltr'>omnibus.</span> <span class='ocrx_word' id='word_1_230' title='bbox 671 1895 744 1965; x_wconf 89' lang='lat' dir='ltr'>Hic</span> <span class='ocrx_word' id='word_1_231' title='bbox 756 1895 891 1981; x_wconf 91' lang='lat' dir='ltr'>integra</span> <span class='ocrx_word' id='word_1_232' title='bbox 907 1889 1045 1962; x_wconf 89' lang='lat' dir='ltr'>iusticia</span> <span class='ocrx_word' id='word_1_233' title='bbox 1095 1892 1307 1984; x_wconf 90' lang='lat' dir='ltr'>experientia</span> <span class='ocrx_word' id='word_1_234' title='bbox 1340 1906 1505 1978; x_wconf 82' lang='lat' dir='ltr'>testatur,</span> <span class='ocrx_word' id='word_1_235' title='bbox 1537 1890 1698 1967; x_wconf 89' lang='lat' dir='ltr'>homines</span> <span class='ocrx_word' id='word_1_236' title='bbox 1729 1899 1806 1968; x_wconf 90' lang='lat' dir='ltr'>sine</span> <span class='ocrx_word' id='word_1_237' title='bbox 1836 1900 2082 1973; x_wconf 64' lang='lat' dir='ltr'>consolatione</span> 
     </span>
     <span class='ocr_line' id='line_1_18' title="bbox 59 1992 2083 2092; baseline 0.002 -21"><span class='ocrx_word' id='word_1_238' title='bbox 59 1999 130 2071; x_wconf 85' lang='lat' dir='ltr'>erit</span> <span class='ocrx_word' id='word_1_239' title='bbox 146 1998 222 2071; x_wconf 92' lang='lat' dir='ltr'>Deo</span> <span class='ocrx_word' id='word_1_240' title='bbox 246 2001 314 2091; x_wconf 89' lang='lat' dir='ltr'>ipsi</span> <span class='ocrx_word' id='word_1_241' title='bbox 338 2002 376 2071; x_wconf 94' lang='lat' dir='ltr'>in</span> <span class='ocrx_word' id='word_1_242' title='bbox 399 2001 504 2070; x_wconf 91' lang='lat' dir='ltr'>nobis</span> <span class='ocrx_word' id='word_1_243' title='bbox 523 1998 638 2089; x_wconf 89' lang='lat' dir='ltr'>palam</span> <span class='ocrx_word' id='word_1_244' title='bbox 653 1992 835 2066; x_wconf 88' lang='lat' dir='ltr'>habitante</span> <span class='ocrx_word' id='word_1_245' title='bbox 851 2008 885 2065; x_wconf 91' lang='lat' dir='ltr'>et</span> <span class='ocrx_word' id='word_1_246' title='bbox 901 1992 1045 2065; x_wconf 90' lang='lat' dir='ltr'>luteote.</span> <span class='ocrx_word' id='word_1_247' title='bbox 1095 1993 1295 2084; x_wconf 87' lang='lat' dir='ltr'>evangelica</span> <span class='ocrx_word' id='word_1_248' title='bbox 1324 2017 1427 2067; x_wconf 90' lang='lat' dir='ltr'>ruere</span> <span class='ocrx_word' id='word_1_249' title='bbox 1455 1994 1493 2063; x_wconf 92' lang='lat' dir='ltr'>in</span> <span class='ocrx_word' id='word_1_250' title='bbox 1521 2011 1700 2067; x_wconf 81' lang='lat' dir='ltr'>aeternam</span> <span class='ocrx_word' id='word_1_251' title='bbox 1732 2001 2014 2092; x_wconf 88' lang='lat' dir='ltr'>desperationem</span> <span class='ocrx_word' id='word_1_252' title='bbox 2046 2018 2083 2077; x_wconf 94' lang='lat' dir='ltr'>ct</span> 
     </span>
     <span class='ocr_line' id='line_1_19' title="bbox 57 2092 2108 2173; baseline -0.007 0"><span class='ocrx_word' id='word_1_253' title='bbox 57 2098 122 2173; x_wconf 80' lang='lat' dir='ltr'>&#39;Ad</span> <span class='ocrx_word' id='word_1_254' title='bbox 142 2101 241 2170; x_wconf 89' lang='lat' dir='ltr'>illam</span> <span class='ocrx_word' id='word_1_255' title='bbox 267 2112 444 2173; x_wconf 82' lang='lat' dir='ltr'>aeternam</span> <span class='ocrx_word' id='word_1_256' title='bbox 468 2101 576 2171; x_wconf 91' lang='lat' dir='ltr'>vitam</span> <span class='ocrx_word' id='word_1_257' title='bbox 598 2114 634 2171; x_wconf 91' lang='lat' dir='ltr'>et</span> <span class='ocrx_word' id='word_1_258' title='bbox 655 2097 769 2167; x_wconf 89' lang='lat' dir='ltr'>lucem</span> <span class='ocrx_word' id='word_1_259' title='bbox 800 2095 921 2166; x_wconf 88' lang='lat' dir='ltr'>confer</span> <span class='ocrx_word' id='word_1_260' title='bbox 943 2093 1042 2163; x_wconf 90' lang='lat' dir='ltr'>iusti·</span> <span class='ocrx_word' id='word_1_261' title='bbox 1095 2110 1261 2170; x_wconf 83' lang='lat' dir='ltr'>mortem.</span> <span class='ocrx_word' id='word_1_262' title='bbox 2104 2092 2108 2101; x_wconf 89' lang='lat'>&#39;</span> 
     </span>
     <span class='ocr_line' id='line_1_20' title="bbox 56 2195 2084 2298; baseline 0.002 -25"><span class='ocrx_word' id='word_1_263' title='bbox 56 2202 152 2273; x_wconf 87' lang='lat' dir='ltr'>ciam</span> <span class='ocrx_word' id='word_1_264' title='bbox 168 2197 349 2274; x_wconf 84' lang='lat' dir='ltr'>Pharisaei</span> <span class='ocrx_word' id='word_1_265' title='bbox 365 2203 535 2287; x_wconf 90' lang='lat' dir='ltr'>alicuius,</span> <span class='ocrx_word' id='word_1_266' title='bbox 560 2201 622 2294; x_wconf 94' lang='lat' dir='ltr'>qui</span> <span class='ocrx_word' id='word_1_267' title='bbox 644 2210 707 2269; x_wconf 91' lang='lat' dir='ltr'>aut</span> <span class='ocrx_word' id='word_1_268' title='bbox 726 2220 870 2268; x_wconf 88' lang='lat' dir='ltr'>securus</span> <span class='ocrx_word' id='word_1_269' title='bbox 885 2209 955 2280; x_wconf 90' lang='lat' dir='ltr'>est,</span> <span class='ocrx_word' id='word_1_270' title='bbox 980 2195 1047 2263; x_wconf 90' lang='lat' dir='ltr'>do·</span> <span class='ocrx_word' id='word_1_271' title='bbox 1197 2195 1293 2267; x_wconf 86' lang='lat' dir='ltr'>llaec</span> <span class='ocrx_word' id='word_1_272' title='bbox 1317 2198 1477 2269; x_wconf 88' lang='lat' dir='ltr'>doctrina</span> <span class='ocrx_word' id='word_1_273' title='bbox 1503 2224 1605 2293; x_wconf 86' lang='lat' dir='ltr'>saepe</span> <span class='ocrx_word' id='word_1_274' title='bbox 1629 2203 1722 2290; x_wconf 91' lang='lat' dir='ltr'>apud</span> <span class='ocrx_word' id='word_1_275' title='bbox 1754 2200 1904 2274; x_wconf 88' lang='lat' dir='ltr'>Paulum</span> <span class='ocrx_word' id='word_1_276' title='bbox 1933 2203 2084 2298; x_wconf 82' lang='lat' dir='ltr'>repetite</span> 
     </span>
     <span class='ocr_line' id='line_1_21' title="bbox 60 2296 2084 2388; baseline 0 -13"><span class='ocrx_word' id='word_1_277' title='bbox 60 2304 130 2375; x_wconf 81' lang='lat' dir='ltr'>uec</span> <span class='ocrx_word' id='word_1_278' title='bbox 142 2326 218 2374; x_wconf 92' lang='lat' dir='ltr'>uon</span> <span class='ocrx_word' id='word_1_279' title='bbox 232 2306 338 2376; x_wconf 90' lang='lat' dir='ltr'>sentit</span> <span class='ocrx_word' id='word_1_280' title='bbox 356 2305 527 2374; x_wconf 91' lang='lat' dir='ltr'>iudicium</span> <span class='ocrx_word' id='word_1_281' title='bbox 542 2303 628 2382; x_wconf 90' lang='lat' dir='ltr'>Dei,</span> <span class='ocrx_word' id='word_1_282' title='bbox 654 2314 716 2372; x_wconf 87' lang='lat' dir='ltr'>aut</span> <span class='ocrx_word' id='word_1_283' title='bbox 736 2300 809 2370; x_wconf 92' lang='lat' dir='ltr'>ruit</span> <span class='ocrx_word' id='word_1_284' title='bbox 825 2298 862 2367; x_wconf 93' lang='lat' dir='ltr'>in</span> <span class='ocrx_word' id='word_1_285' title='bbox 882 2300 1048 2388; x_wconf 89' lang='lat' dir='ltr'>despera·</span> <span class='ocrx_word' id='word_1_286' title='bbox 1069 2364 1072 2383; x_wconf 25' lang='grc' dir='ltr'><strong>ἶ</strong></span> <span class='ocrx_word' id='word_1_287' title='bbox 1097 2313 1161 2386; x_wconf 89' lang='lat' dir='ltr'>est,</span> <span class='ocrx_word' id='word_1_288' title='bbox 1187 2314 1228 2371; x_wconf 92' lang='lat' dir='ltr'>ut</span> <span class='ocrx_word' id='word_1_289' title='bbox 1242 2296 1349 2375; x_wconf 79' lang='lat' dir='ltr'>Rom.</span> <span class='ocrx_word' id='word_1_290' title='bbox 1365 2301 1416 2373; x_wconf 81' lang='lat' dir='ltr'>l.:</span> <span class='ocrx_word' id='word_1_291' title='bbox 1442 2300 1514 2371; x_wconf 85' lang='lat' dir='ltr'>Lex</span> <span class='ocrx_word' id='word_1_292' title='bbox 1528 2302 1615 2372; x_wconf 91' lang='lat' dir='ltr'>iram</span> <span class='ocrx_word' id='word_1_293' title='bbox 1632 2302 1749 2374; x_wconf 82' lang='lat' dir='ltr'>eflicit.</span> <span class='ocrx_word' id='word_1_294' title='bbox 1784 2306 1886 2387; x_wconf 90' lang='lat' dir='ltr'>ltem,</span> <span class='ocrx_word' id='word_1_295' title='bbox 1904 2302 2012 2380; x_wconf 84' lang='lat' dir='ltr'>Rom.</span> <span class='ocrx_word' id='word_1_296' title='bbox 2026 2304 2084 2381; x_wconf 81' lang='lat'>7.:</span> 
     </span>
     <span class='ocr_line' id='line_1_22' title="bbox 60 2399 2113 2492; baseline -0.004 -13"><span class='ocrx_word' id='word_1_297' title='bbox 60 2408 198 2479; x_wconf 87' lang='lat' dir='ltr'>tionem</span> <span class='ocrx_word' id='word_1_298' title='bbox 227 2422 261 2478; x_wconf 92' lang='lat' dir='ltr'>et</span> <span class='ocrx_word' id='word_1_299' title='bbox 285 2407 425 2477; x_wconf 88' lang='lat' dir='ltr'>dolores</span> <span class='ocrx_word' id='word_1_300' title='bbox 457 2407 671 2486; x_wconf 89' lang='lat' dir='ltr'>inferorum,</span> <span class='ocrx_word' id='word_1_301' title='bbox 714 2424 799 2485; x_wconf 89' lang='lat' dir='ltr'>cum</span> <span class='ocrx_word' id='word_1_302' title='bbox 825 2400 931 2472; x_wconf 90' lang='lat' dir='ltr'>sentit</span> <span class='ocrx_word' id='word_1_303' title='bbox 958 2399 1048 2467; x_wconf 91' lang='lat' dir='ltr'>iram</span> <span class='ocrx_word' id='word_1_304' title='bbox 1097 2401 1283 2473; x_wconf 77' lang='lat' dir='ltr'>Peccatum</span> <span class='ocrx_word' id='word_1_305' title='bbox 1310 2425 1372 2492; x_wconf 90' lang='lat' dir='ltr'>per</span> <span class='ocrx_word' id='word_1_306' title='bbox 1394 2403 1506 2492; x_wconf 87' lang='lat' dir='ltr'>legem</span> <span class='ocrx_word' id='word_1_307' title='bbox 1526 2405 1653 2475; x_wconf 92' lang='lat' dir='ltr'>occidit</span> <span class='ocrx_word' id='word_1_308' title='bbox 1678 2429 1744 2475; x_wconf 86' lang='lat' dir='ltr'>me.</span> <span class='ocrx_word' id='word_1_309' title='bbox 1819 2403 1922 2490; x_wconf 91' lang='lat' dir='ltr'>ltem,</span> <span class='ocrx_word' id='word_1_310' title='bbox 1958 2408 1993 2482; x_wconf 79' lang='lat'>1,</span> <span class='ocrx_word' id='word_1_311' title='bbox 2014 2406 2113 2483; x_wconf 73' lang='lat' dir='ltr'>co.&#39;</span> 
     </span>
     <span class='ocr_line' id='line_1_23' title="bbox 60 2497 2086 2600; baseline 0 -21"><span class='ocrx_word' id='word_1_312' title='bbox 60 2504 149 2593; x_wconf 91' lang='lat' dir='ltr'>Dei,</span> <span class='ocrx_word' id='word_1_313' title='bbox 172 2520 213 2579; x_wconf 92' lang='lat' dir='ltr'>ut</span> <span class='ocrx_word' id='word_1_314' title='bbox 234 2506 332 2585; x_wconf 83' lang='lat' dir='ltr'>Saul.</span> <span class='ocrx_word' id='word_1_315' title='bbox 398 2505 441 2577; x_wconf 94' lang='lat' dir='ltr'>ln</span> <span class='ocrx_word' id='word_1_316' title='bbox 467 2507 530 2577; x_wconf 92' lang='lat' dir='ltr'>tali</span> <span class='ocrx_word' id='word_1_317' title='bbox 552 2507 629 2575; x_wconf 92' lang='lat' dir='ltr'>viro</span> <span class='ocrx_word' id='word_1_318' title='bbox 654 2527 715 2572; x_wconf 89' lang='lat' dir='ltr'>cor</span> <span class='ocrx_word' id='word_1_319' title='bbox 737 2517 790 2572; x_wconf 86' lang='lat' dir='ltr'>est</span> <span class='ocrx_word' id='word_1_320' title='bbox 814 2502 891 2570; x_wconf 92' lang='lat' dir='ltr'>sine</span> <span class='ocrx_word' id='word_1_321' title='bbox 913 2499 988 2569; x_wconf 88' lang='lat' dir='ltr'>Deo</span> <span class='ocrx_word' id='word_1_322' title='bbox 1014 2508 1050 2567; x_wconf 89' lang='lat' dir='ltr'>ct</span> <span class='ocrx_word' id='word_1_323' title='bbox 1098 2498 1211 2577; x_wconf 88' lang='lat' dir='ltr'>rioth.</span> <span class='ocrx_word' id='word_1_324' title='bbox 1231 2497 1305 2576; x_wconf 71' lang='lat' dir='ltr'>tn:</span> <span class='ocrx_word' id='word_1_325' title='bbox 1332 2499 1487 2573; x_wconf 74' lang='lat' dir='ltr'>Aculeus</span> <span class='ocrx_word' id='word_1_326' title='bbox 1510 2506 1634 2577; x_wconf 91' lang='lat' dir='ltr'>mortis</span> <span class='ocrx_word' id='word_1_327' title='bbox 1659 2522 1836 2596; x_wconf 89' lang='lat' dir='ltr'>peccatum</span> <span class='ocrx_word' id='word_1_328' title='bbox 1859 2521 1932 2593; x_wconf 87' lang='lat' dir='ltr'>est,</span> <span class='ocrx_word' id='word_1_329' title='bbox 1958 2523 2086 2600; x_wconf 88' lang='lat' dir='ltr'>poteo·</span> 
     </span>
     <span class='ocr_line' id='line_1_24' title="bbox 61 2603 2088 2701; baseline 0.002 -22"><span class='ocrx_word' id='word_1_330' title='bbox 61 2610 142 2681; x_wconf 91' lang='lat' dir='ltr'>sine</span> <span class='ocrx_word' id='word_1_331' title='bbox 172 2609 267 2695; x_wconf 92' lang='lat' dir='ltr'>vita,</span> <span class='ocrx_word' id='word_1_332' title='bbox 299 2624 335 2681; x_wconf 91' lang='lat' dir='ltr'>et</span> <span class='ocrx_word' id='word_1_333' title='bbox 368 2624 452 2680; x_wconf 90' lang='lat' dir='ltr'>sunt</span> <span class='ocrx_word' id='word_1_334' title='bbox 483 2605 655 2678; x_wconf 89' lang='lat' dir='ltr'>horrendi</span> <span class='ocrx_word' id='word_1_335' title='bbox 689 2604 851 2675; x_wconf 88' lang='lat' dir='ltr'>fremitus</span> <span class='ocrx_word' id='word_1_336' title='bbox 877 2603 1046 2672; x_wconf 88' lang='lat' dir='ltr'>adversus</span> <span class='ocrx_word' id='word_1_337' title='bbox 1101 2606 1150 2676; x_wconf 82' lang='lat' dir='ltr'>tia</span> <span class='ocrx_word' id='word_1_338' title='bbox 1173 2627 1257 2674; x_wconf 85' lang='lat' dir='ltr'>vero</span> <span class='ocrx_word' id='word_1_339' title='bbox 1278 2605 1410 2694; x_wconf 90' lang='lat' dir='ltr'>peccati</span> <span class='ocrx_word' id='word_1_340' title='bbox 1432 2606 1498 2679; x_wconf 90' lang='lat' dir='ltr'>lex.</span> <span class='ocrx_word' id='word_1_341' title='bbox 1549 2604 1646 2677; x_wconf 87' lang='lat' dir='ltr'>llaec</span> <span class='ocrx_word' id='word_1_342' title='bbox 1671 2609 1921 2699; x_wconf 91' lang='lat' dir='ltr'>toties·repetit</span> <span class='ocrx_word' id='word_1_343' title='bbox 1942 2607 2088 2701; x_wconf 85' lang='lat' dir='ltr'>Paulus,</span> 
     </span>
     <span class='ocr_line' id='line_1_25' title="bbox 61 2701 1912 2797; baseline -0.001 -14"><span class='ocrx_word' id='word_1_344' title='bbox 61 2710 202 2795; x_wconf 86' lang='lat' dir='ltr'>Deum,</span> <span class='ocrx_word' id='word_1_345' title='bbox 223 2711 321 2783; x_wconf 81' lang='lat' dir='ltr'>iuxta</span> <span class='ocrx_word' id='word_1_346' title='bbox 338 2712 429 2781; x_wconf 89' lang='lat' dir='ltr'>illud</span> <span class='ocrx_word' id='word_1_347' title='bbox 450 2710 602 2783; x_wconf 88' lang='lat' dir='ltr'>dictum:</span> <span class='ocrx_word' id='word_1_348' title='bbox 629 2704 703 2780; x_wconf 85' lang='lat' dir='ltr'>Cor</span> <span class='ocrx_word' id='word_1_349' title='bbox 726 2702 884 2776; x_wconf 73' lang='lat' dir='ltr'>hominis</span> <span class='ocrx_word' id='word_1_350' title='bbox 906 2724 1050 2796; x_wconf 75' lang='lat' dir='ltr'>pervet-</span> <span class='ocrx_word' id='word_1_351' title='bbox 1101 2722 1141 2779; x_wconf 91' lang='lat' dir='ltr'>ut</span> <span class='ocrx_word' id='word_1_352' title='bbox 1157 2708 1319 2776; x_wconf 91' lang='lat' dir='ltr'>ostendat</span> <span class='ocrx_word' id='word_1_353' title='bbox 1337 2701 1500 2776; x_wconf 90' lang='lat' dir='ltr'>homines</span> <span class='ocrx_word' id='word_1_354' title='bbox 1517 2731 1591 2776; x_wconf 90' lang='lat' dir='ltr'>non</span> <span class='ocrx_word' id='word_1_355' title='bbox 1609 2708 1685 2779; x_wconf 88' lang='lat' dir='ltr'>lieri</span> <span class='ocrx_word' id='word_1_356' title='bbox 1700 2707 1810 2781; x_wconf 91' lang='lat' dir='ltr'>iustos</span> <span class='ocrx_word' id='word_1_357' title='bbox 1825 2712 1912 2797; x_wconf 88' lang='lat' dir='ltr'>lege.</span> 
     </span>
     <span class='ocr_line' id='line_1_26' title="bbox 63 2805 2087 2909; baseline 0 -23"><span class='ocrx_word' id='word_1_358' title='bbox 63 2825 198 2886; x_wconf 86' lang='lat' dir='ltr'>sumet</span> <span class='ocrx_word' id='word_1_359' title='bbox 216 2835 481 2888; x_wconf 88' lang='lat' dir='ltr'>aerumnosum.</span> <span class='ocrx_word' id='word_1_360' title='bbox 1211 2805 1318 2895; x_wconf 86' lang='lat' dir='ltr'>Quod</span> <span class='ocrx_word' id='word_1_361' title='bbox 1360 2832 1442 2878; x_wconf 92' lang='lat' dir='ltr'>vero</span> <span class='ocrx_word' id='word_1_362' title='bbox 1484 2809 1614 2880; x_wconf 91' lang='lat' dir='ltr'>dicitur</span> <span class='ocrx_word' id='word_1_363' title='bbox 1651 2811 1690 2880; x_wconf 92' lang='lat' dir='ltr'>in</span> <span class='ocrx_word' id='word_1_364' title='bbox 1728 2808 1880 2894; x_wconf 85' lang='lat' dir='ltr'>Exodo,</span> <span class='ocrx_word' id='word_1_365' title='bbox 1932 2810 2087 2909; x_wconf 86' lang='lat' dir='ltr'>Moysen</span> 
     </span>
     <span class='ocr_line' id='line_1_27' title="bbox 68 2908 2089 3001; baseline 0 -15"><span class='ocrx_word' id='word_1_366' title='bbox 68 2952 71 2957; x_wconf 93' lang='lat'>·</span> <span class='ocrx_word' id='word_1_367' title='bbox 382 2977 391 2997; x_wconf 82' lang='lat'>,</span> <span class='ocrx_word' id='word_1_368' title='bbox 534 2976 541 2996; x_wconf 84' lang='grc'>,</span> <span class='ocrx_word' id='word_1_369' title='bbox 733 2974 741 2994; x_wconf 85' lang='grc'><strong>,</strong></span> <span class='ocrx_word' id='word_1_370' title='bbox 812 2970 821 3001; x_wconf 83' lang='lat'>,</span> <span class='ocrx_word' id='word_1_371' title='bbox 1009 2968 1016 2989; x_wconf 87' lang='lat'><strong>.</strong></span> <span class='ocrx_word' id='word_1_372' title='bbox 1103 2911 1275 2982; x_wconf 87' lang='lat' dir='ltr'>amovisse</span> <span class='ocrx_word' id='word_1_373' title='bbox 1298 2908 1458 2979; x_wconf 89' lang='lat' dir='ltr'>velamen</span> <span class='ocrx_word' id='word_1_374' title='bbox 1481 2911 1738 2999; x_wconf 82' lang='lat' dir='ltr'>ingredientem</span> <span class='ocrx_word' id='word_1_375' title='bbox 1758 2916 1802 2981; x_wconf 91' lang='lat' dir='ltr'>ad</span> <span class='ocrx_word' id='word_1_376' title='bbox 1821 2913 1954 2997; x_wconf 91' lang='lat' dir='ltr'>Deum,</span> <span class='ocrx_word' id='word_1_377' title='bbox 1976 2927 2011 2986; x_wconf 92' lang='lat' dir='ltr'>et</span> <span class='ocrx_word' id='word_1_378' title='bbox 2030 2916 2089 2987; x_wconf 90' lang='lat' dir='ltr'>lo·</span> 
     </span>
    </p>

    <p class='ocr_par' dir='ltr' id='par_1_5' title="bbox 101 2972 2199 3209">
     <span class='ocr_line' id='line_1_28' title="bbox 101 2972 2086 3107; baseline -0.002 -15"><span class='ocrx_word' id='word_1_379' title='bbox 101 2978 209 3055; x_wconf 63' lang='lat' dir='ltr'>Idm</span> <span class='ocrx_word' id='word_1_380' title='bbox 231 2976 348 3052; x_wconf 66' lang='lat' dir='ltr'><em>‘’dm&#39;&#39;</em></span> <span class='ocrx_word' id='word_1_381' title='bbox 375 3004 415 3051; x_wconf 71' lang='lat' dir='ltr'><strong><em>m</em></strong></span> <span class='ocrx_word' id='word_1_382' title='bbox 438 2974 607 3050; x_wconf 60' lang='lat' dir='ltr'><em>‘Imm‘</em></span> <span class='ocrx_word' id='word_1_383' title='bbox 632 2984 758 3048; x_wconf 54' lang='lat' dir='ltr'>num</span> <span class='ocrx_word' id='word_1_384' title='bbox 784 2972 1015 3048; x_wconf 45' lang='lat' dir='ltr'>imam&amp;</span> <span class='ocrx_word' id='word_1_385' title='bbox 1103 3025 1271 3107; x_wconf 86' lang='lat' dir='ltr'>quentem</span> <span class='ocrx_word' id='word_1_386' title='bbox 1287 3034 1367 3080; x_wconf 90' lang='lat' dir='ltr'>cum</span> <span class='ocrx_word' id='word_1_387' title='bbox 1384 3036 1442 3096; x_wconf 91' lang='lat' dir='ltr'>eo,</span> <span class='ocrx_word' id='word_1_388' title='bbox 1476 3026 1510 3081; x_wconf 91' lang='lat' dir='ltr'>et</span> <span class='ocrx_word' id='word_1_389' title='bbox 1527 3012 1739 3104; x_wconf 89' lang='lat' dir='ltr'>completum</span> <span class='ocrx_word' id='word_1_390' title='bbox 1757 3017 1924 3084; x_wconf 88' lang='lat' dir='ltr'>esseluce</span> <span class='ocrx_word' id='word_1_391' title='bbox 1946 3014 2086 3088; x_wconf 87' lang='lat' dir='ltr'>divina:</span> 
     </span>
     <span class='ocr_line' id='line_1_29' title="bbox 489 3089 2199 3209; baseline 0.003 -23"><span class='ocrx_word' id='word_1_392' title='bbox 489 3089 626 3157; x_wconf 59' lang='lat' dir='ltr'><em>&#39;&#39;mm&#39;‘</em></span> <span class='ocrx_word' id='word_1_393' title='bbox 1104 3112 1338 3204; x_wconf 84' lang='lat' dir='ltr'>significatum</span> <span class='ocrx_word' id='word_1_394' title='bbox 1363 3127 1433 3197; x_wconf 90' lang='lat' dir='ltr'>est,</span> <span class='ocrx_word' id='word_1_395' title='bbox 1464 3114 1570 3183; x_wconf 91' lang='lat' dir='ltr'>aliam</span> <span class='ocrx_word' id='word_1_396' title='bbox 1597 3137 1671 3186; x_wconf 90' lang='lat' dir='ltr'>esse</span> <span class='ocrx_word' id='word_1_397' title='bbox 1692 3115 1884 3200; x_wconf 91' lang='lat' dir='ltr'>iusticiam,</span> <span class='ocrx_word' id='word_1_398' title='bbox 1918 3138 1989 3209; x_wconf 86' lang='lat' dir='ltr'>qua</span> <span class='ocrx_word' id='word_1_399' title='bbox 2010 3116 2092 3189; x_wconf 85' lang='lat' dir='ltr'>Deo</span> <span class='ocrx_word' id='word_1_400' title='bbox 2191 3182 2199 3191; x_wconf 93' lang='lat'>.</span> 
     </span>
    </p>

    <p class='ocr_par' dir='ltr' id='par_1_6' title="bbox 63 3211 2175 5444">
     <span class='ocr_line' id='line_1_30' title="bbox 168 3211 2088 3307; baseline -0.002 -16"><span class='ocrx_word' id='word_1_401' title='bbox 168 3219 353 3291; x_wconf 89' lang='lat' dir='ltr'>Enarratis</span> <span class='ocrx_word' id='word_1_402' title='bbox 375 3217 557 3289; x_wconf 88' lang='lat' dir='ltr'>vocabulis</span> <span class='ocrx_word' id='word_1_403' title='bbox 579 3216 719 3288; x_wconf 88' lang='lat' dir='ltr'>Literae</span> <span class='ocrx_word' id='word_1_404' title='bbox 742 3226 778 3284; x_wconf 93' lang='lat' dir='ltr'>ct</span> <span class='ocrx_word' id='word_1_405' title='bbox 797 3211 972 3302; x_wconf 90' lang='lat' dir='ltr'>Spiritus,</span> <span class='ocrx_word' id='word_1_406' title='bbox 997 3232 1057 3279; x_wconf 87' lang='lat' dir='ltr'>ac-</span> <span class='ocrx_word' id='word_1_407' title='bbox 1105 3236 1227 3285; x_wconf 86' lang='lat' dir='ltr'>snmus</span> <span class='ocrx_word' id='word_1_408' title='bbox 1244 3214 1395 3304; x_wconf 89' lang='lat' dir='ltr'>accepti,</span> <span class='ocrx_word' id='word_1_409' title='bbox 1419 3226 1538 3307; x_wconf 86' lang='lat' dir='ltr'>etqua</span> <span class='ocrx_word' id='word_1_410' title='bbox 1555 3213 1670 3286; x_wconf 91' lang='lat' dir='ltr'>Deum</span> <span class='ocrx_word' id='word_1_411' title='bbox 1694 3216 1867 3287; x_wconf 87' lang='lat' dir='ltr'>sustinere</span> <span class='ocrx_word' id='word_1_412' title='bbox 1888 3239 2088 3307; x_wconf 87' lang='lat' dir='ltr'>possumus,</span> 
     </span>
     <span class='ocr_line' id='line_1_31' title="bbox 65 3312 2091 3415; baseline -0.003 -19"><span class='ocrx_word' id='word_1_413' title='bbox 65 3325 270 3396; x_wconf 88' lang='lat' dir='ltr'>commodat</span> <span class='ocrx_word' id='word_1_414' title='bbox 299 3321 430 3391; x_wconf 86' lang='lat' dir='ltr'>Paulus</span> <span class='ocrx_word' id='word_1_415' title='bbox 453 3335 576 3415; x_wconf 91' lang='lat' dir='ltr'>typum</span> <span class='ocrx_word' id='word_1_416' title='bbox 606 3322 651 3387; x_wconf 91' lang='lat' dir='ltr'>de</span> <span class='ocrx_word' id='word_1_417' title='bbox 679 3316 766 3387; x_wconf 90' lang='lat' dir='ltr'>facie</span> <span class='ocrx_word' id='word_1_418' title='bbox 787 3313 906 3408; x_wconf 86' lang='lat' dir='ltr'>Moysi</span> <span class='ocrx_word' id='word_1_419' title='bbox 930 3312 1055 3381; x_wconf 86' lang='lat' dir='ltr'>velata.</span> <span class='ocrx_word' id='word_1_420' title='bbox 1105 3316 1503 3408; x_wconf 87' lang='lat' dir='ltr'>scilicetquandofilius</span> <span class='ocrx_word' id='word_1_421' title='bbox 1525 3317 1729 3411; x_wconf 85' lang='lat' dir='ltr'>loquentiu</span> <span class='ocrx_word' id='word_1_422' title='bbox 1744 3319 1864 3404; x_wconf 91' lang='lat' dir='ltr'>nobis,</span> <span class='ocrx_word' id='word_1_423' title='bbox 1890 3319 2091 3391; x_wconf 87' lang='lat' dir='ltr'>communi·</span> 
     </span>
     <span class='ocr_line' id='line_1_32' title="bbox 66 3404 2175 3513; baseline -0.002 -16"><span class='ocrx_word' id='word_1_424' title='bbox 66 3426 167 3498; x_wconf 84' lang='lat' dir='ltr'>llaec</span> <span class='ocrx_word' id='word_1_425' title='bbox 191 3423 436 3513; x_wconf 85' lang='lat' dir='ltr'>interpretatio</span> <span class='ocrx_word' id='word_1_426' title='bbox 463 3415 665 3512; x_wconf 89' lang='lat' dir='ltr'>prophetica</span> <span class='ocrx_word' id='word_1_427' title='bbox 690 3434 726 3490; x_wconf 93' lang='lat' dir='ltr'>et</span> <span class='ocrx_word' id='word_1_428' title='bbox 745 3415 935 3507; x_wconf 71' lang='lat' dir='ltr'>apostolice</span> <span class='ocrx_word' id='word_1_429' title='bbox 963 3407 1057 3482; x_wconf 75' lang='lat' dir='ltr'>Pha·</span> <span class='ocrx_word' id='word_1_430' title='bbox 1106 3431 1161 3490; x_wconf 90' lang='lat' dir='ltr'>cat</span> <span class='ocrx_word' id='word_1_431' title='bbox 1176 3418 1280 3486; x_wconf 89' lang='lat' dir='ltr'>nobis</span> <span class='ocrx_word' id='word_1_432' title='bbox 1296 3417 1409 3487; x_wconf 92' lang='lat' dir='ltr'>lucem</span> <span class='ocrx_word' id='word_1_433' title='bbox 1425 3440 1538 3492; x_wconf 90' lang='lat' dir='ltr'>suam.</span> <span class='ocrx_word' id='word_1_434' title='bbox 1590 3419 1643 3489; x_wconf 90' lang='lat' dir='ltr'>lta</span> <span class='ocrx_word' id='word_1_435' title='bbox 1660 3419 1778 3489; x_wconf 94' lang='lat' dir='ltr'>velum</span> <span class='ocrx_word' id='word_1_436' title='bbox 1796 3421 1865 3509; x_wconf 87' lang='lat' dir='ltr'>legi</span> <span class='ocrx_word' id='word_1_437' title='bbox 1880 3414 2092 3507; x_wconf 86' lang='lat' dir='ltr'>detrahitur,</span> <span class='ocrx_word' id='word_1_438' title='bbox 2165 3404 2175 3421; x_wconf 43' lang='lat'>⁸</span> 
     </span>
     <span class='ocr_line' id='line_1_33' title="bbox 66 3511 2093 3615; baseline -0.001 -16"><span class='ocrx_word' id='word_1_439' title='bbox 66 3527 193 3599; x_wconf 89' lang='lat' dir='ltr'>risocis</span> <span class='ocrx_word' id='word_1_440' title='bbox 219 3539 252 3597; x_wconf 91' lang='lat' dir='ltr'>et</span> <span class='ocrx_word' id='word_1_441' title='bbox 275 3522 583 3615; x_wconf 89' lang='lat' dir='ltr'>Pseudoapostolis</span> <span class='ocrx_word' id='word_1_442' title='bbox 610 3522 729 3609; x_wconf 85' lang='lat' dir='ltr'>ignota</span> <span class='ocrx_word' id='word_1_443' title='bbox 760 3519 858 3605; x_wconf 87' lang='lat' dir='ltr'>fuit,</span> <span class='ocrx_word' id='word_1_444' title='bbox 898 3515 961 3608; x_wconf 83' lang='lat' dir='ltr'>qul</span> <span class='ocrx_word' id='word_1_445' title='bbox 992 3536 1057 3582; x_wconf 79' lang='lat' dir='ltr'>nec</span> <span class='ocrx_word' id='word_1_446' title='bbox 1107 3534 1142 3590; x_wconf 87' lang='lat' dir='ltr'>et</span> <span class='ocrx_word' id='word_1_447' title='bbox 1154 3518 1292 3590; x_wconf 89' lang='lat' dir='ltr'>tollitur</span> <span class='ocrx_word' id='word_1_448' title='bbox 1308 3511 1517 3613; x_wconf 88' lang='lat' dir='ltr'>hypocrisis,</span> <span class='ocrx_word' id='word_1_449' title='bbox 1544 3533 1578 3590; x_wconf 87' lang='lat' dir='ltr'>et</span> <span class='ocrx_word' id='word_1_450' title='bbox 1599 3535 1682 3592; x_wconf 90' lang='lat' dir='ltr'>sunt</span> <span class='ocrx_word' id='word_1_451' title='bbox 1704 3521 1743 3590; x_wconf 91' lang='lat' dir='ltr'>in</span> <span class='ocrx_word' id='word_1_452' title='bbox 1767 3523 1871 3593; x_wconf 89' lang='lat' dir='ltr'>nobis</span> <span class='ocrx_word' id='word_1_453' title='bbox 1896 3521 2035 3594; x_wconf 85' lang='lat' dir='ltr'>iusticia</span> <span class='ocrx_word' id='word_1_454' title='bbox 2054 3537 2093 3597; x_wconf 85' lang='lat' dir='ltr'>et</span> 
     </span>
     <span class='ocr_line' id='line_1_34' title="bbox 66 3616 2091 3721; baseline -0.002 -21"><span class='ocrx_word' id='word_1_455' title='bbox 66 3632 184 3721; x_wconf 88' lang='lat' dir='ltr'>legem</span> <span class='ocrx_word' id='word_1_456' title='bbox 210 3652 275 3697; x_wconf 92' lang='lat' dir='ltr'>nec</span> <span class='ocrx_word' id='word_1_457' title='bbox 299 3626 551 3717; x_wconf 87' lang='lat' dir='ltr'>promissiones</span> <span class='ocrx_word' id='word_1_458' title='bbox 573 3623 833 3693; x_wconf 86' lang='lat' dir='ltr'>intellexerunt.</span> <span class='ocrx_word' id='word_1_459' title='bbox 895 3616 1057 3686; x_wconf 87' lang='lat' dir='ltr'>Primum</span> <span class='ocrx_word' id='word_1_460' title='bbox 1108 3623 1192 3704; x_wconf 89' lang='lat' dir='ltr'>vita,</span> <span class='ocrx_word' id='word_1_461' title='bbox 1217 3644 1322 3711; x_wconf 88' lang='lat' dir='ltr'>quam</span> <span class='ocrx_word' id='word_1_462' title='bbox 1337 3621 1393 3688; x_wconf 88' lang='lat' dir='ltr'>lex</span> <span class='ocrx_word' id='word_1_463' title='bbox 1409 3621 1595 3706; x_wconf 87' lang='lat' dir='ltr'>describit,</span> <span class='ocrx_word' id='word_1_464' title='bbox 1621 3625 1682 3693; x_wconf 92' lang='lat' dir='ltr'>sed</span> <span class='ocrx_word' id='word_1_465' title='bbox 1700 3647 1772 3692; x_wconf 93' lang='lat' dir='ltr'>non</span> <span class='ocrx_word' id='word_1_466' title='bbox 1789 3620 1943 3709; x_wconf 81' lang='lat' dir='ltr'>exhibet,</span> <span class='ocrx_word' id='word_1_467' title='bbox 1965 3646 2091 3695; x_wconf 89' lang='lat' dir='ltr'>verum</span> 
     </span>
     <span class='ocr_line' id='line_1_35' title="bbox 65 3704 2093 3818; baseline -0.005 -13"><span class='ocrx_word' id='word_1_468' title='bbox 65 3740 189 3805; x_wconf 83' lang='lat' dir='ltr'>sutem</span> <span class='ocrx_word' id='word_1_469' title='bbox 212 3725 394 3799; x_wconf 86' lang='lat' dir='ltr'>historiam</span> <span class='ocrx_word' id='word_1_470' title='bbox 414 3737 555 3818; x_wconf 89' lang='lat' dir='ltr'>oportet</span> <span class='ocrx_word' id='word_1_471' title='bbox 571 3737 693 3793; x_wconf 90' lang='lat' dir='ltr'>notam</span> <span class='ocrx_word' id='word_1_472' title='bbox 707 3744 797 3805; x_wconf 89' lang='lat' dir='ltr'>esse,</span> <span class='ocrx_word' id='word_1_473' title='bbox 825 3741 915 3812; x_wconf 78' lang='lat' dir='ltr'>qsrae</span> <span class='ocrx_word' id='word_1_474' title='bbox 931 3717 1058 3786; x_wconf 90' lang='lat' dir='ltr'>recita·</span> <span class='ocrx_word' id='word_1_475' title='bbox 1108 3721 1203 3791; x_wconf 87' lang='lat' dir='ltr'>filius</span> <span class='ocrx_word' id='word_1_476' title='bbox 1216 3719 1285 3788; x_wconf 93' lang='lat' dir='ltr'>Dei</span> <span class='ocrx_word' id='word_1_477' title='bbox 1310 3704 1463 3790; x_wconf 77' lang='lat' dir='ltr'>e&#39;xhibet.</span> <span class='ocrx_word' id='word_1_478' title='bbox 1524 3720 1608 3793; x_wconf 90' lang='lat' dir='ltr'>ldeo</span> <span class='ocrx_word' id='word_1_479' title='bbox 1633 3718 1690 3794; x_wconf 89' lang='lat' dir='ltr'>hic</span> <span class='ocrx_word' id='word_1_480' title='bbox 1713 3723 1993 3818; x_wconf 82' lang='lat' dir='ltr'>inquitPaulusr</span> <span class='ocrx_word' id='word_1_481' title='bbox 2019 3722 2093 3797; x_wconf 83' lang='lat' dir='ltr'>Ve-</span> 
     </span>
     <span class='ocr_line' id='line_1_36' title="bbox 67 3817 2092 3913; baseline -0.003 -7"><span class='ocrx_word' id='word_1_482' title='bbox 67 3850 131 3906; x_wconf 91' lang='lat' dir='ltr'>tur</span> <span class='ocrx_word' id='word_1_483' title='bbox 148 3828 260 3901; x_wconf 81' lang='lat' dir='ltr'>llxodi</span> <span class='ocrx_word' id='word_1_484' title='bbox 278 3830 328 3902; x_wconf 72' lang='grc'>84</span> <span class='ocrx_word' id='word_1_485' title='bbox 366 3830 426 3898; x_wconf 80' lang='lat' dir='ltr'>sabi</span> <span class='ocrx_word' id='word_1_486' title='bbox 450 3828 599 3910; x_wconf 90' lang='lat' dir='ltr'>dicitur,</span> <span class='ocrx_word' id='word_1_487' title='bbox 624 3823 722 3894; x_wconf 90' lang='lat' dir='ltr'>Mosi</span> <span class='ocrx_word' id='word_1_488' title='bbox 745 3822 870 3891; x_wconf 90' lang='lat' dir='ltr'>faciem</span> <span class='ocrx_word' id='word_1_489' title='bbox 892 3819 1059 3909; x_wconf 85' lang='lat' dir='ltr'>sparsisse</span> <span class='ocrx_word' id='word_1_490' title='bbox 1109 3824 1184 3892; x_wconf 93' lang='lat' dir='ltr'>lum</span> <span class='ocrx_word' id='word_1_491' title='bbox 1200 3820 1335 3891; x_wconf 87' lang='lat' dir='ltr'>aboleri</span> <span class='ocrx_word' id='word_1_492' title='bbox 1350 3846 1412 3913; x_wconf 93' lang='lat' dir='ltr'>per</span> <span class='ocrx_word' id='word_1_493' title='bbox 1425 3817 1617 3899; x_wconf 88' lang='lat' dir='ltr'>Christum.</span> <span class='ocrx_word' id='word_1_494' title='bbox 1648 3821 1746 3895; x_wconf 88' lang='lat' dir='ltr'>Haec</span> <span class='ocrx_word' id='word_1_495' title='bbox 1759 3827 1930 3897; x_wconf 87' lang='lat' dir='ltr'>sententia</span> <span class='ocrx_word' id='word_1_496' title='bbox 1947 3824 1992 3895; x_wconf 85' lang='lat' dir='ltr'>d&#39;e</span> <span class='ocrx_word' id='word_1_497' title='bbox 2007 3849 2092 3899; x_wconf 85' lang='lat' dir='ltr'>vcra</span> 
     </span>
     <span class='ocr_line' id='line_1_37' title="bbox 63 3918 2093 4027; baseline -0.005 -20"><span class='ocrx_word' id='word_1_498' title='bbox 63 3918 265 4027; x_wconf 83' lang='lat' dir='ltr'>fulgorem,</span> <span class='ocrx_word' id='word_1_499' title='bbox 292 3927 638 4020; x_wconf 87' lang='lat' dir='ltr'>utaspiciapopuln</span> <span class='ocrx_word' id='word_1_500' title='bbox 661 3949 736 3995; x_wconf 93' lang='lat' dir='ltr'>non</span> <span class='ocrx_word' id='word_1_501' title='bbox 752 3933 889 4019; x_wconf 89' lang='lat' dir='ltr'>posset,</span> <span class='ocrx_word' id='word_1_502' title='bbox 914 3943 954 3989; x_wconf 87' lang='lat' dir='ltr'>ac</span> <span class='ocrx_word' id='word_1_503' title='bbox 975 3943 1059 4010; x_wconf 89' lang='lat' dir='ltr'>pro·</span> <span class='ocrx_word' id='word_1_504' title='bbox 1109 3923 1340 3994; x_wconf 81' lang='lat' dir='ltr'>conversione</span> <span class='ocrx_word' id='word_1_505' title='bbox 1362 3923 1590 4011; x_wconf 87' lang='lat' dir='ltr'>intelligenda</span> <span class='ocrx_word' id='word_1_506' title='bbox 1613 3939 1676 4000; x_wconf 88' lang='lat' dir='ltr'>est.</span> <span class='ocrx_word' id='word_1_507' title='bbox 1724 3927 1769 3997; x_wconf 92' lang='lat' dir='ltr'>ln</span> <span class='ocrx_word' id='word_1_508' title='bbox 1791 3931 1883 3996; x_wconf 90' lang='lat' dir='ltr'>veris</span> <span class='ocrx_word' id='word_1_509' title='bbox 1904 3926 2093 3999; x_wconf 90' lang='lat' dir='ltr'>doloribus</span> 
     </span>
     <span class='ocr_line' id='line_1_38' title="bbox 65 4023 2093 4130; baseline -0.004 -24"><span class='ocrx_word' id='word_1_510' title='bbox 65 4052 192 4130; x_wconf 84' lang='lat' dir='ltr'>pterea</span> <span class='ocrx_word' id='word_1_511' title='bbox 213 4058 293 4105; x_wconf 90' lang='lat' dir='ltr'>cum</span> <span class='ocrx_word' id='word_1_512' title='bbox 316 4035 519 4125; x_wconf 88' lang='lat' dir='ltr'>loqueretur</span> <span class='ocrx_word' id='word_1_513' title='bbox 542 4029 587 4097; x_wconf 92' lang='lat' dir='ltr'>ad</span> <span class='ocrx_word' id='word_1_514' title='bbox 612 4028 807 4119; x_wconf 91' lang='lat' dir='ltr'>populum,</span> <span class='ocrx_word' id='word_1_515' title='bbox 833 4023 957 4093; x_wconf 87' lang='lat' dir='ltr'>texisse</span> <span class='ocrx_word' id='word_1_516' title='bbox 979 4044 1059 4091; x_wconf 88' lang='lat' dir='ltr'>curn</span> <span class='ocrx_word' id='word_1_517' title='bbox 1109 4023 1331 4114; x_wconf 78' lang='lat' dir='ltr'>agnoscimus</span> <span class='ocrx_word' id='word_1_518' title='bbox 1346 4047 1419 4093; x_wconf 93' lang='lat' dir='ltr'>non</span> <span class='ocrx_word' id='word_1_519' title='bbox 1433 4027 1533 4096; x_wconf 88' lang='lat' dir='ltr'>reddi</span> <span class='ocrx_word' id='word_1_520' title='bbox 1549 4050 1668 4117; x_wconf 88' lang='lat' dir='ltr'>pacem</span> <span class='ocrx_word' id='word_1_521' title='bbox 1683 4027 1907 4098; x_wconf 82' lang='lat' dir='ltr'>conscientiis</span> <span class='ocrx_word' id='word_1_522' title='bbox 1928 4040 1962 4099; x_wconf 91' lang='lat' dir='ltr'>et</span> <span class='ocrx_word' id='word_1_523' title='bbox 1984 4029 2093 4098; x_wconf 88' lang='lat' dir='ltr'>vitam</span> 
     </span>
     <span class='ocr_line' id='line_1_39' title="bbox 67 4119 2094 4227; baseline -0.008 -20"><span class='ocrx_word' id='word_1_524' title='bbox 67 4139 200 4210; x_wconf 87' lang='lat' dir='ltr'>faciem</span> <span class='ocrx_word' id='word_1_525' title='bbox 218 4137 405 4218; x_wconf 81' lang='lat' dir='ltr'>velamine,</span> <span class='ocrx_word' id='word_1_526' title='bbox 422 4133 517 4227; x_wconf 87' lang='lat' dir='ltr'>quod</span> <span class='ocrx_word' id='word_1_527' title='bbox 536 4145 653 4200; x_wconf 87' lang='lat' dir='ltr'>tamen</span> <span class='ocrx_word' id='word_1_528' title='bbox 669 4126 873 4216; x_wconf 88' lang='lat' dir='ltr'>ingrediens</span> <span class='ocrx_word' id='word_1_529' title='bbox 883 4126 926 4193; x_wconf 90' lang='lat' dir='ltr'>ad</span> <span class='ocrx_word' id='word_1_530' title='bbox 936 4119 1062 4192; x_wconf 88' lang='lat' dir='ltr'>Domi·</span> <span class='ocrx_word' id='word_1_531' title='bbox 1110 4151 1173 4219; x_wconf 90' lang='lat' dir='ltr'>per</span> <span class='ocrx_word' id='word_1_532' title='bbox 1189 4128 1283 4200; x_wconf 93' lang='lat' dir='ltr'>boua</span> <span class='ocrx_word' id='word_1_533' title='bbox 1297 4149 1415 4217; x_wconf 87' lang='lat' dir='ltr'>opera.</span> <span class='ocrx_word' id='word_1_534' title='bbox 1455 4127 1691 4217; x_wconf 83' lang='lat' dir='ltr'>Agnoscimus</span> <span class='ocrx_word' id='word_1_535' title='bbox 1706 4142 1741 4199; x_wconf 94' lang='lat' dir='ltr'>ct</span> <span class='ocrx_word' id='word_1_536' title='bbox 1755 4132 1881 4222; x_wconf 91' lang='lat' dir='ltr'>procul</span> <span class='ocrx_word' id='word_1_537' title='bbox 1896 4152 1962 4198; x_wconf 94' lang='lat' dir='ltr'>nos</span> <span class='ocrx_word' id='word_1_538' title='bbox 1977 4154 1995 4198; x_wconf 90' lang='lat' dir='ltr'>a</span> <span class='ocrx_word' id='word_1_539' title='bbox 2012 4154 2094 4221; x_wconf 82' lang='lat' dir='ltr'>per.</span> 
     </span>
     <span class='ocr_line' id='line_1_40' title="bbox 66 4219 2093 4329; baseline -0.004 -17"><span class='ocrx_word' id='word_1_540' title='bbox 66 4265 163 4312; x_wconf 86' lang='lat' dir='ltr'>nrrm</span> <span class='ocrx_word' id='word_1_541' title='bbox 181 4255 213 4308; x_wconf 91' lang='lat' dir='ltr'>et</span> <span class='ocrx_word' id='word_1_542' title='bbox 229 4239 376 4329; x_wconf 86' lang='lat' dir='ltr'>loquens</span> <span class='ocrx_word' id='word_1_543' title='bbox 394 4260 473 4304; x_wconf 87' lang='lat' dir='ltr'>cum</span> <span class='ocrx_word' id='word_1_544' title='bbox 491 4257 534 4303; x_wconf 91' lang='lat' dir='ltr'>eo</span> <span class='ocrx_word' id='word_1_545' title='bbox 557 4231 700 4301; x_wconf 88' lang='lat' dir='ltr'>amovit.</span> <span class='ocrx_word' id='word_1_546' title='bbox 751 4224 868 4296; x_wconf 90' lang='lat' dir='ltr'>Huius</span> <span class='ocrx_word' id='word_1_547' title='bbox 892 4219 1060 4293; x_wconf 89' lang='lat' dir='ltr'>historiae</span> <span class='ocrx_word' id='word_1_548' title='bbox 1113 4227 1265 4298; x_wconf 88' lang='lat' dir='ltr'>fectione</span> <span class='ocrx_word' id='word_1_549' title='bbox 1286 4226 1373 4317; x_wconf 85' lang='lat' dir='ltr'>legis</span> <span class='ocrx_word' id='word_1_550' title='bbox 1400 4228 1539 4314; x_wconf 87' lang='lat' dir='ltr'>abesse,</span> <span class='ocrx_word' id='word_1_551' title='bbox 1580 4230 1640 4299; x_wconf 88' lang='lat' dir='ltr'>sed</span> <span class='ocrx_word' id='word_1_552' title='bbox 1667 4230 1715 4300; x_wconf 92' lang='lat' dir='ltr'>ita</span> <span class='ocrx_word' id='word_1_553' title='bbox 1741 4231 1842 4300; x_wconf 91' lang='lat' dir='ltr'>reddi</span> <span class='ocrx_word' id='word_1_554' title='bbox 1868 4232 2093 4304; x_wconf 86' lang='lat' dir='ltr'>conscientiis</span> 
     </span>
     <span class='ocr_line' id='line_1_41' title="bbox 67 4324 2095 4431; baseline -0.004 -20"><span class='ocrx_word' id='word_1_555' title='bbox 67 4340 387 4431; x_wconf 85' lang='lat' dir='ltr'>significationem,</span> <span class='ocrx_word' id='word_1_556' title='bbox 430 4359 521 4427; x_wconf 86' lang='lat' dir='ltr'>quae</span> <span class='ocrx_word' id='word_1_557' title='bbox 555 4354 729 4424; x_wconf 86' lang='lat' dir='ltr'>nusquam</span> <span class='ocrx_word' id='word_1_558' title='bbox 769 4327 857 4397; x_wconf 80' lang='lat' dir='ltr'>alibi</span> <span class='ocrx_word' id='word_1_559' title='bbox 899 4324 1061 4403; x_wconf 77' lang='lat' dir='ltr'>traditur,</span> <span class='ocrx_word' id='word_1_560' title='bbox 1113 4352 1232 4398; x_wconf 91' lang='lat' dir='ltr'>veram</span> <span class='ocrx_word' id='word_1_561' title='bbox 1248 4329 1537 4414; x_wconf 88' lang='lat' dir='ltr'>consolationem,</span> <span class='ocrx_word' id='word_1_562' title='bbox 1553 4354 1642 4423; x_wconf 89' lang='lat' dir='ltr'>quae</span> <span class='ocrx_word' id='word_1_563' title='bbox 1655 4346 1707 4403; x_wconf 91' lang='lat' dir='ltr'>est</span> <span class='ocrx_word' id='word_1_564' title='bbox 1722 4332 1863 4404; x_wconf 91' lang='lat' dir='ltr'>initium</span> <span class='ocrx_word' id='word_1_565' title='bbox 1876 4333 1967 4402; x_wconf 90' lang='lat' dir='ltr'>vitae</span> <span class='ocrx_word' id='word_1_566' title='bbox 1981 4348 2095 4405; x_wconf 89' lang='lat' dir='ltr'>aeter-</span> 
     </span>
     <span class='ocr_line' id='line_1_42' title="bbox 65 4429 2097 4534; baseline -0.005 -17"><span class='ocrx_word' id='word_1_567' title='bbox 65 4443 268 4534; x_wconf 83' lang='lat' dir='ltr'>Apostolus</span> <span class='ocrx_word' id='word_1_568' title='bbox 292 4438 349 4510; x_wconf 90' lang='lat' dir='ltr'>hic</span> <span class='ocrx_word' id='word_1_569' title='bbox 382 4438 535 4529; x_wconf 84' lang='lat' dir='ltr'>exponit.</span> <span class='ocrx_word' id='word_1_570' title='bbox 611 4432 842 4503; x_wconf 80' lang='lat' dir='ltr'>Manifestum</span> <span class='ocrx_word' id='word_1_571' title='bbox 871 4439 922 4496; x_wconf 90' lang='lat' dir='ltr'>est</span> <span class='ocrx_word' id='word_1_572' title='bbox 952 4437 1061 4495; x_wconf 91' lang='lat' dir='ltr'>totam</span> <span class='ocrx_word' id='word_1_573' title='bbox 1115 4453 1199 4513; x_wconf 90' lang='lat' dir='ltr'>nae,</span> <span class='ocrx_word' id='word_1_574' title='bbox 1225 4430 1433 4500; x_wconf 85' lang='lat' dir='ltr'>cumfilium</span> <span class='ocrx_word' id='word_1_575' title='bbox 1454 4429 1521 4502; x_wconf 90' lang='lat' dir='ltr'>Dei</span> <span class='ocrx_word' id='word_1_576' title='bbox 1540 4433 1782 4522; x_wconf 86' lang='lat' dir='ltr'>agnoscimus,</span> <span class='ocrx_word' id='word_1_577' title='bbox 1806 4447 1839 4504; x_wconf 92' lang='lat' dir='ltr'>et</span> <span class='ocrx_word' id='word_1_578' title='bbox 1863 4436 2097 4525; x_wconf 87' lang='lat' dir='ltr'>promissione</span> 
     </span>
     <span class='ocr_line' id='line_1_43' title="bbox 67 4529 2096 4622; baseline -0.004 -5"><span class='ocrx_word' id='word_1_579' title='bbox 67 4558 240 4617; x_wconf 88' lang='lat' dir='ltr'>naturam</span> <span class='ocrx_word' id='word_1_580' title='bbox 257 4538 449 4612; x_wconf 87' lang='lat' dir='ltr'>humanam</span> <span class='ocrx_word' id='word_1_581' title='bbox 467 4539 603 4607; x_wconf 91' lang='lat' dir='ltr'>viribus</span> <span class='ocrx_word' id='word_1_582' title='bbox 626 4532 849 4604; x_wconf 87' lang='lat' dir='ltr'>naturalibus</span> <span class='ocrx_word' id='word_1_583' title='bbox 871 4529 942 4599; x_wconf 92' lang='lat' dir='ltr'>sini</span> <span class='ocrx_word' id='word_1_584' title='bbox 965 4549 1062 4614; x_wconf 85' lang='lat' dir='ltr'>rege·</span> <span class='ocrx_word' id='word_1_585' title='bbox 1115 4531 1225 4622; x_wconf 89' lang='lat' dir='ltr'>ipsius</span> <span class='ocrx_word' id='word_1_586' title='bbox 1249 4544 1507 4615; x_wconf 89' lang='lat' dir='ltr'>sustentamur,</span> <span class='ocrx_word' id='word_1_587' title='bbox 1532 4549 1573 4604; x_wconf 91' lang='lat' dir='ltr'>ut</span> <span class='ocrx_word' id='word_1_588' title='bbox 1585 4530 1700 4604; x_wconf 91' lang='lat' dir='ltr'>David</span> <span class='ocrx_word' id='word_1_589' title='bbox 1726 4536 1921 4617; x_wconf 84' lang='lat' dir='ltr'>reviviscit,</span> <span class='ocrx_word' id='word_1_590' title='bbox 1948 4539 2096 4609; x_wconf 86' lang='lat' dir='ltr'>audiens</span> 
     </span>
     <span class='ocr_line' id='line_1_44' title="bbox 68 4628 2096 4727; baseline -0.002 -14"><span class='ocrx_word' id='word_1_591' title='bbox 68 4646 280 4727; x_wconf 72' lang='lat' dir='ltr'>sacratione,</span> <span class='ocrx_word' id='word_1_592' title='bbox 315 4645 419 4713; x_wconf 90' lang='lat' dir='ltr'>etiam</span> <span class='ocrx_word' id='word_1_593' title='bbox 449 4664 529 4710; x_wconf 92' lang='lat' dir='ltr'>cum</span> <span class='ocrx_word' id='word_1_594' title='bbox 559 4636 662 4708; x_wconf 91' lang='lat' dir='ltr'>discit</span> <span class='ocrx_word' id='word_1_595' title='bbox 689 4649 723 4705; x_wconf 93' lang='lat' dir='ltr'>et</span> <span class='ocrx_word' id='word_1_596' title='bbox 753 4632 912 4703; x_wconf 91' lang='lat' dir='ltr'>imitatur</span> <span class='ocrx_word' id='word_1_597' title='bbox 938 4628 1062 4717; x_wconf 85' lang='lat' dir='ltr'>legem,</span> <span class='ocrx_word' id='word_1_598' title='bbox 1115 4632 1225 4703; x_wconf 84' lang='lat' dir='ltr'>etfide</span> <span class='ocrx_word' id='word_1_599' title='bbox 1241 4633 1455 4724; x_wconf 88' lang='lat' dir='ltr'>amplectens</span> <span class='ocrx_word' id='word_1_600' title='bbox 1472 4631 1562 4704; x_wconf 89' lang='lat' dir='ltr'>hanc</span> <span class='ocrx_word' id='word_1_601' title='bbox 1584 4659 1724 4708; x_wconf 90' lang='lat' dir='ltr'>vocem:</span> <span class='ocrx_word' id='word_1_602' title='bbox 1749 4633 1927 4708; x_wconf 90' lang='lat' dir='ltr'>Dominus</span> <span class='ocrx_word' id='word_1_603' title='bbox 1948 4640 2096 4715; x_wconf 89' lang='lat' dir='ltr'>abstulit</span> 
     </span>
     <span class='ocr_line' id='line_1_45' title="bbox 71 4729 2097 4836; baseline -0.006 -15"><span class='ocrx_word' id='word_1_604' title='bbox 71 4766 197 4821; x_wconf 84' lang='lat' dir='ltr'>samen</span> <span class='ocrx_word' id='word_1_605' title='bbox 216 4759 351 4817; x_wconf 87' lang='lat' dir='ltr'>tantum</span> <span class='ocrx_word' id='word_1_606' title='bbox 373 4743 635 4836; x_wconf 86' lang='lat' dir='ltr'>qualescunque</span> <span class='ocrx_word' id='word_1_607' title='bbox 656 4751 818 4807; x_wconf 83' lang='lat' dir='ltr'>externos</span> <span class='ocrx_word' id='word_1_608' title='bbox 837 4746 953 4821; x_wconf 89' lang='lat' dir='ltr'>gestus</span> <span class='ocrx_word' id='word_1_609' title='bbox 977 4729 1063 4817; x_wconf 90' lang='lat' dir='ltr'>legis</span> <span class='ocrx_word' id='word_1_610' title='bbox 1115 4747 1293 4823; x_wconf 90' lang='lat' dir='ltr'>peccatum</span> <span class='ocrx_word' id='word_1_611' title='bbox 1308 4748 1421 4809; x_wconf 92' lang='lat' dir='ltr'>tuum.</span> <span class='ocrx_word' id='word_1_612' title='bbox 1473 4736 1578 4806; x_wconf 90' lang='lat' dir='ltr'>Tunc</span> <span class='ocrx_word' id='word_1_613' title='bbox 1600 4737 1694 4806; x_wconf 91' lang='lat' dir='ltr'>enim</span> <span class='ocrx_word' id='word_1_614' title='bbox 1714 4739 1833 4827; x_wconf 89' lang='lat' dir='ltr'>agnita</span> <span class='ocrx_word' id='word_1_615' title='bbox 1856 4741 2097 4833; x_wconf 79' lang='lat' dir='ltr'>misericordia</span> 
     </span>
     <span class='ocr_line' id='line_1_46' title="bbox 71 4833 2098 4933; baseline -0.003 -11"><span class='ocrx_word' id='word_1_616' title='bbox 71 4852 213 4931; x_wconf 84' lang='lat' dir='ltr'>facere,</span> <span class='ocrx_word' id='word_1_617' title='bbox 238 4861 277 4915; x_wconf 95' lang='lat' dir='ltr'>ut</span> <span class='ocrx_word' id='word_1_618' title='bbox 290 4848 376 4919; x_wconf 89' lang='lat' dir='ltr'>Saul</span> <span class='ocrx_word' id='word_1_619' title='bbox 391 4845 519 4913; x_wconf 88' lang='lat' dir='ltr'>retinet</span> <span class='ocrx_word' id='word_1_620' title='bbox 540 4855 720 4933; x_wconf 86' lang='lat' dir='ltr'>utcunque</span> <span class='ocrx_word' id='word_1_621' title='bbox 744 4835 997 4928; x_wconf 84' lang='lat' dir='ltr'>professionem</span> <span class='ocrx_word' id='word_1_622' title='bbox 1019 4833 1064 4901; x_wconf 92' lang='lat' dir='ltr'>de</span> <span class='ocrx_word' id='word_1_623' title='bbox 1114 4834 1202 4915; x_wconf 90' lang='lat' dir='ltr'>Dei,</span> <span class='ocrx_word' id='word_1_624' title='bbox 1230 4835 1428 4906; x_wconf 84' lang='lat' dir='ltr'>vivificatur</span> <span class='ocrx_word' id='word_1_625' title='bbox 1441 4861 1503 4928; x_wconf 92' lang='lat' dir='ltr'>per</span> <span class='ocrx_word' id='word_1_626' title='bbox 1517 4837 1629 4908; x_wconf 85' lang='lat' dir='ltr'>lilium</span> <span class='ocrx_word' id='word_1_627' title='bbox 1645 4835 1730 4920; x_wconf 92' lang='lat' dir='ltr'>Dci,</span> <span class='ocrx_word' id='word_1_628' title='bbox 1757 4854 1791 4913; x_wconf 91' lang='lat' dir='ltr'>et</span> <span class='ocrx_word' id='word_1_629' title='bbox 1805 4841 1847 4909; x_wconf 96' lang='lat' dir='ltr'>ad</span> <span class='ocrx_word' id='word_1_630' title='bbox 1865 4838 1979 4911; x_wconf 88' lang='lat' dir='ltr'>Deum</span> <span class='ocrx_word' id='word_1_631' title='bbox 1998 4864 2098 4915; x_wconf 85' lang='lat' dir='ltr'>accc-</span> 
     </span>
     <span class='ocr_line' id='line_1_47' title="bbox 72 4930 2098 5034; baseline -0.009 -14"><span class='ocrx_word' id='word_1_632' title='bbox 72 4951 189 5024; x_wconf 84' lang='lat' dir='ltr'>unico</span> <span class='ocrx_word' id='word_1_633' title='bbox 204 4949 301 5033; x_wconf 87' lang='lat' dir='ltr'>Deo,</span> <span class='ocrx_word' id='word_1_634' title='bbox 327 4949 364 5015; x_wconf 93' lang='lat' dir='ltr'>in</span> <span class='ocrx_word' id='word_1_635' title='bbox 388 4943 456 5015; x_wconf 92' lang='lat' dir='ltr'>hoc</span> <span class='ocrx_word' id='word_1_636' title='bbox 479 4942 612 5034; x_wconf 91' lang='lat' dir='ltr'>populo</span> <span class='ocrx_word' id='word_1_637' title='bbox 631 4940 821 5030; x_wconf 89' lang='lat' dir='ltr'>patefacto,</span> <span class='ocrx_word' id='word_1_638' title='bbox 845 4938 905 5004; x_wconf 89' lang='lat' dir='ltr'>sed</span> <span class='ocrx_word' id='word_1_639' title='bbox 931 4956 993 5003; x_wconf 89' lang='lat' dir='ltr'>cor</span> <span class='ocrx_word' id='word_1_640' title='bbox 1013 4946 1064 5002; x_wconf 89' lang='lat' dir='ltr'>est</span> <span class='ocrx_word' id='word_1_641' title='bbox 1116 4937 1189 5021; x_wconf 93' lang='lat' dir='ltr'>dit,</span> <span class='ocrx_word' id='word_1_642' title='bbox 1214 4935 1356 5009; x_wconf 90' lang='lat' dir='ltr'>invocat</span> <span class='ocrx_word' id='word_1_643' title='bbox 1372 4960 1474 5027; x_wconf 86' lang='lat' dir='ltr'>eum,</span> <span class='ocrx_word' id='word_1_644' title='bbox 1496 4952 1530 5011; x_wconf 89' lang='lat' dir='ltr'>et</span> <span class='ocrx_word' id='word_1_645' title='bbox 1550 4935 1656 5010; x_wconf 88' lang='lat' dir='ltr'>habet</span> <span class='ocrx_word' id='word_1_646' title='bbox 1678 4941 1780 5013; x_wconf 88' lang='lat' dir='ltr'>initia</span> <span class='ocrx_word' id='word_1_647' title='bbox 1804 4966 1905 5012; x_wconf 88' lang='lat' dir='ltr'>verae</span> <span class='ocrx_word' id='word_1_648' title='bbox 1928 4930 2098 5014; x_wconf 87' lang='lat' dir='ltr'>obedien.</span> 
     </span>
     <span class='ocr_line' id='line_1_48' title="bbox 77 5034 2099 5147; baseline -0.003 -24"><span class='ocrx_word' id='word_1_649' title='bbox 77 5055 228 5147; x_wconf 91' lang='lat' dir='ltr'>plenum</span> <span class='ocrx_word' id='word_1_650' title='bbox 259 5048 561 5128; x_wconf 89' lang='lat' dir='ltr'>dubitationibus,</span> <span class='ocrx_word' id='word_1_651' title='bbox 592 5065 666 5111; x_wconf 90' lang='lat' dir='ltr'>non</span> <span class='ocrx_word' id='word_1_652' title='bbox 696 5038 816 5111; x_wconf 89' lang='lat' dir='ltr'>statuit</span> <span class='ocrx_word' id='word_1_653' title='bbox 840 5058 876 5105; x_wconf 91' lang='lat' dir='ltr'>se</span> <span class='ocrx_word' id='word_1_654' title='bbox 900 5035 1066 5125; x_wconf 86' lang='lat' dir='ltr'>recipiet</span> <span class='ocrx_word' id='word_1_655' title='bbox 1117 5038 1186 5108; x_wconf 86' lang='lat' dir='ltr'>tiae</span> <span class='ocrx_word' id='word_1_656' title='bbox 1215 5038 1313 5108; x_wconf 88' lang='lat' dir='ltr'>iuxta</span> <span class='ocrx_word' id='word_1_657' title='bbox 1340 5034 1427 5110; x_wconf 89' lang='lat' dir='ltr'>haec</span> <span class='ocrx_word' id='word_1_658' title='bbox 1457 5040 1575 5112; x_wconf 83' lang='lat' dir='ltr'>dicta:</span> <span class='ocrx_word' id='word_1_659' title='bbox 1610 5040 1804 5134; x_wconf 86' lang='lat' dir='ltr'>Accepistis</span> <span class='ocrx_word' id='word_1_660' title='bbox 1826 5040 1989 5133; x_wconf 88' lang='lat' dir='ltr'>spiritum</span> <span class='ocrx_word' id='word_1_661' title='bbox 2010 5048 2099 5117; x_wconf 91' lang='lat' dir='ltr'>ado·</span> 
     </span>
     <span class='ocr_line' id='line_1_49' title="bbox 77 5138 2100 5236; baseline -0.004 -9"><span class='ocrx_word' id='word_1_662' title='bbox 77 5151 393 5234; x_wconf 83' lang='lat' dir='ltr'>exaudiriaDeo,</span> <span class='ocrx_word' id='word_1_663' title='bbox 418 5148 524 5218; x_wconf 89' lang='lat' dir='ltr'>scutit</span> <span class='ocrx_word' id='word_1_664' title='bbox 546 5167 581 5214; x_wconf 91' lang='lat' dir='ltr'>se</span> <span class='ocrx_word' id='word_1_665' title='bbox 603 5141 714 5226; x_wconf 92' lang='lat' dir='ltr'>mori,</span> <span class='ocrx_word' id='word_1_666' title='bbox 740 5138 834 5210; x_wconf 91' lang='lat' dir='ltr'>etin</span> <span class='ocrx_word' id='word_1_667' title='bbox 855 5150 969 5206; x_wconf 91' lang='lat' dir='ltr'>morte</span> <span class='ocrx_word' id='word_1_668' title='bbox 991 5159 1066 5204; x_wconf 93' lang='lat' dir='ltr'>non</span> <span class='ocrx_word' id='word_1_669' title='bbox 1118 5139 1250 5230; x_wconf 91' lang='lat' dir='ltr'>ptionis</span> <span class='ocrx_word' id='word_1_670' title='bbox 1266 5139 1441 5222; x_wconf 87' lang='lat' dir='ltr'>liliorum,</span> <span class='ocrx_word' id='word_1_671' title='bbox 1467 5165 1539 5236; x_wconf 90' lang='lat' dir='ltr'>quo</span> <span class='ocrx_word' id='word_1_672' title='bbox 1559 5145 1750 5214; x_wconf 91' lang='lat' dir='ltr'>clamamus</span> <span class='ocrx_word' id='word_1_673' title='bbox 1765 5141 1869 5213; x_wconf 86' lang='lat' dir='ltr'>Abba</span> <span class='ocrx_word' id='word_1_674' title='bbox 1890 5158 2002 5235; x_wconf 88' lang='lat' dir='ltr'>pater.</span> <span class='ocrx_word' id='word_1_675' title='bbox 2052 5143 2100 5222; x_wconf 81' lang='lat' dir='ltr'>llt</span> 
     </span>
     <span class='ocr_line' id='line_1_50' title="bbox 76 5236 2100 5339; baseline -0.004 -10"><span class='ocrx_word' id='word_1_676' title='bbox 76 5258 191 5329; x_wconf 90' lang='lat' dir='ltr'>sentit</span> <span class='ocrx_word' id='word_1_677' title='bbox 213 5253 489 5323; x_wconf 87' lang='lat' dir='ltr'>consolationem</span> <span class='ocrx_word' id='word_1_678' title='bbox 512 5260 547 5319; x_wconf 90' lang='lat' dir='ltr'>et</span> <span class='ocrx_word' id='word_1_679' title='bbox 570 5246 690 5314; x_wconf 89' lang='lat' dir='ltr'>vitam.</span> <span class='ocrx_word' id='word_1_680' title='bbox 739 5239 877 5312; x_wconf 90' lang='lat' dir='ltr'>Deinde</span> <span class='ocrx_word' id='word_1_681' title='bbox 900 5248 982 5307; x_wconf 92' lang='lat' dir='ltr'>sunt</span> <span class='ocrx_word' id='word_1_682' title='bbox 1005 5236 1067 5306; x_wconf 91' lang='lat' dir='ltr'>alii</span> <span class='ocrx_word' id='word_1_683' title='bbox 1121 5240 1299 5332; x_wconf 89' lang='lat' dir='ltr'>pertinent</span> <span class='ocrx_word' id='word_1_684' title='bbox 1329 5236 1398 5313; x_wconf 88' lang='lat' dir='ltr'>huc</span> <span class='ocrx_word' id='word_1_685' title='bbox 1421 5245 1512 5316; x_wconf 87' lang='lat' dir='ltr'>dicta</span> <span class='ocrx_word' id='word_1_686' title='bbox 1536 5245 1675 5327; x_wconf 93' lang='lat' dir='ltr'>omnia,</span> <span class='ocrx_word' id='word_1_687' title='bbox 1717 5267 1807 5337; x_wconf 88' lang='lat' dir='ltr'>quae</span> <span class='ocrx_word' id='word_1_688' title='bbox 1836 5244 2032 5339; x_wconf 87' lang='lat' dir='ltr'>loquuntur</span> <span class='ocrx_word' id='word_1_689' title='bbox 2055 5253 2100 5321; x_wconf 93' lang='lat' dir='ltr'>de</span> 
     </span>
     <span class='ocr_line' id='line_1_51' title="bbox 77 5338 2103 5444; baseline -0.004 -11"><span class='ocrx_word' id='word_1_690' title='bbox 77 5357 247 5433; x_wconf 82' lang='lat' dir='ltr'>acerrimi</span> <span class='ocrx_word' id='word_1_691' title='bbox 272 5368 390 5424; x_wconf 86' lang='lat' dir='ltr'>motus</span> <span class='ocrx_word' id='word_1_692' title='bbox 420 5362 614 5444; x_wconf 78' lang='lat' dir='ltr'>pugnantes</span> <span class='ocrx_word' id='word_1_693' title='bbox 645 5368 725 5416; x_wconf 84' lang='lat' dir='ltr'>cum</span> <span class='ocrx_word' id='word_1_694' title='bbox 749 5340 838 5416; x_wconf 81' lang='lat' dir='ltr'>Deo.</span> <span class='ocrx_word' id='word_1_695' title='bbox 904 5338 1068 5433; x_wconf 66' lang='lat' dir='ltr'>Denique</span> <span class='ocrx_word' id='word_1_696' title='bbox 1123 5366 1206 5415; x_wconf 90' lang='lat' dir='ltr'>vcra</span> <span class='ocrx_word' id='word_1_697' title='bbox 1228 5345 1477 5432; x_wconf 83' lang='lat' dir='ltr'>conversione,</span> <span class='ocrx_word' id='word_1_698' title='bbox 1515 5348 1617 5418; x_wconf 89' lang='lat' dir='ltr'>etde</span> <span class='ocrx_word' id='word_1_699' title='bbox 1641 5344 1776 5417; x_wconf 90' lang='lat' dir='ltr'>vitaac</span> <span class='ocrx_word' id='word_1_700' title='bbox 1799 5347 1937 5420; x_wconf 88' lang='lat' dir='ltr'>iusticia</span> <span class='ocrx_word' id='word_1_701' title='bbox 1960 5363 2103 5425; x_wconf 90' lang='lat' dir='ltr'>aeterna</span> 
     </span>
    </p>

    <p class='ocr_par' dir='ltr' id='par_1_7' title="bbox 137 5441 1322 5531">
     <span class='ocr_line' id='line_1_52' title="bbox 137 5441 1322 5531; baseline -0.011 0"><span class='ocrx_word' id='word_1_702' title='bbox 137 5458 324 5531; x_wconf 82' lang='lat' dir='ltr'>Mrcxrrn.</span> <span class='ocrx_word' id='word_1_703' title='bbox 344 5460 447 5525; x_wconf 77' lang='lat' dir='ltr'>Ona.</span> <span class='ocrx_word' id='word_1_704' title='bbox 476 5449 562 5527; x_wconf 70' lang='lat' dir='ltr'>Vos.</span> <span class='ocrx_word' id='word_1_705' title='bbox 579 5451 661 5525; x_wconf 79' lang='lat' dir='ltr'>XV.</span> <span class='ocrx_word' id='word_1_706' title='bbox 1271 5441 1322 5518; x_wconf 80' lang='grc'>77</span> 
     </span>
    </p>
   </div>
   <div class='ocr_carea' id='block_1_5' title="bbox 0 0 2286 5780">
    <p class='ocr_par' dir='ltr' id='par_1_8' title="bbox 0 0 2286 5780">
     <span class='ocr_line' id='line_1_53' title="bbox 0 0 2286 5780; baseline 0 0"><span class='ocrx_word' id='word_1_707' title='bbox 0 0 2286 5780; x_wconf 95' lang='lat' dir='ltr'> </span> 
     </span>
    </p>
   </div>
  </div>
 </body>
</html>
