4530 5776
133 172 286 295 'aaa
583 214 587 219 ·
814 202 941 282 run
967 199 1086 277 uun
1108 196 1321 277 scalers
1347 172 1705 275 madernas
1878 180 1910 245 -ι
2160 184 2226 281 trs

206 392 350 489 prodest
373 388 480 476 scire,
503 392 545 458 ut
565 397 749 458 teneamus
771 376 1051 450 consolationem
1075 387 1200 449 contra
1351 368 1514 443 Primum
1534 372 1580 443 de
1602 384 1718 447 morte
1740 386 1777 446 et
1797 348 1970 449 ssc'riicio
2000 356 2229 449 cascanum

208 495 416 590 opinionem
450 488 595 573 meriti,
629 484 713 557 item
735 495 859 555 contra
886 480 990 551 illum
1013 478 1201 572 populum,
1250 488 1291 548 ut
1313 475 1505 547 admoneat
1525 498 1702 547 summam
1723 478 1978 565 contumeliam
2000 500 2097 565 esse,
2128 476 2227 553 attus

209 598 274 693 qui
293 595 363 666 sibi
384 594 474 666 falso
498 600 639 680 arrogat
660 584 806 657 titulum
830 580 1030 673 Ecclesiae,
1056 592 1202 673 propter
1250 589 1430 674 peccatum
1446 576 1560 672 pluris
1574 578 1709 667 iacere,
1735 602 1842 675 quam
1857 572 1927 652 lroc
1940 580 2164 653 saerificis'rils.

210 695 386 772 iusticiam
403 695 492 785 legis
507 708 572 768 etc.
611 686 760 761 Necesse
776 700 828 760 est
843 685 938 756 enim
955 708 1021 756 nos
1036 696 1203 766 statuere,
1353 676 1546 766 Secundo,
1583 676 1748 753 Christus
1777 684 2038 756 resnnectione
2071 704 2136 769 sna
2159 678 2231 759 ricll

211 804 308 897 quod
324 794 530 871 sitEcclesia
544 794 677 877 electa,
701 814 775 859 non
790 788 1154 882 propterdignitatem
1170 794 1205 853 et
1252 780 1456 853 universam
1485 782 1622 854 diaboli
1653 785 1862 878 potentiam.
1928 780 2034 856 Hanc
2059 784 2230 856 vinariam

212 904 337 975 merita
351 895 526 981 humana,
552 920 626 966 non
643 906 790 986 propter
807 888 980 961 iusticiam
998 890 1103 981 legis,
1128 907 1203 956 non
1254 882 1406 956 sciamus
1437 882 1613 957 efficacem
1644 910 1738 975 esse,
1777 900 1813 960 et
1847 888 1952 959 nobis
1987 912 2131 985 quoque
2159 912 2232 983 pro·

213 1019 360 1100 propter
375 1002 598 1072 autoritatem
616 990 828 1080 humanam,
855 1015 930 1062 non
946 1005 1090 1084 propter
1104 1012 1205 1082 prae·
1254 986 1425 1059 futuram.
1868 982 1871 987 '
1907 1000 1910 1007 ·

214 1108 409 1199 rogativam
426 1099 666 1174 successionis.
704 1094 803 1165 ldem
825 1095 1009 1166 sciendum
1026 1090 1205 1185 est,quod
1355 1086 1499 1171 Tertio,
1522 1112 1671 1181 regnum
1696 1115 1770 1162 non
1794 1105 1846 1163 est
1867 1092 2042 1164 otiosum:
2070 1088 2178 1165 Sedet
2194 1090 2233 1163 sl

216 1210 279 1280 illa
303 1203 484 1290 Ecclesia,
515 1224 605 1297 quae
637 1197 780 1269 titulum
814 1191 944 1281 habet,
983 1193 1208 1289 persequitur
1256 1191 1436 1262 dexteram
1450 1193 1582 1284 patris,
1609 1207 1643 1266 et
1659 1196 1818 1287 potentia
1835 1195 1959 1267 divina
1978 1198 2234 1268 credentrsser·

203 1296 337 1382 'veram
361 1304 567 1377 Ecclesiam.
626 1299 748 1391 Quare
772 1300 877 1371 initio
901 1311 1021 1370 monet
1046 1320 1120 1368 esse
1140 1294 1207 1363 sli-
1256 1306 1336 1379 vat,
1368 1308 1541 1367 sustentat
1565 1309 1599 1367 et
1620 1296 1794 1381 viviticat,
1827 1299 1935 1369 modo
1964 1321 2011 1370 ne
2042 1294 2235 1370 deliciamur

218 1436 326 1508 quam
341 1410 487 1480 electam
505 1404 720 1488 Ecclesiam,
744 1415 786 1474 ut
807 1403 1011 1474 intueamur
1029 1414 1065 1472 et
1081 1419 1209 1489 agnos·
1257 1396 1303 1465 ab
1328 1419 1383 1471 eo.

219 1536 339 1587 camus
363 1534 480 1582 veram
498 1505 704 1578 Ecclesiam.
1190 1562 1196 1571 .
1357 1492 1495 1587 Quarto
1512 1499 1611 1571 addit
1628 1502 1871 1593 pontificatum
1897 1517 1929 1575 et
1955 1499 2234 1574 intercessionem

320 1612 448 1686 Statim
470 1623 588 1680 autem
612 1606 734 1678 atterit
750 1605 1014 1689 devocatione,
1040 1616 1081 1675 ut
1097 1600 1210 1672 dedu-
1257 1594 1406 1675 Christi.
1471 1598 1544 1670 Nec
1576 1627 1660 1673 vero
1693 1606 1766 1675 ulla
1796 1619 1848 1676 est
1872 1604 2013 1677 dulcior
2039 1602 2237 1689 consolatii,

220 1732 275 1789 cat
291 1718 414 1786 nnsad
432 1714 601 1795 verbnm,
627 1722 661 1779 et
676 1704 735 1778 hic
752 1721 873 1778 monet
889 1708 1111 1777 vocationem
1136 1724 1211 1773 non
1261 1725 1366 1796 quam
1397 1724 1585 1792 agnoscere
1610 1700 1794 1777 Christum
1824 1708 2049 1800 pontificem,
2081 1722 2118 1781 et
2139 1706 2238 1777 inter·

220 1842 295 1889 esse
317 1817 467 1890 irritam.
524 1810 596 1883 Sed
612 1807 708 1882 Deos
733 1803 817 1879 lsuic
836 1831 919 1879 suae
934 1808 1113 1879 vocationi
1131 1828 1213 1876 vere
1262 1805 1468 1896 pellatorem
1483 1826 1556 1875 esse
1573 1830 1638 1899 pro
1653 1809 1769 1884 nobis.
1829 1806 1931 1880 Esset
1945 1822 2064 1881 sutem
2079 1811 2238 1881 adverset

222 1924 338 2004 adest,
366 1916 532 1989 iustificat
548 1928 585 1987 et
600 1911 814 2004 glorificabit
827 1924 982 1984 vocatos.
1032 1908 1122 1979 Vult
1145 1905 1213 1995 igi·
1262 1905 1504 1999 pontificatum
1527 1904 1682 2002 Christi,
1715 1912 1950 1996 contumelia,
1980 1911 2013 1984 si
2034 1910 2243 1985 existimare

223 2040 284 2095 tor
297 2043 362 2091 nos
378 2018 508 2090 intueri
525 2015 759 2099 vocationem,
777 2036 818 2083 ac
830 2012 1043 2097 meminisse,
1060 2012 1155 2105 quod
1170 2010 1215 2080 sit
1264 2030 1342 2078 mus
1368 2009 1444 2079 eius
1466 2008 1752 2083 intercessionem
1776 2013 1913 2085 irritam
1938 2038 2022 2091 csse.
2082 2012 2188 2101 ltem,
2213 2008 2251 2085 si·

224 2123 399 2195 divinitus
413 2123 522 2205 lacta,
547 2118 641 2189 utin
665 2141 705 2186 ea
722 2136 1003 2208 perseveremus,
1019 2114 1102 2207 quia
1118 2109 1215 2184 Deus
1264 2123 1421 2181 nostram
1439 2110 1700 2185 invocationem
1717 2139 1792 2186 non
1814 2117 2090 2207 adiungeremus
2111 2118 2158 2189 sd
2177 2114 2254 2189 eiu

222 2222 308 2299 huic
322 2245 407 2297 suae
423 2219 602 2294 vocationi
628 2230 663 2291 et
680 2241 745 2290 suo
761 2218 870 2288 verbo
887 2218 1074 2288 adiuturus
1092 2229 1155 2290 est.
1264 2213 1561 2287 intercessionem.
2221 2218 2228 2247 ³

497 2384 605 2489 Quid
619 2387 737 2485 igilur
756 2380 944 2456 dicemus?
1474 2376 1571 2479 Quis
1591 2382 1709 2480 igitar
1729 2384 1920 2485 separabit
1943 2386 2041 2461 nos?

328 2528 526 2620 Septimum
551 2537 797 2615 argumentum
822 2521 976 2593 occurrit
1006 2520 1216 2612 praecipuae
1365 2511 1557 2587 Conclusio
1573 2532 1625 2589 est
1640 2523 1794 2612 proximi
1807 2524 2019 2613 argumenti.
2052 2518 2250 2597 comnena

227 2631 446 2730 quaestioni,
471 2642 625 2700 sumtum
644 2639 696 2697 est
709 2624 804 2696 enim
829 2625 875 2694 ab
897 2624 1035 2694 obiecto
1057 2634 1092 2692 et
1112 2644 1214 2692 causa
1264 2628 1450 2709 tantopere
1477 2619 1603 2711 diligat
1629 2646 1715 2712 nos,
1751 2648 1976 2721 nequaquam
2006 2626 2152 2699 abiiciet
2177 2630 2261 2715 nol,¹

226 2734 380 2833 pavoris.
431 2729 522 2803 Nam
546 2752 648 2799 causa
665 2727 806 2820 pavoris
830 2739 864 2796 et
883 2724 1137 2818 desperationis
1154 2737 1216 2816 est,
1266 2721 1403 2789 etiamsi
1420 2743 1542 2792 sumus
1556 2724 1709 2813 infirmi,
1734 2741 1769 2798 et
1790 2751 1993 2799 exercemur
2008 2729 2110 2800 omni
2126 2734 2261 2819 generet

228 2840 325 2933 qnod
355 2835 449 2905 inter
474 2831 684 2903 afflictiones
712 2830 817 2900 etism
843 2840 952 2899 terret
976 2849 1041 2897 nos
1069 2849 1216 2918 conspe·
1267 2821 1509 2896 afflictionum.
1574 2824 1666 2898 Nam
1693 2828 1917 2901 dilectionem
1939 2830 2005 2902 Dei
2032 2845 2153 2916 vocat,
2181 2798 2261 2924 (μ’

229 2957 304 3015 ctus
328 2951 530 3007 nostrorum
552 2946 795 3027 peccatorum,
823 2946 858 3004 et
878 2930 1075 3002 iudicamus
1097 2928 1216 2999 Deum
1268 2922 1364 2995 Deus
1389 2948 1454 2996 nos
1476 2926 1613 3019 diligit,
1647 2932 1738 3004 sicut
1759 2946 1878 3023 postea
1902 2933 2159 3025 interpretatur
2178 2933 2235 3024 ipsc

229 3042 334 3115 nobi.
351 3039 465 3109 irasci,
1268 3024 1417 3097 Paulus:
1451 3025 1602 3121 Propter
1620 3056 1720 3120 eum,
1750 3035 1811 3127 qui
1833 3036 1950 3125 diligit
1971 3060 2048 3108 nos.
2112 3031 2235 3125 Repeti

331 3141 425 3212 Huic
435 3136 633 3233 quaestioni
644 3132 703 3207 hic
713 3132 1030 3215 medeturPaulus,
1047 3146 1082 3205 et
1098 3145 1218 3204 osten·
1270 3130 1364 3198 enim
1379 3127 1511 3201 Paulus
1527 3134 1564 3202 in
1590 3135 1658 3204 line
1681 3136 1934 3208 consolationis
1958 3132 2051 3209 hanc
2074 3140 2232 3230 propriu

229 3246 284 3319 dit
305 3244 403 3315 aliud
423 3241 602 3312 obiectum
624 3232 963 3331 apprehendendum
985 3259 1079 3321 esse,
1111 3249 1145 3304 ct
1169 3234 1219 3304 sic
1270 3247 1301 3302 et
1319 3231 1550 3324 principalem
1565 3233 1750 3329 Evangelii
1772 3262 1914 3326 vocem,
1940 3243 2036 3334 quod
2054 3240 2155 3311 Deus
2168 3234 2233 3309 dili·

231 3357 513 3437 argumentatur:
544 3338 637 3410 Deus
663 3353 810 3412 testatur
828 3362 866 3409 se
888 3338 993 3410 nobis
1007 3360 1080 3407 esse
1097 3335 1218 3427 propi·
1269 3348 1327 3423 gat
1343 3356 1426 3418 nos,
1449 3336 1531 3428 quia
1550 3351 1601 3409 est
1618 3340 1855 3412 efficacissima
1871 3342 2069 3413 consolatio
2088 3344 2126 3412 in
2138 3338 2233 3412 omui·

232 3449 327 3520 cium
344 3448 425 3517 dato
445 3445 540 3528 filio,
565 3455 599 3512 et
616 3441 759 3534 quidem
778 3440 838 3509 ille
862 3441 1001 3511 assidue
1024 3463 1090 3531 pro
1115 3438 1219 3507 nobis
1270 3440 1337 3508 bus
1352 3435 1625 3526 afflictionibus,
1653 3440 1726 3511 imo
1750 3445 1904 3514 inomni
1925 3447 2170 3529 invocatione,
2190 3440 2234 3513 ιιι

233 3547 453 3640 interpellat,
486 3542 582 3634 Ergo
605 3566 680 3613 non
705 3543 914 3612 abiiciamus
938 3542 1043 3612 fidem
1067 3555 1101 3612 et
1120 3564 1217 3630 spem
1271 3538 1394 3630 procul
1418 3542 1530 3630 posita
1554 3564 1659 3636 snpra
1676 3546 1794 3615 cordis
1810 3541 1958 3617 humani
1972 3570 2137 3634 sensum,
2160 3528 2236 3641 quel

232 3647 469 3724 liberationis.
508 3643 605 3737 Quid
622 3645 780 3714 dicemus
795 3644 838 3713 sd
858 3638 968 3715 haec?
993 3644 1115 3730 idest,
1132 3642 1217 3737 quid
1272 3655 1324 3712 est
1347 3641 1491 3735 plenum
1515 3646 1739 3717 dubitatione
1761 3662 1796 3721 et
1818 3670 1968 3739 pavore,
1992 3666 2028 3721 et
2050 3674 2126 3721 non
2149 3646 2251 3719 audit.

234 3754 411 3847 amplius,
449 3762 510 3821 sut
540 3747 654 3818 maius
684 3750 729 3816 sd
760 3746 1036 3817 consolationem
1068 3744 1220 3837 proponi
1272 3758 1424 3815 statuere
1439 3767 1505 3815 nos
1524 3747 1625 3839 diligi
1645 3773 1662 3818 a
1681 3748 1769 3825 Deo.
1822 3746 2015 3843 Exaggerat
2039 3752 2149 3843 igitur
2161 3716 2262 3823 Pac-l

235 3868 378 3949 potest,
417 3874 525 3945 quam
554 3850 650 3943 quod
681 3843 853 3919 habemus
876 3842 991 3919 Deum
1021 3846 1222 3918 laventem?
1273 3848 1328 3917 lus
1341 3842 1433 3918 hanc
1449 3850 1725 3921 consolationem
1740 3852 1863 3925 multis
1877 3855 2007 3935 verbis,
2032 3854 2134 3949 qnasi
2146 3840 2262 3927 stati.

235 3957 277 4031 ld
314 3954 501 4048 amplificat
534 3952 657 4023 addito
691 3950 840 4041 pignore
877 3948 1034 4040 gratiae,
1080 3949 1223 4033 scilicet,
1274 3950 1353 4019 Non
1369 3950 1508 4040 frangat
1524 3977 1586 4022 vos
1602 3954 1811 4043 magnitudo
1827 3956 2074 4039 afflictionum,
2090 3957 2153 4029 sed
2166 3934 2262 4024 haasl

236 4060 333 4155 quod
356 4055 493 4131 dederit
517 4078 584 4147 pro
607 4052 713 4125 nobis
736 4051 863 4125 lilium.
921 4047 971 4123 Et
993 4052 1087 4122 clare
1110 4051 1222 4130 sddit‚
1273 4052 1552 4125 consolationem
1577 4056 1616 4124 in
1639 4056 1807 4127 omnibns
1836 4059 2032 4130 terroribus
2055 4052 2262 4143 intuemini·

237 4186 283 4233 ns
299 4172 441 4255 peccata
456 4159 657 4231 deterreant
673 4176 754 4225 nos:
781 4149 874 4244 Quis
889 4153 1091 4226 accusabit?
1121 4152 1222 4249 quasi
1273 4155 1367 4246 quod
1387 4154 1482 4225 Deus
1506 4169 1602 4228 certo
1625 4180 1688 4228 vos
1707 4160 1842 4250 diligat.
1895 4160 1969 4232 Nec
1987 4174 2041 4233 est
2063 4185 2154 4252 opus
2173 4180 2239 4251 pm·

237 4265 348 4335 diest:
379 4254 532 4349 Etiamsi
559 4256 733 4330 sentimus
762 4278 827 4326 nos
858 4254 1025 4345 indignos
1054 4279 1147 4339 esse,
1188 4265 1240 4345 et
1273 4257 1342 4327 lira
1368 4258 1659 4351 interpretatione
1681 4260 1719 4330 in
1742 4257 1808 4332 hac
1830 4260 2022 4355 particula,
2050 4267 2110 4334 sed
2133 4264 2169 4333 in
2186 4258 2240 4329 aits

240 4359 357 4435 adlsuc
377 4358 509 4434 habere
530 4371 687 4453 peccam
724 4374 759 4430 et
782 4360 959 4447 ingentem
983 4356 1223 4427 infirmitatem
1274 4375 1308 4432 et
1324 4360 1362 4428 in
1383 4360 1608 4432 invocatione
1630 4364 1823 4451 discamus,
1849 4366 1944 4459 qnod
1973 4366 2134 4461 requirat
2151 4364 2239 4443 Desa

239 4490 278 4536 ac
307 4462 597 4546 immunditiem,
636 4475 755 4532 tamen
795 4483 900 4530 rremo
940 4459 1118 4530 accusabit
1148 4481 1225 4542 nos,
1274 4475 1314 4532 nt
1337 4476 1532 4533 statuamus
1558 4489 1624 4535 nos
1646 4467 1768 4557 diligi,
1803 4482 1835 4539 et
1858 4470 2095 4540 exuscitecnus
2116 4476 2238 4554 nos,rt

241 4583 427 4659 postquam
457 4578 601 4656 propter
622 4563 822 4655 pontificem
846 4557 1029 4633 Christum
1050 4561 1153 4645 iusti,
1187 4561 1223 4630 id
1274 4558 1341 4634 hac
1353 4564 1422 4635 fide
1439 4590 1520 4635 vere
1536 4567 1741 4639 invocemus
1756 4595 1850 4641 eum.

240 4683 309 4751 est,
350 4668 482 4757 accepti
504 4687 637 4737 sumus.
696 4663 781 4735 ldeo
801 4664 936 4758 inquit:
971 4661 1069 4734 Dens
1093 4664 1225 4757 estqui
1379 4666 1609 4737 Admonendi
1639 4686 1723 4743 sunt
1756 4670 1813 4742 hic
1844 4675 2017 4757 lectores,
2058 4673 2104 4743 ds
2133 4663 2241 4765 inepti

240 4769 423 4847 iustificat,
448 4768 567 4851 idest,
593 4768 704 4838 iustos
721 4766 946 4857 pronunciat.
997 4760 1045 4838 Et
1065 4766 1228 4838 iuslificat
1277 4770 1562 4861 quaestionibus,
1589 4770 1752 4845 hocloco
1776 4776 1925 4864 agitatis.
1980 4736 2263 4869 Disputsvesutl

117 4884 122 4889 '
239 4867 761 4965 nospropterinterpellantem
775 4862 971 4940 Clrristum.
1278 4871 1372 4939 enim
1398 4868 1626 4959 Sclsolastici,
1653 4871 1711 4945 An
1733 4879 1845 4949 iustus
1867 4877 1976 4970 possit
1997 4879 2244 4957 amitteretur·

344 4974 395 5045 lta
409 4966 599 5061 amplificat
615 4964 708 5039 hanc
724 4968 933 5039 sententiam
948 4970 1131 5042 mentione
1152 4994 1227 5039 me·
1278 4973 1442 5059 virlutea,
1468 5001 1547 5045 cnm
1567 4974 1699 5047 Paulus
1714 4981 1825 5053 dicat:
1855 4980 1946 5071 Quis
1961 4981 2141 5071 separabit
2153 4996 2244 5050 nost

244 5074 391 5149 ‹liatoris
422 5067 585 5157 Christi,
622 5095 663 5141 ac
695 5069 777 5140 lacit
814 5072 1030 5141 mentionem
1071 5072 1226 5165 primum
1277 5076 1491 5146 dilectione?
1517 5076 1627 5167 Quasi
1646 5076 1713 5151 hoc
1729 5082 1832 5165 velit,
1856 5076 2050 5173 Quomodo
2068 5084 2246 5177 poterimrt

245 5178 402 5257 Martis,
445 5174 573 5246 deinde
606 5170 916 5257 Resurrectionis,
961 5175 1065 5245 tectio
1098 5171 1226 5264 Regni,
1278 5179 1438 5249 amittere
1467 5194 1624 5251 nostram
1659 5184 1921 5256 dilectionem?
1962 5190 2136 5279 putabant
2164 5183 2245 5255 anim

244 5296 371 5377 quarto
389 5276 630 5351 Pontificatus.
680 5271 777 5343 Haec
793 5273 947 5344 breviter
965 5291 1228 5366 commemorat,
1278 5280 1504 5352 dilectionem
1519 5285 1819 5377 interpretandam
1836 5312 1911 5361 esse
1933 5291 1978 5363 de
1992 5292 2126 5363 nostris
2147 5289 2245 5357 cirtu-

243 5409 331 5478 qnae
347 5398 466 5455 tamen
483 5403 556 5451 non
575 5390 658 5452 sunt
674 5375 789 5449 obiter
803 5386 940 5452 tanturn
956 5378 1169 5472 aspicienda.
1278 5384 1391 5469 tibus,
1420 5380 1487 5457 hoc
1507 5400 1577 5475 est,
1605 5389 1648 5458 de
1673 5389 1880 5475 dilectione,
1905 5416 1975 5490 qua
1997 5416 2064 5469 nos
2080 5392 2245 5487 diligimus
