4522 5782
51 200 141 292 sse
254 204 356 285 ant
375 188 443 284 'e
473 202 844 285 conumrasn
872 204 925 283 rs
951 202 1107 283 amer.
1133 200 1282 283 raum
1306 202 1376 322 ap
1401 202 1665 290 nouenos.
1714 208 1824 289 car.
1857 212 1921 293 tx.
1987 192 1990 197 ’
2019 210 2098 293 sss

52 382 145 457 dicit
158 372 308 457 llanlui.¹
359 374 622 456 Etsimilitndo
645 381 783 455 deluto
805 396 840 455 et
855 382 965 472 figulo
980 404 1054 453 non
1103 376 1215 466 tinet,
1253 382 1282 451 si
1306 382 1454 454 verbum
1476 383 1655 475 intelligas
1671 408 1737 478 pro
1758 411 1817 478 re,
1842 388 2097 485 utloqnuatur
2184 408 2187 413 ·

46 482 125 559 boe
143 484 234 559 solt·
282 480 385 557 Nihil
407 507 514 576 agere
535 485 688 578 impios,
713 488 775 555 sed
798 500 1053 557 eatenuscon·
1104 478 1271 552 Hebraei.
1328 481 1425 555 Deos
1449 486 1554 557 faciet
1579 488 1727 557 verbum
1758 490 2033 579 abbreviatum,
2054 492 2095 565 id

55 587 178 671 venit,
204 589 302 684 qnod
324 592 452 659 muna'
467 611 580 659 massa
610 587 749 678 generis
775 581 924 658 humani
957 583 1054 657 Dens
1102 597 1173 670 est,
1207 608 1281 655 rem
1303 586 1565 676 abbreviatam,
1589 608 1651 659 seu
1677 592 2001 680 abbreviationem,-
2031 602 2095 665 se's

10 742 17 765 2
56 690 149 763 alitis
166 706 234 761 esto
249 688 383 761 iudicio
398 690 532 774 salvat,
551 690 812 764 aliosdemnat.
863 686 998 761 Causae
1014 687 1054 758 in
1102 686 1221 756 linem.
1297 684 1345 760 lit
1377 691 1416 759 in
1454 685 1521 762 hac
1557 680 1865 766 consummatione
1898 695 2095 769 exundalsit

59 791 299 864 similitudine
329 814 405 863 non
427 792 579 863 omnino
608 793 868 863 accommodari
891 805 1052 886 possunt.
1103 787 1254 860 iusticia.
2079 860 2083 865 ,

59 894 236 967 'l'ersenda
251 906 304 966 est
318 894 416 965 enim
440 894 636 981 sententia,
694 896 765 964 uod
791 886 888 965 Deus
909 918 984 965 non
1007 894 1054 963 sit
1205 889 1280 962 Alii
1294 891 1725 987 varissinterpretationes
1739 896 1997 969 confinxerunt.
2024 896 2088 972 ln.

58 1020 161 1069 causa
177 997 323 1091 peccati.
374 994 620 1070 Retinendum
637 1010 673 1067 et
713 1019 755 1066 oc
771 1010 841 1082 est,
857 999 952 1091 qnod
971 1020 1053 1087 pro-
1105 1004 1345 1083 terpretantur
1375 998 1522 1066 verbum
1549 999 1795 1070 abbreviatum
1820 1001 1865 1071 de
1885 996 2094 1091 Evangelio,
2193 1086 2196 1091 ⁵

57 1100 180 1171 mismo
197 1100 244 1173 sit
255 1098 482 1171 universalis.
534 1096 635 1170 Sicut
659 1112 692 1169 et
717 1114 836 1189 postea
860 1100 936 1190 ipse
960 1096 1053 1169 Pau·
1102 1095 1185 1186 quia
1201 1096 1257 1165 lex
1271 1097 1317 1168 sit
1335 1097 1440 1187 longa
1457 1096 1641 1186 doctrina,
1666 1123 1732 1171 nec
1755 1115 1874 1174 tamen
1888 1102 2094 1177 iustificam.

59 1202 111 1273 lus
127 1201 233 1274 addit
248 1202 443 1273 rationems
471 1200 593 1292 Quare
608 1213 728 1291 pereat
743 1198 872 1293 lsra'e'l,
889 1201 971 1295 qnia
987 1224 1053 1270 no-
1102 1193 1199 1266 Haec
1215 1199 1460 1291 interpretatio
1476 1215 1526 1272 est
1541 1196 1799 1292 intempestiva.

59 1303 98 1377 lit
116 1304 280 1397 accipere
297 1298 554 1394 Evangelium,
577 1300 754 1374 sectando
777 1303 953 1375 iusticiam
978 1326 1052 1373 non
1205 1296 1311 1371 Alius
1340 1301 1517 1395 quispiam
1545 1318 1597 1373 est
1633 1304 1904 1396 interpretatos,
1939 1306 2092 1398 perlecta

59 1407 279 1501 assequitur,
310 1405 395 1500 qnia
424 1428 499 1477 non
524 1428 565 1475 ex
588 1402 657 1476 lide
682 1417 750 1479 etc.
800 1401 872 1475 Hic
893 1427 1054 1499 expresse
1101 1403 1275 1473 sententia
1298 1408 1454 1475 excindat
1474 1404 1673 1491 iusticiam,
1704 1408 1742 1477 id
1767 1424 1835 1497 cst,
1866 1408 2009 1502 sepiens
2033 1410 2094 1479 iu-

58 1508 160 1600 ponit
181 1528 326 1579 cansam
351 1507 631 1600 reprobationis,
663 1505 815 1595 scilicet,
838 1508 923 1602 quia
945 1530 1053 1600 repu-
1100 1504 1169 1574 dex
1188 1506 1276 1576 feret
1303 1506 1431 1579 iustam
1456 1506 1680 1580 sententiam.
1731 1505 1803 1582 Hic
1827 1533 1972 1606 prorsus
1994 1524 2118 1582 estrs1

61 1624 169 1700 guent
181 1604 395 1702 Evangelio.
897 1628 899 1633 ·
1101 1606 1193 1675 riam
1211 1606 1337 1681 cu'rrit.

1202 1706 1277 1779 Nos
1298 1733 1405 1780 unam
1429 1723 1464 1782 et
1491 1711 1688 1804 simplicem
1724 1711 1936 1786 sententiam
1958 1736 2091 1786 conve

1102 1809 1260 1882 nientem
1275 1824 1464 1904 perpetuae
1479 1814 1676 1886 narrationi
1692 1815 1730 1885 in
1746 1828 1843 1887 textu
1861 1816 2090 1902 retineamus,

156 1914 352 2008 Postquam
377 1915 559 1988 constitnit
597 1908 733 1995 thesin,
768 1915 864 2008 quod
897 1915 1052 2006 populus
1100 1913 1280 1998 videlicet,
1309 1915 1404 2008 qnod
1427 1916 1581 2008 populus
1602 1918 1782 2009 periturus
1803 1919 1868 1998 sit,
1893 1920 1954 1989 sed
1978 1917 2088 2011 paulo

62 2014 124 2091 Dei
148 2018 197 2091 sit
224 2012 382 2088 Ecclesia
404 2019 616 2102 electorum,
649 2017 720 2086 iam
742 2017 841 2087 venit
861 2017 905 2087 ad
936 2010 1050 2111 hypo·
1100 2027 1383 2101 anteventurom
1400 2012 1662 2089 esseChristum
1675 2073 1685 2104 ,
1700 2034 1734 2092 et
1748 2019 1886 2115 aliquos
1902 2044 1943 2090 ex
1956 2020 2090 2111 populo

64 2116 197 2207 thesin,
223 2119 439 2193 electosesse
456 2144 498 2189 es
515 2117 655 2189 ludaeis
672 2132 706 2188 et
724 2116 918 2189 Gentibus:
942 2119 1051 2210 idque
1101 2131 1352 2188 consecuturos
1373 2141 1447 2190 esse
1462 2118 1542 2189 illas
1565 2120 1802 2218 amplissimas
1827 2121 2091 2212 promissiones,

10 2304 18 2311 ¹
67 2225 188 2315 probat
209 2220 422 2293 testimoniis
444 2221 658 2310 scripturae,
685 2236 725 2291 ut
747 2224 909 2293 ostendat
929 2217 1050 2291 Evan-
1099 2220 1208 2290 iactas
1232 2221 1393 2310 patribus
1416 2222 1544 2293 reiecta
1571 2222 1708 2316 reliqna
1730 2223 1973 2300 multitudine.
2025 2219 2091 2299 En

10 2320 27 2417 ’.Ι
70 2324 194 2421 pelium
217 2322 395 2417 pertinere
428 2325 471 2394 ad
497 2321 643 2395 Gentes.
704 2318 758 2393 Ac
781 2324 937 2415 primurn
967 2323 1051 2393 citat
1100 2336 1135 2392 et
1173 2318 1350 2413 emphasis
1396 2324 1616 2395 observanda
1654 2325 1846 2416 particulae
1882 2325 2089 2413 enuntiabit,

10 2426 21 2505 ‚l
71 2430 177 2499 locum
195 2449 238 2507 ea
254 2419 366 2496 Osca:
393 2421 589 2497 Estautem
612 2425 696 2497 satis
712 2426 937 2518 perspicuum
951 2424 1049 2498 testi·
1101 2447 1190 2519 qnae
1204 2424 1378 2515 significat
1392 2427 1664 2518 amplitudinem
1681 2429 1826 2519 gratiae.

18 2584 26 2593 .
74 2553 235 2603 nonaum.

10 2608 28 2723 ⁵2
164 2628 260 2701 lllod
282 2630 400 2702 obiter
422 2630 669 2700 admonendus
692 2642 744 2702 est
766 2630 889 2702 lector.
947 2626 1050 2718 Quo-

10 2722 31 2835 ζ
77 2733 126 2804 ties
138 2734 183 2803 de
207 2733 393 2803 vocatione
410 2728 581 2802 Gentium
606 2731 758 2819 dicitnr,
789 2733 973 2803 sciendum
999 2743 1050 2802 est
1198 2726 1268 2797 Hic
1306 2750 1467 2819 expresse
1496 2729 1600 2819 ponit
1634 2754 1775 2800 causam
1814 2730 2088 2824 reprobationis,

14 2850 30 2861 “
77 2834 306 2905 commendari
331 2832 497 2921 gratiam,
532 2835 629 2927 quod
657 2857 731 2904 non
763 2847 908 2927 propter
927 2833 1050 2923 legem,
1099 2828 1181 2923 quia
1204 2830 1337 2900 scilicet
1360 2829 1481 2898 nolint
1503 2834 1646 2905 credere
1666 2829 1872 2923 Evangelio.
1926 2832 2087 2905 ldeosu·

10 2958 49 3063 ἐ·
77 2939 123 3008 sed
136 2937 246 3033 pratis
260 2949 406 3031 propter
421 2931 603 3009 Christum
627 2936 826 3027 placeamus
843 2949 907 3009 etc.
1099 2955 1161 3023 pra
1184 2932 1258 3002 dixi
1279 2930 1552 3051 similitudinem
1579 2934 1721 3053 deluto
1746 2959 1819 3005 non
1844 2937 1892 3007 ita
1908 2936 2107 3029 accipiam,

169 3103 346 3207 som
553 3100 722 3199 a...
736 3099 867 3178 aa
1098 3037 1508 3228 fassatis?
1524 3048 1621 3206 ‘te
1635 3039 1912 3209 laxatae:
1925 3032 2087 3230 eree

161 3242 329 3315 Alterum
345 3242 587 3313 testimonium
605 3258 656 3315 est
671 3240 819 3326 Esaiae,
844 3245 941 3339 quod
958 3240 1049 3315 vati·
1098 3240 1201 3332 ponit
1230 3261 1386 3323 causam,
1416 3252 1451 3308 et
1479 3241 1578 3310 addit
1608 3246 1803 3329 rationem,
1834 3264 1925 3335 quae
1955 3240 2085 3333 impios

10 3340 18 3427 ,’“
70 3350 202 3420 sinatur
214 3348 261 3419 de
272 3345 467 3415 delectione
476 3346 612 3437 populi.
636 3344 796 3417 Primum
814 3345 880 3419 ait:
896 3341 1047 3417 Etiamsi
1099 3354 1314 3428 remoratur,
1340 3364 1385 3409 ne
1405 3343 1569 3412 credant:
1597 3340 1691 3432 Quia
1706 3342 1942 3434 Evangelium
1965 3342 2083 3433 arguit

10 3434 17 3455 .
67 3450 168 3524 luerit
182 3448 310 3538 ingens
330 3447 524 3518 multitudo
545 3448 687 3539 popnli,
710 3460 831 3519 tamen
851 3449 954 3541 pauci
969 3461 1048 3519 tan·
1099 3440 1289 3515 humanam
1315 3442 1490 3513 iusticiam
1517 3458 1552 3515 et
1573 3446 1710 3532 cultus,
1736 3458 1769 3516 et
1794 3444 1963 3540 proponit
1978 3444 2086 3515 aliern

10 3544 12 3549 ¹
63 3566 137 3627 tnsn
164 3550 411 3622 salvabuntur.
467 3546 546 3618 Hoc
577 3551 652 3620 vult
682 3547 952 3641 phrasis,.eum
979 3550 1048 3622 ait:
1098 3547 1285 3617 iusticiam.
1325 3542 1394 3629 Hic
1424 3571 1503 3617 cum
1530 3541 1695 3619 homines
1715 3550 1892 3640 sapientes
1915 3547 2087 3631 iudicent,

61 3652 267 3749 Reliquiae,
297 3674 379 3719 nam
402 3650 561 3744 reliquae
582 3652 781 3741 significant
804 3675 953 3744 paucos,
986 3651 1049 3745 qui
1098 3649 1390 3719 absurdissimum
1413 3672 1486 3718 esse
1509 3646 1648 3720 detrahi
1666 3651 1806 3720 landem
1821 3651 1999 3733 iusticiae,
2023 3672 2086 3719 ex-

59 3755 192 3852 reliqni
216 3767 300 3825 sunt
319 3753 464 3822 caeteris
486 3754 669 3827 absumtis.
727 3751 866 3825 Deinde
887 3754 1049 3850 sequitur
1097 3765 1218 3823 ternae
1239 3750 1483 3835 obedientiae,
1520 3753 1603 3821 item
1627 3753 1799 3824 cultibus:
1833 3754 1917 3822 item
1941 3752 2086 3821 videant
2137 3758 2142 3767 '

50 3856 226 3957 ,repetitio
242 3853 400 3928 eiusdem
417 3855 624 3931 sententiae.
1097 3853 1242 3923 mutatis
1263 3852 1418 3922 cultibus
1441 3855 1569 3923 mutari
1601 3879 1641 3926 ac
1672 3855 1836 3946 dissipari
1858 3854 2087 3944 respublicas,

257 4014 541 4099 ⁰⁰⁸⁸“mmas30
561 4022 778 4097 “bbmi‘la
790 4036 852 4099 ⁶¹⁶·
1097 3951 1958 4151 lillliiimancthhiseteqhi:nlihlilhttmhhiashlltcehllhhh
1972 3976 2084 4149 ⁸qetihll

158 4162 431 4239 consummatio
447 4162 648 4233 abbreviata
658 4166 850 4235 exundabit
858 4160 1048 4237 iusticiam.
1098 4161 1213 4230 laedat
1225 4158 1374 4248 gloriam
1389 4156 1474 4243 Dei,
1496 4161 1638 4229 abolitis
1654 4162 1831 4245 cultibus,
1849 4160 1966 4229 laxato
1981 4160 2084 4228 lreno

56 4265 414 4351 consummationem
438 4264 533 4333 enirn
559 4279 594 4336 et
617 4265 919 4338 abbreviationem
944 4263 1047 4335 faciet
1098 4261 1195 4351 vulgi
1223 4261 1402 4331 licentiae:
1435 4262 1519 4331 item
1548 4276 1716 4356 tanquam
1733 4263 1959 4346 seditiosum,
1984 4264 2082 4355 quod

58 4372 254 4447 Dominus.
317 4365 585 4440 Consummatio
613 4367 786 4457 significat
819 4370 944 4452 linem,
984 4390 1046 4437 seu
1096 4364 1244 4454 dissipet
1268 4366 1406 4453 respub.
1475 4361 1573 4434 Haec
1603 4388 1741 4455 semper
1770 4365 1837 4434 init
1875 4364 2083 4454 principalis

56 4477 197 4548 cladem
220 4470 366 4564 populi,
399 4469 499 4562 qnasi
525 4470 635 4539 dicat:
668 4468 826 4541 Ventura
853 4482 904 4540 est
918 4492 1045 4559 magna
1095 4490 1199 4536 causa
1224 4466 1497 4556 persecutionis,
1518 4490 1559 4535 ac
1580 4464 1727 4536 ludaeos
1747 4467 1899 4535 maxime
1913 4467 2083 4550 accendit,

57 4580 179 4650 clades
196 4572 338 4665 populi,
363 4594 423 4640 sen
441 4571 622 4655 interitus,
638 4585 683 4657 ¹et
699 4585 816 4642 tamen
831 4587 916 4643 tunc
934 4595 1046 4640 extro·
1095 4571 1157 4662 qui
1177 4565 1356 4638 habebant
1369 4568 1479 4655 legem
1498 4567 1671 4641 divinitus
1687 4570 1820 4652 datam,
1846 4582 1879 4640 et
1895 4569 2011 4637 cultus
2026 4571 2081 4637 sli-

56 4680 160 4754 ‹labit
176 4675 335 4759 iusticia,
359 4674 395 4742 id
414 4688 484 4756 est,
511 4687 596 4742 tnnc
612 4673 827 4745 revelabitur
844 4688 878 4745 et
892 4673 1046 4743 donabi·
1096 4671 1228 4739 vinitns
1247 4670 1442 4743 ordinatos.

54 4802 120 4856 tor
147 4777 321 4874 promissa
347 4775 486 4846 iusticia
510 4788 543 4845 et
574 4776 795 4862 benedictio,
834 4800 914 4847 curn
952 4775 1043 4844 circa
1197 4771 1249 4841 lta
1267 4795 1363 4841 nunc
1382 4773 1541 4843 furenter
1556 4788 1588 4843 et
1607 4773 1798 4844 crudeliter
1815 4796 1880 4841 nos
1906 4773 2080 4844 insectan-

58 4888 167 4958 linem
188 4879 313 4973 populi
331 4900 457 4969 magna
470 4876 663 4948 multitudo
679 4880 832 4969 peritura
848 4891 911 4963 est,
928 4889 964 4950 ct
978 4877 1044 4946 ali·
1092 4889 1152 4946 tur
1169 4874 1382 4957 adversarii,
1407 4877 1502 4967 qnod
1521 4876 1692 4958 dicimus,
1718 4876 1786 4964 legi
1810 4899 1882 4945 non
1908 4899 2007 4966 posse
2024 4898 2079 4944 sa·

58 4990 123 5087 qni
138 4997 249 5057 erunt
270 4981 380 5068 salvi,
405 4980 467 5072 qui
491 4980 635 5051 credent
658 4979 869 5070 Evangelio,
896 4994 932 5051 et
954 4979 1045 5048 accl—
1093 4976 1233 5059 tisberi,
1260 4999 1334 5045 non
1362 4975 1543 5049 iustificari
1568 4974 1871 5048 homines'coram
1895 4976 1970 5046 Deo
1996 5001 2079 5065 pro-

60 5072 164 5183 pient'
181 5087 281 5156 illam
304 5083 514 5173 promissam
539 5082 726 5151 iusticiam.
777 5081 1044 5156 Consummatio
1094 5093 1172 5170 pter
1200 5080 1294 5148 bona
1334 5103 1461 5170 opera,
1503 5083 1563 5150 sed
1598 5081 1667 5150 lide
1707 5094 1851 5171 propter
1873 5075 2078 5150 Christum.

58 5190 284 5270 abbreviata,
312 5184 348 5254 id
366 5198 436 5267 cst,
455 5196 550 5252 certo
567 5184 749 5274 praefinita
766 5207 827 5257 seu
842 5182 1044 5256 constituta.
1092 5179 1234 5251 Deinde
1256 5181 1368 5270 magis
1387 5183 1492 5252 etiam
1520 5182 1694 5266 fremunt,
1718 5183 1861 5273 quando
1884 5181 2000 5249 cultus
2023 5204 2079 5250 re-

56 5294 191 5367 Panlns
215 5287 344 5376 allegat
367 5285 566 5355 versionem
595 5282 786 5370 Graecam,
808 5310 899 5379 qnae
923 5285 1043 5355 minus
1091 5279 1381 5375 prehenduntur‚
1407 5298 1448 5355 ot
1463 5282 1611 5371 Missae,
1634 5277 1869 5353 Monachatos
1888 5294 1921 5351 et
1938 5282 2079 5359 similia,

53 5394 241 5494 perspicua
257 5404 329 5474 est,
353 5391 415 5460 sed
432 5400 549 5460 tamen
563 5389 712 5458 candem
730 5388 940 5461 sententiam
957 5408 1043 5458 con-
1093 5382 1184 5458 Nem
1207 5381 1264 5458 his
1279 5385 1570 5460 ordinationibus
1590 5384 1751 5466 mutatis,
1783 5383 1925 5456 videtur
1944 5385 2079 5458 tabefa-

84 1770 133 1855 V
126 1774 242 1863 stabo
255 1802 329 1849 non
342 1782 491 1874 'gentem
508 1801 646 1865 meam,
670 1784 813 1872 gentem
827 1801 946 1849 meam
965 1785 1027 1849 ele.

1364 2584 1472 2687 Quid
1493 2587 1610 2687 igilm
1630 2589 1793 2668 dicemus
1803 2600 1834 2675 ?,.
