4522 5782
88 216 121 295 li
303 216 407 295 lllll.
456 204 818 291 &ENARRATlO
840 194 994 287 EPlST.
1019 200 1168 285 adult
1193 204 1263 280 All
1285 200 1550 288 ROMANOS.
1600 197 1705 292 CAP.
1732 215 1814 305 vlt.
1993 194 2081 299 Μ’-

140 388 213 465 tlte
233 380 453 463 severissime
476 390 628 461 taxanda
651 398 718 458 est‘
734 386 844 478 impia
865 384 1026 455 doctrina
1156 378 1261 449 ¹Alis
1286 392 1337 450 est
1359 381 1531 473 sapientia
1554 384 1699 476 politica
1715 390 1767 460 'de
1780 391 1873 483 lege,
1898 395 1942 465 de
1963 396 2066 470 iusti·

88 491 315 577 anchorum,
348 516 439 586 qarae
468 491 538 570 ait,
570 489 829 561 dubitationem
853 510 928 555 non
952 508 1027 556 esse
1077 481 1148 562 cia,
1174 493 1209 551 et
1233 483 1279 552 de
1300 483 1453 558 delictis.
1495 483 1538 554 ln
1564 487 1637 558 vita
1658 491 1801 581 politica
1823 495 1880 564 lex
1902 498 1991 589 regit
2003 486 2071 569 er-¹

88 610 232 681 teatum,
247 609 284 667 et
300 617 375 664 nou
393 592 546 663 ostendit
562 584 1025 661 consolationeminEvan-
1077 596 1178 653 terna
1199 582 1309 669 iacta,
1334 606 1417 671 seu,
1448 599 1490 657 nt
1519 587 1673 660 dicimus
1708 592 1837 666 usitate
1860 592 2070 670 Locomoti:

88 700 129 769 io
153 697 391 791 propositam,
424 716 515 788 quae
537 695 635 764 iubet
659 693 799 762 vincere
828 689 1025 762 dubitatio·
1077 706 1177 771 vam,
1202 697 1238 754 et
1254 686 1442 777 disciplina
1459 701 1601 759 externa
1617 692 1824 767 nominatur
1846 697 1983 770 iusticia
1999 724 2065 792 po-

88 801 224 889 ulida,
247 812 289 868 ut
303 798 436 867 dicitnr
453 793 557 866 Rom.
575 793 629 866 t:
658 793 740 864 ldeo
757 818 797 862 ex
814 793 901 875 fide,
927 805 966 863 ut
979 791 1023 861 sit
1076 784 1194 876 lilios,
1216 799 1252 855 et
1270 800 1408 857 tantum
1424 801 1567 860 externa
1591 793 1721 864 scelera
1746 798 1967 887 puniuntur,
2001 805 2064 871 sed

88 926 137 970 na
161 899 358 991 promissio.
385 895 493 968 Rom.
507 892 544 969 5.
560 919 653 985 cap:
676 895 856 965 lustifiea'ti
872 894 942 962 fide
961 915 1022 982 pa·
1074 884 1205 957 Paulus
1231 888 1368 981 inquit:
1405 888 1477 959 Lex
1501 892 1711 983 spiritualis,
1745 896 1781 965 id
1800 915 1870 986 est,
1896 924 1971 971 non
1994 924 2070 994 po.-

88 999 311 1073 nhabemus.
349 993 613 1069 lohannis16.=
635 996 790 1088 Spiritus
806 1009 944 1065 sanctus
963 1015 1022 1062 ar·
1074 987 1168 1058 lilite
1194 1002 1353 1070 lantum,
1379 994 1438 1059 sed
1465 994 1619 1083 postulat
1640 1010 1758 1067 motus
1779 1001 1996 1089 spirituales,
2022 1005 2061 1072 id
2073 1002 2087 1019 ““

88 1116 115 1174 et
140 1104 316 1172 mnndum
338 1102 383 1169 de
408 1112 570 1190 peccato,
597 1100 692 1193 quud
719 1120 792 1165 non
817 1094 1020 1166 creduntin
1074 1102 1144 1170 est,
1167 1105 1401 1179 congruentes
1420 1117 1500 1161 cum
1521 1091 1597 1165 Deo
1613 1095 1652 1164 in
1672 1112 1789 1168 mente
1805 1116 1839 1173 et
1853 1106 1973 1184 corde,
1998 1126 2065 1174 ve-
2199 1134 2212 1155 Ι

88 1255 102 1277 ,
159 1201 450 1274 flaeeerrtmilta
473 1201 565 1271 dicta
589 1197 1022 1291 opponendasunrdubi.
1073 1213 1148 1257 ram
1171 1190 1286 1260 lucem
1308 1196 1353 1261 de
1374 1191 1452 1264 Deo
1475 1206 1513 1265 et
1535 1198 1717 1268 ardentem
1737 1200 1964 1274 dilectionem
1981 1202 2060 1275 Dei.

88 1307 183 1389 inni,
214 1320 253 1375 ut
275 1304 456 1393 agnitione
479 1302 543 1369 lilii
568 1300 632 1370 Dei
656 1302 867 1371 accendatur
889 1299 974 1366 fides
989 1310 1021 1367 et
1073 1286 1120 1360 Et
1142 1290 1380 1363 ministerium
1413 1307 1464 1365 est
1494 1296 1568 1380 lex,
1608 1321 1680 1390 quo
1710 1301 1811 1373 Dens
1837 1299 2062 1391 horribiliter

88 1409 249 1479 *ivisrant
265 1406 372 1474 corda
387 1419 420 1475 et
437 1405 613 1473 laetentur
628 1403 666 1471 in
684 1400 776 1480 Deo,
799 1401 890 1470 sicut
905 1398 1020 1491 inquit
1070 1393 1227 1462 ostendit
1241 1393 1329 1462 iram
1345 1418 1444 1464 suam
1459 1410 1582 1467 contra
1598 1415 1737 1489 peccata
1753 1401 1791 1471 in
1808 1406 1976 1476 omnibus
1991 1402 2063 1477 ho·-

88 1505 223 1591 „hiag
251 1506 309 1576 Tu
333 1506 457 1575 eruisti
482 1504 637 1571 animam
653 1526 788 1586 meam,
814 1517 854 1572 ur
871 1524 945 1570 non
960 1524 1019 1590 pe.
1071 1493 1250 1579 minibus,
1277 1495 1343 1587 qui
1357 1519 1428 1564 nun
1446 1515 1650 1585 congruunt
1665 1526 1746 1572 cum
1761 1501 1856 1589 Deo,
1887 1507 1985 1579 iusta
1998 1508 2059 1577 di-

88 1634 165 1689 em,
190 1606 367 1698 proiecisti
384 1620 461 1696 post
484 1619 621 1695 tergum
638 1617 778 1693 peccata
795 1626 882 1675 mea.
1071 1607 1167 1665 ctum
1187 1595 1233 1665 de
1254 1597 1429 1686 spirituali
1454 1597 1604 1670 iudicio:
1640 1599 1738 1673 Deus
1769 1621 1821 1679 cst
1847 1608 1939 1696 ignis
1968 1632 2059 1682 con·

137 1710 224 1781 Post
242 1704 332 1778 hanc
348 1708 636 1795 consolationem}
647 1700 754 1774 homo
770 1704 877 1773 servit
900 1703 938 1772 in
954 1726 1019 1770 no·
1071 1717 1224 1768 sumens.
1992 1704 1999 1719 ·

88 1826 145 1883 ate
168 1811 332 1900 spiritus,
367 1809 499 1888 idest,
533 1809 571 1877 in
597 1807 690 1876 vitae
712 1819 874 1876 aeternae
895 1804 1020 1887 initiis,
1171 1795 1274 1867 Hanc
1289 1799 1488 1869 doctrinam
1503 1801 1547 1871 de
1562 1802 1639 1892 lege
1653 1816 1688 1876 et
1703 1805 1747 1873 de
1764 1824 1922 1896 peccato,
1946 1833 2056 1904 quam

88 1912 243 1983 motibus
259 1932 348 2003 quos
362 1911 521 1980 accendit
536 1908 692 1999 Spiritus
706 1921 866 1991 sanctus,
890 1906 951 1998 qui
969 1918 1018 1973 est
1071 1892 1128 1965 hic
1151 1895 1283 1968 Paulus
1306 1901 1448 1986 recitat,
1478 1903 1555 1972 vult
1577 1901 1674 1974 Deus
1698 1911 1854 2000 conspici
1876 1926 1911 1983 et
1932 1928 2055 1987 notam

88 2039 135 2084 or
151 2030 185 2085 et
201 2013 331 2083 laetitia
348 2011 608 2094 substantialis,
638 2022 674 2078 et
687 2009 857 2100 copulant
873 2029 937 2075 nos
951 2007 1019 2075 sibi
1070 2019 1142 2067 esse
1157 1999 1196 2067 in
1218 1996 1394 2085 Ecclesia,
1419 2003 1500 2074 vult
1513 2002 1664 2095 intelligi
1687 2007 1773 2100 quid
1796 2012 1843 2082 sit
1862 2025 2057 2103 peccatum,

88 2139 200 2189 arnus
216 2126 360 2206 pateret
376 2113 470 2182 filius
489 2108 557 2182 hoc
580 2136 644 2181 suo
659 2111 804 2201 spiritu,
830 2108 891 2202 qui
913 2108 1018 2179 talem
1071 2099 1147 2169 vult
1176 2100 1259 2170 sciri
1286 2116 1465 2171 externam
1487 2104 1712 2195 disciplinam
1749 2132 1823 2182 non
1855 2113 2056 2185 satisfacere

88 2243 190 2287 orem
208 2230 241 2287 et
256 2215 424 2285 laetitiam
442 2215 609 2284 exuscitat
633 2213 670 2280 in
692 2211 814 2294 nobis,
839 2210 954 2303 qualis
969 2222 1018 2277 est
1070 2200 1139 2289 legi
1162 2199 1249 2287 Dei,
1281 2215 1316 2271 et
1340 2227 1413 2272 non
1445 2227 1519 2274 esse
1541 2205 1716 2277 iusticiam
1742 2232 1858 2284 coram
1884 2210 1981 2294 Deo,
2014 2227 2058 2285 ut

88 2343 118 2389 e.
173 2317 354 2388 Praecedit
374 2330 491 2387 autern
518 2311 610 2384 hanc
635 2312 806 2383 laetitiam
829 2310 1019 2391 dolorille,
1069 2302 1312 2392 confugiamus
1331 2306 1376 2375 ad
1395 2305 1507 2376 filium
1521 2304 1607 2393 Dei,
1632 2322 1667 2378 et
1685 2309 1861 2384 discamus
1878 2310 1970 2387 hanc
1987 2317 2056 2387 do·

92 2444 170 2512 quo
193 2417 414 2507 agnoscimus
436 2430 637 2509 peccatum,
679 2428 713 2484 et
739 2413 909 2482 sentimus
928 2414 1017 2481 iram
1040 2409 1047 2520 Ι
1069 2404 1239 2489 stainam,
1264 2407 1309 2474 de
1333 2431 1401 2499 qua
1424 2406 1556 2477 dicitur
1578 2409 1617 2478 in
1640 2406 1765 2484 Esaia:
1797 2414 1936 2487 Noricis
1960 2416 2056 2490 cervi

88 2522 100 2589 i
124 2523 292 2590 adversus
317 2531 507 2608 peecatum.
562 2514 615 2585 De
645 2510 713 2585 hoc
735 2516 860 2584 dolore
886 2512 1018 2607 inquit:
1071 2505 1521 2579 neiiunificabismultoa.

88 2622 175 2692 »nni
191 2620 276 2711 legi,
302 2642 372 2713 qua
390 2619 519 2710 captivi
542 2619 760 2688 tenebamur.
1113 2670 1116 2681 .
1172 2607 1320 2678 Summa
1342 2624 1458 2680 autem
1481 2605 1587 2680 huius
1611 2610 1827 2687 narrationis
1847 2619 1941 2709 apud
1958 2616 2055 2691 Pau.

970 2760 973 2765 -
1071 2709 1144 2778 lum
1161 2723 1230 2794 est,
1254 2711 1350 2801 quod
1370 2733 1443 2779 non
1463 2709 1574 2781 simus
1590 2712 1665 2803 lege
1683 2713 1785 2805 iusti,
1811 2732 1850 2791 ut
1864 2743 1965 2811 saepe
1981 2723 2053 2790 iam

88 2779 501 2883 leidigitardicemus,
523 2776 626 2855 Nam
644 2778 707 2852 lex
718 2791 902 2880 peccatam
917 2778 996 2852 est?
1052 2810 1203 2890 ¹dictum
1219 2822 1287 2893 m,
1311 2809 1706 2905 etpaulusexemplum
1730 2822 1774 2889 de
1794 2843 1862 2891 um
1887 2821 1974 2915 legis
1996 2845 2054 2893 m·

135 2916 222 2986 Post
242 2915 495 3005 digressionem
519 2913 611 2982 redit
642 2913 688 2981 ad
711 2912 936 2982 collationem
961 2932 1022 2980 su·
1070 2914 1172 2997 citat,
1195 2911 1363 3002 seipsum
1384 2936 1603 3005 proponens,
1629 2929 1662 2985 rt
1674 2916 1843 3013 ⁸loquitur
1854 2922 1900 2991 de
1914 2946 1951 2993 se
1967 2947 2055 2995 eon·

88 3019 346 3102 tinstitutam‚
379 3018 425 3085 de
454 3028 615 3106 peccato,
650 3014 724 3102 lege
755 3027 791 3084 et
813 3015 945 3104 gratia:
981 3037 1021 3081 ac
1070 3035 1170 3082 verso
1188 3012 1257 3082 iam
1271 3016 1314 3081 ad
1325 3009 1460 3111 Deum,
1484 3028 1517 3084 et
1531 3039 1592 3084 sua
1611 3040 1759 3107 persona
1777 3026 2054 3118 tanquamApo-

88 3120 224 3212 tecipue
248 3115 306 3187 hic
328 3118 560 3187 concionatur
584 3118 636 3190 ¹de
658 3138 726 3183 usu
755 3115 859 3204 legis,
894 3129 935 3185 ut
955 3109 1020 3183 has
1072 3114 1174 3195 stoli,
1201 3114 1372 3204 significat
1387 3116 1507 3186 eadem
1530 3116 1605 3185 lieri
1629 3117 1667 3186 in
1683 3122 1763 3191 aliis
1782 3125 1873 3196 vivis
1887 3125 2056 3197 membris

88 3246 126 3295 ss
144 3220 334 3313 opiniones
358 3242 432 3288 non
454 3231 591 3289 tantum
616 3216 655 3284 in
675 3213 833 3302 ludaeis,
859 3218 919 3286 sed
936 3215 1016 3284 uni·
1071 3212 1270 3301 Ecclesiae,
1295 3216 1384 3287 sicut
1401 3216 1556 3306 exempla
1570 3219 1755 3292 universae
1770 3220 1945 3299 Ecclesiae
1958 3241 2056 3311 sunt.

88 3324 221 3394 realiter
235 3322 273 3390 in
288 3321 457 3391 omnibus
471 3319 603 3389 animis
618 3313 801 3389 haerentes
816 3319 990 3387 emendet.
1070 3318 1257 3390 conversio
1283 3312 1449 3404 Davidis,
1475 3316 1649 3389 Ezechiae
1662 3337 1697 3395 et
1713 3326 1878 3402 aliorum.

137 3419 278 3495 Omnes
291 3422 387 3492 enim
404 3422 646 3511 imaginantur
659 3420 895 3512 disciplinam,
912 3442 1017 3512 qnam
1168 3418 1218 3491 Ut
1243 3433 1359 3490 autem
1382 3420 1578 3510 exemplum
1603 3422 1662 3495 liat
1691 3424 1847 3514 illustre,
1882 3451 2055 3521 ponamus

88 3548 145 3596 mo
167 3541 348 3618 utcunque
372 3541 547 3614 praestare
567 3533 702 3612 potest,
727 3520 924 3593 satisfacere
949 3518 1018 3609 legi
1068 3537 1138 3594 tres
1154 3515 1341 3592 hominum
1358 3526 1501 3611 gradus.

88 3629 123 3714 i,
148 3640 185 3697 et
199 3649 272 3695 esse
289 3626 464 3695 iusticiam
487 3647 607 3694 coram
631 3618 729 3709 Deo,
755 3647 820 3693 nec
844 3623 941 3694 videt
961 3645 1018 3692 ra·
1169 3619 1271 3694 Unus
1288 3636 1338 3692 est
1359 3621 1574 3707 carnalium,
1600 3625 1663 3719 qui
1685 3626 1811 3700 vivunt
1833 3632 1964 3721 securi,
1991 3655 2053 3704 seu

101 3728 385 3817 magnitudinem
402 3727 533 3817 peccati
549 3725 587 3793 in
606 3738 731 3796 natura
749 3720 915 3800 humana.
1068 3741 1106 3798 ut
1121 3722 1308 3817 Epicurei,
1335 3746 1396 3793 seu
1420 3737 1459 3794 ut
1482 3722 1682 3814 Pharisaei,
1708 3753 1772 3799 nec
1795 3726 1928 3804 habent
1951 3756 2053 3803 veros

137 3828 272 3900 Contra
295 3852 380 3898 vcro
405 3828 535 3897 Paulus
559 3822 617 3895 hic
643 3827 813 3912 affirmat,
839 3826 1018 3895 neminem
1070 3849 1216 3920 pavores
1231 3825 1474 3897 conscientiae.
1531 3826 1620 3897 'l'ale
1647 3828 1739 3899 vitae
1762 3854 1874 3923 genus
1890 3834 2054 3905 nominat

100 3929 170 4003 hac
187 3945 335 4001 natrarae
364 3928 615 4019 depravatione
637 3928 706 4015 legi
729 3926 794 3997 Dei
821 3929 1021 3998 satisfacere
1070 3928 1128 4001 bic
1149 3929 1268 3998 vivere
1300 3926 1378 3998 sine
1406 3928 1500 4015 lege,
1533 3930 1666 4000 scilicet
1697 3931 1878 4005 iudicante
1910 3959 1973 4006 seu
1995 3957 2055 4005 as·

88 4058 161 4119 sse,
191 4045 226 4102 et
251 4028 414 4101 hemines
439 4051 662 4123 nequaquam
694 4029 807 4099 iustos
829 4052 903 4099 esse
934 4029 1021 4117 lege,
1069 4044 1231 4121 cusante,
1266 4029 1349 4123 quia
1372 4026 1485 4098 lerin
1504 4029 1576 4099 illis
1599 4032 1760 4102 nondum
1786 4031 1892 4107 habet
1917 4034 2053 4127 princi-

88 4140 95 4207 l
118 4137 167 4207 ab
188 4158 228 4203 ea
251 4133 391 4203 ostendi
415 4133 504 4201 iram
532 4131 599 4201 Dei
628 4131 797 4200 adversus
830 4144 1021 4220 peccatum.
1071 4135 1183 4226 palem
1208 4132 1390 4217 ellectum,
1420 4144 1459 4200 ut
1481 4133 1643 4202 ostendat
1660 4147 1693 4205 et
1708 4151 1846 4208 accuset
1862 4152 2054 4228 peccatum.
2186 4170 2197 4183 =

97 4260 163 4309 res
179 4236 254 4331 ipsa
270 4234 425 4305 ostendit
444 4231 592 4302 Paulum
607 4226 666 4301 hic
682 4256 754 4301 non
770 4233 878 4302 rixari
901 4234 947 4302 de
964 4256 1020 4301 ce·
1069 4236 1141 4307 Lex
1162 4235 1257 4304 enim
1278 4246 1363 4303 tunc
1387 4255 1469 4301 vere
1490 4232 1563 4303 Lex
1587 4234 1737 4317 dicitur,
1770 4242 1912 4309 cumin
1934 4252 2053 4310 mente

88 4338 225 4421 noniis,
256 4340 317 4405 sed
343 4335 546 4407 concionari
571 4337 617 4403 de
640 4334 826 4425 decalogo,
860 4337 904 4403 de
929 4336 1022 4403 ine·
1071 4361 1151 4408 vere
1166 4335 1398 4422 intelligitur,
1423 4347 1455 4403 et
1478 4336 1612 4404 iudicat
1628 4352 1662 4404 et
1675 4354 1813 4411 accusat
1827 4342 1953 4426 corda,
1978 4364 2053 4410 non

88 4443 195 4512 ribus
213 4438 331 4522 melis,
353 4441 397 4506 de
413 4436 568 4507 tenebris
585 4437 623 4504 in
639 4451 757 4507 mente
776 4433 952 4520 humana,
975 4437 1021 4503 de
1070 4465 1149 4512 eum
1165 4437 1306 4510 tabulae
1321 4437 1474 4526 pendent
1490 4436 1526 4502 in
1544 4435 1746 4526 parietibus.

88 4542 282 4623 bitatione,
323 4541 367 4609 de
394 4536 612 4628 neglectione
639 4534 725 4622 Dei,
762 4551 796 4607 et
829 4536 1020 4630 multiplici
1169 4540 1352 4611 Secundus
1374 4539 1503 4625 gradus
1524 4550 1572 4604 est
1598 4560 1738 4622 eorum,
1764 4541 1826 4632 qui
1842 4541 2055 4632 opprimam.
2139 4580 2141 4585 -

88 4642 261 4717 atumacia
284 4643 322 4712 in
341 4643 449 4711 corde
470 4634 629 4708 humano
643 4641 811 4709 adversus
824 4640 965 4724 Deum,
987 4651 1022 4708 et
1070 4657 1130 4714 tur
1149 4640 1344 4711 terroribus
1372 4650 1405 4706 et
1435 4636 1649 4706 cruciatibus
1676 4643 1932 4729 conscientiae,
1963 4644 2055 4715 sicut

93 4742 266 4816 horribili
291 4744 424 4813 iudicio
445 4757 480 4812 et
501 4741 553 4809 ira
575 4738 641 4810 Dei
662 4744 831 4811 adversus
855 4737 940 4810 haec
962 4739 1018 4808 in·
1070 4743 1174 4815 ludas
1188 4755 1224 4812 et
1238 4740 1338 4812 Saul.
1377 4736 1423 4806 lli
1442 4741 1526 4830 qrria
1542 4763 1616 4807 nun
1630 4742 1782 4812 audiunt
1798 4768 1918 4815 vocem
1932 4742 2054 4814 Evan-

88 4845 289 4918 ioramala.
343 4844 428 4914 ldeo
445 4844 527 4912 citat
544 4841 655 4929 legem
671 4866 711 4912 ex
726 4844 913 4931 decalogo:
939 4841 1020 4911 Non
1070 4845 1170 4934 gelii,
1200 4842 1433 4913 succumbunt
1464 4840 1501 4908 in
1535 4837 1590 4909 his
1619 4845 1817 4914 terroribus
1837 4859 1871 4916 et
1894 4846 2054 4916 sentiunt

88 4948 284 5035 acupisces,
308 4971 378 5038 qua
399 4944 637 5036 appellatione
660 4946 832 5032 siguificat
854 4942 945 5014 hanc
967 4957 1021 5014 to·
1071 4970 1108 5017 se
1124 4943 1306 5029 damnari,
1328 4942 1410 5011 ideo
1433 4936 1648 5035 hicinquit:
1678 4943 1851 5016 Veniente
1872 4947 1948 5034 lege
1971 4968 2054 5037 pee-

88 5045 311 5133 ιιάταξίαν,
342 5051 387 5115 de
405 5070 475 5140 qua
505 5044 598 5114 inira
622 5043 724 5116 dicit:
749 5046 882 5117 Sensus
906 5045 1023 5115 carnis
1071 5061 1186 5118 catum
1209 5045 1355 5128 revixit,
1382 5044 1417 5112 id
1436 5056 1509 5127 est,
1532 5043 1648 5133 coepit
1664 5067 1738 5116 esse
1756 5050 1892 5130 efficax,
1917 5060 1952 5119 et
1967 5042 2054 5117 hor-

88 5152 226 5221 anicitia
251 5165 301 5221 est
324 5153 493 5218 adversus
515 5147 645 5217 Deum.
703 5142 752 5217 Et
777 5145 943 5216 leremias
964 5146 1021 5215 in-
1071 5150 1169 5220 rilrili
1187 5161 1322 5220 terrore
1339 5170 1396 5216 me
1419 5146 1611 5235 oppressit,
1636 5161 1672 5217 et
1691 5172 1756 5236 ego
1779 5161 1943 5218 mortuns
1963 5170 2055 5223 sum.

88 5254 132 5326 it:
166 5252 378 5322 Perversnm
402 5263 453 5320 est
481 5271 543 5319 cor
568 5240 724 5319 hominis
746 5272 827 5338 erga
845 5248 964 5319 ornnia
986 5259 1022 5318 et
1071 5250 1147 5321 Nisi
1161 5250 1256 5319 enim
1271 5245 1404 5318 Paulus
1418 5247 1608 5317 audivisset
1626 5272 1745 5316 vocem
1760 5245 2054 5343 Evangelii,·ipse

88 5377 304 5429 rumnosum·
1073 5375 1215 5450 quoque
1229 5350 1388 5444 periisset
1413 5348 1453 5419 iu
1469 5344 1525 5420 his
1542 5348 1751 5425 terroribus.
