4522 5782
106 192 188 285 stit
283 163 482 267 asts·
715 129 1788 269 eumuna.sscatera.uxuottrrea.2..z=‘rrr.
1837 178 1939 253 ,sus
2064 180 2124 271 aq

113 370 274 467 generale
294 376 433 439 'nomen'
451 378 523 446 “ts
556 364 793 456 complectens
813 361 935 433 omnia
955 358 1110 452 peciam,
1160 367 1279 460 aliqua
1309 364 1350 434 in
1372 365 1478 434 nobis
1497 365 1544 434 de
1565 356 1798 435 Deo'notieis
1812 390 1834 450 ,·
1852 356 1907 434 ¹ut
1927 358 2063 433 dietum
2081 370 2124 445 q

32 536 36 541 .
114 472 360 547 contraDeum
376 483 413 541 et
424 463 605 539 homines:
626 467 798 558 significet
812 467 908 535 enirn
923 464 1109 534 universa·
1160 466 1303 540 Deinde
1315 468 1416 537 addit
1433 465 1581 551 Paulus,
1606 463 1846 557 Haneipsem
1864 462 2035 536 noticiam
2059 460 2124 537 deti

107 580 184 650 dem
202 572 494 645 inobedientiam.
1163 571 1245 641 neri·
1269 570 1308 638 in
1337 569 1535 654 iniusticia,
1566 569 1604 637 id
1633 581 1707 652 est,
1742 567 1963 640 voluntatem
1994 561 2124 635 bomini

1164 696 1225 743 seu
1247 696 1327 753 cor,
1361 695 1436 741 non
1460 670 1621 740 assentiri
1649 667 1706 739 bis
1731 668 1894 749 noticiis,
1928 690 1997 738 nee
2016 668 2124 737 obterr

1164 796 1301 874 perare.
1360 771 1483 843 Multo
1507 772 1663 862 penitius
1686 770 1896 861 introspexit
1923 783 2060 839 mentes
2082 763 2124 841 ht

224 877 424 949 Veritatem
453 888 553 945 vocat
584 873 752 943 noticiam
780 873 866 962 Dei,
908 896 970 943 sen
1003 871 1114 961 legem
1165 899 1307 971 manas,
1339 900 1445 965 quam
1466 871 1714 965 Philosophi·
1749 871 1819 943 Hic
1842 872 1976 960 colligit
1998 866 2124 1057 ingen}

122 998 281 1057 naturae.
334 976 426 1049 Cum
443 979 537 1047 enim
553 987 750 1065 arguuntur
764 990 903 1066 peccata
920 976 958 1043 in
975 973 1115 1064 praedi·
1167 979 1264 1050 vitia.
1330 973 1418 1045 Esse
1440 972 1556 1046 Deum
1588 988 1769 1067 utcunque
1798 975 1921 1045 statuit
1942 996 2063 1062 mens,
2104 982 2108 989 '

125 1087 263 1159 catione
289 1080 548 1172 poenitentiae,
590 1079 718 1147 citatur
751 1079 827 1161 lex,
860 1081 953 1147 sicut
980 1074 1115 1144 Paulus
1168 1081 1251 1173 quia
1278 1079 1377 1148 videt
1405 1078 1531 1148 florere
1556 1077 1756 1169 improbos,
1789 1089 1825 1146 et
1848 1076 1985 1146 duriter
2006 1088 2124 1163 exerce

127 1186 262 1281 inquit:
288 1182 357 1253 Per
372 1181 484 1270 legem
503 1180 658 1269 cognitio
677 1180 819 1269 peccati.
871 1177 924 1249 lta
947 1174 1007 1245 bic
1030 1177 1117 1244 atte-
1169 1186 1301 1266 bonos‚
1327 1181 1523 1272 etquidem
1548 1204 1567 1247 a
1591 1180 1787 1264 sceleratis,
1811 1200 1831 1247 a
1854 1178 2019 1270 tyrannis
2034 1176 2124 1253 cnrdt

128 1302 186 1379 gat
200 1288 310 1376 legem
327 1297 491 1360 naturae,
519 1283 568 1352 ait
582 1304 706 1349 omnes
722 1275 887 1349 immines
901 1276 1034 1349 babere
1050 1278 1116 1347 ali·
1169 1287 1253 1354 liter
1268 1282 1439 1364 interfici,
1466 1283 1593 1371 incipit
1617 1281 1783 1351 dubitare
1802 1302 1846 1346 an
1864 1276 1962 1349 Deus
1984 1291 2082 1349 curet
2100 1296 2124 1363 rt

130 1400 235 1485 quam
267 1386 336 1457 Dei
366 1386 543 1454 noticiam·
601 1380 672 1452 Per
699 1378 790 1451 hanc
811 1396 949 1451 accuset
973 1394 1008 1450 et
1031 1402 1118 1449 con·
1170 1383 1366 1462 humanas,
1395 1407 1439 1452 an
1457 1383 1582 1474 puniat
1598 1382 1796 1470 sceleratos,
1823 1404 1867 1449 an
1883 1368 2124 1455 beneficiasti

134 1496 277 1563 demnat
300 1510 440 1558 omnes:
473 1485 567 1575 Quia
592 1484 686 1553 enim
712 1485 842 1553 scimus
864 1484 998 1572 legem,
1018 1494 1051 1550 et
1066 1495 1119 1552 ta·
1170 1488 1238 1557 nis.
1292 1485 1429 1556 iudicat
1445 1485 1558 1556 Deum
1581 1499 1642 1555 aut
1666 1508 1738 1554 non
1762 1506 1887 1553 curare
1901 1505 1958 1552 res
1976 1472 2124 1555 humant

132 1616 214 1661 men
241 1614 314 1659 non
339 1589 541 1657 obedimus:
573 1585 646 1655 Lex
669 1610 758 1678 quae
781 1599 832 1654 est
852 1584 1025 1655 iudicium
1040 1581 1120 1672 Dei,
1172 1602 1232 1659 aut
1255 1610 1329 1656 esse
1351 1588 1551 1671 crudelem,
1576 1587 1638 1679 qui
1663 1601 1733 1655 ram
1757 1584 1970 1654 imbecillem
1998 1578 2124 1677 netad

133 1706 271 1763 accusat
288 1705 322 1760 et
339 1693 551 1759 condemnat
569 1711 701 1757 omues.
755 1684 916 1756 Primum
933 1686 1041 1775 igitur
1057 1687 1121 1753 ad·
1172 1690 1373 1760 oneraverit
1398 1691 1507 1758 tantis
1532 1689 1803 1757 calamitatibus.
1857 1682 1911 1755 Ex
1934 1681 2124 1769 baedobit¹

136 1796 304 1865 minuendi
328 1806 411 1860 suut
434 1789 605 1869 studiosi,
647 1803 686 1857 ut
708 1789 898 1877 diligenter
918 1788 1122 1858 discernant
1174 1790 1670 1881 rioneeecaligineoriuntur
1693 1789 1805 1858 multa
1830 1788 1933 1858 vitia:
1968 1784 2041 1858 Cot
2063 1776 2124 2079 ri

121 834 124 841 Ι
156 816 160 823 ,
253 736 334 839 Qui
348 737 532 811 ceritatem
549 735 588 806 in
603 732 794 807 iniusta'cr'a
812 732 984 810 detinent.

138 1899 250 1984 legem
273 1907 306 1963 et
327 1892 570 1981 Evangelium.
636 1890 768 1983 Aliqua
791 1891 878 1979 legis
901 1889 1031 1960 noticia
1055 1911 1121 1957 no·
1175 1910 1289 1983 metu,
1322 1894 1468 1976 fiducia,
1505 1892 1696 1962 dilectione
1716 1891 1799 1961 Dei:
1839 1887 1991 1961 Etcum
2016 1889 2061 1959 sit
2099 1887 2108 1907 ⁸

139 2000 275 2067 hiscum
292 1995 469 2078 nascitur,
492 1994 556 2062 etsi
575 1994 613 2062 in
630 1987 694 2062 bac
710 1994 962 2083 depravatione
975 2004 1122 2061 naturae
1175 1998 1294 2074 ireno,
1335 1997 1553 2086 obtemperat
1578 1993 1831 2082 cupiditatibus
1860 2005 1984 2062 eontra
2013 1989 2085 2061 noti

140 2096 315 2169 irumanae
338 2111 390 2166 est
420 2096 623 2184 obscurior,
659 2118 731 2162 nou
752 2109 870 2165 tamen
894 2115 1037 2185 prorsus
1058 2093 1124 2162 ob·
1173 2095 1365 2167 naturales.
1429 2094 1576 2166 Etiamsi
1602 2097 1667 2165 scit
1690 2094 1790 2164 Paris
1812 2094 1984 2163 iniustum
2003 2094 2124 2169 esse!

127 2202 276 2271 -literata
300 2212 362 2272 est.
435 2197 530 2268 Sunt
553 2211 668 2267 autem
693 2191 759 2265 bae
789 2197 940 2265 noticiae
964 2197 1008 2263 de
1031 2191 1124 2264 Deo:
1163 2223 1259 2289 -pere
1280 2198 1427 2267 alterins
1442 2199 1646 2285 coniugem,
1672 2211 1789 2266 tamen
1815 2196 1903 2284 gerit
1922 2206 2124 2264 mor-ems!

127 2299 250 2389 ¹(lund
271 2302 318 2369 sit
336 2299 431 2370 Deus
454 2321 567 2382 arnus,
607 2299 800 2366 immensae
822 2296 1025 2388 potentiae,
1066 2317 1123 2364 sa·
1179 2301 1342 2389 libidini,
1378 2313 1554 2369 contemto
1577 2296 1665 2371 Deo.
1727 2293 1880 2367 Erudite
1901 2297 2012 2387 igitur
2033 2290 2124 2367 decet

143 2404 262 2493 picus,
303 2403 436 2482 iustus,
471 2403 604 2482 bonus,
637 2401 802 2468 conditor
835 2412 869 2469 et
902 2414 1127 2467 conservator
1178 2403 1247 2494 psit
1261 2400 1394 2470 Paulus
1415 2401 1656 2469 infirmitatem
1672 2394 1885 2482 humanam,
1910 2390 2124 2473 attribuiti!¹

144 2518 301 2582 naturae,
326 2502 478 2592 puniens
494 2502 644 2571 iniustos
660 2515 693 2570 et
708 2502 911 2584 sceleratos,
938 2500 1127 2568 exaudiens
1178 2505 1268 2573 mini
1298 2503 1465 2572 noticiam
1489 2503 1664 2594 aliquam,
1705 2515 1741 2570 et
1764 2515 1883 2570 tamen
1905 2514 2054 2571 testatur
2080 2493 2124 2569 bd

144 2621 362 2689 asservans,
406 2627 476 2671 uon
500 2603 628 2691 gratis,
671 2627 745 2671 nnn
777 2626 855 2672 reos
879 2601 1029 2693 peceati,
1062 2603 1124 2669 sed
1179 2605 1334 2675 noticiae
1351 2627 1416 2672 nec
1438 2604 1620 2688 assentiri,
1646 2626 1710 2672 nec
1732 2604 1976 2692 obtemperare
2001 2601 2124 2671 volrrnt

146 2710 255 2777 iustos
286 2730 325 2774 ac
355 2706 528 2787 mundos,
569 2706 662 2796 quod
691 2706 769 2774 Deo
803 2705 850 2773 sit
879 2704 1128 2783 obediendum,
1160 2719 1249 2776 -tcm
1276 2729 1337 2775 seu
1363 2729 1443 2784 cor,
1476 2708 1572 2798 quod
1597 2718 1649 2774 est
1669 2726 1871 2773 aversuma
1899 2700 1999 2786 Deo,
2033 2717 2065 2772 et
2088 2700 2124 2773 ἅ

145 2811 240 2901 quod
273 2807 463 2899 praecipiat
498 2803 670 2887 honesta,
709 2830 748 2874 ac
780 2800 965 2897 prohibeat
1000 2803 1129 2893 turpia,
1180 2808 1335 2876 motibus
1361 2808 1513 2891 divinis,
1553 2831 1627 2875 sese
1650 2819 1762 2886 amat,
1802 2829 1876 2875 non
1900 2803 2039 2895 Deum,
2082 2802 2124 2873 idt¹

145 2909 283 3001 turpia,
314 2912 409 3001 quod
439 2908 606 2977 inseverit
628 2907 757 2976 animis
784 2905 913 2976 uostris
939 2906 1128 2975 discrimen
1180 2910 1317 2999 rapitur
1331 2909 1485 2977 motibus
1503 2909 1704 2978 errantibus
1727 2932 1765 2977 ac
1790 2908 1896 2976 variis
1919 2922 2043 2976 contra
2066 2928 2124 2973 mat

143 3007 375 3081 honestorum
393 3022 427 3078 et
443 3010 612 3101 turpium.
664 3006 741 3076 Hae
759 3024 843 3079 suut
865 3006 1041 3078 naturales
1062 3030 1129 3074 ηο-

144 3113 263 3198 tieiae,
290 3106 378 3204 quas
400 3111 563 3181 audimus
585 3111 689 3180 nohis
713 3111 751 3177 in
774 3111 986 3180 conscientia
1004 3130 1128 3199 perpe·

145 3229 207 3284 tuo
224 3215 483 3284 concionantes.
536 3213 616 3282 Non
637 3210 739 3282 novit
756 3213 846 3282 ratio
862 3210 1033 3281 naturalis
1049 3232 1128 3297 gra-

1165 3014 1302 3080 'datum
1323 3006 1402 3080 Dei.
1462 3007 1559 3080 Haec
1584 3010 1704 3079 omnia
1729 3010 1899 3097 significat
1927 3006 2078 3091 Paulus,
2107 3007 2124 3076 it

1180 3114 1305 3205 quiens
1326 3112 1508 3181 veritatem
1530 3112 1701 3196 detineri,
1734 3124 1900 3202 tanquam
1929 3113 2101 3203 captivam
2120 3108 2124 3143 “·

1180 3215 1376 3293 iniustitia,
1403 3215 1438 3281 id
1464 3227 1532 3298 est,
1556 3216 1728 3304 pravitate
1744 3213 1936 3283 voluntatis
1958 3235 2019 3281 seu
2035 3209 2124 3281 cordi

147 3319 272 3386 tuitam
288 3315 603 3393 condonationem,
631 3328 691 3383 aut
708 3314 1028 3384 reconciliationem
1046 3334 1129 3400 pro·

146 3433 225 3513 pter
233 3406 429 3500 Christum,
451 3417 510 3484 sed
528 3429 577 3485 est
594 3416 680 3503 legis
696 3416 826 3485 uoticia
843 3415 1027 3508 requirens
1042 3438 1130 3480 eorr-

147 3518 320 3591 ditionem
337 3531 477 3586 nostrae
494 3516 732 3585 obedieutiae:
764 3516 897 3587 iudicat
917 3539 977 3584 eos
992 3526 1128 3584 tautum

134 3620 283 3711 'plaeere
298 3616 395 3699 Deo,
419 3619 479 3712 qui
496 3631 577 3687 sunt
592 3616 668 3688 sine
683 3632 837 3710 peccato.
887 3615 984 3687 Haec
999 3630 1051 3687 est
1066 3640 1130 3684 na-

149 3712 279 3791 turalis·
296 3744 364 3789 vox
386 3721 629 3794 eonscientiae.
696 3718 765 3791 Sed
791 3717 1025 3810 Evangelium
1047 3742 1130 3808 pro·

148 3824 258 3894 mittit
281 3823 468 3912 gratuitam
490 3820 789 3891 condonationem
813 3836 847 3891 et
868 3820 1129 3891 reconciliatio-

148 3950 230 3995 nem
245 3936 389 4014 propter
405 3922 518 3993 filium
532 3923 609 3996 Dei.
660 3921 757 3992 Haec
778 3925 907 3993 noticia
925 3947 999 3992 non
1016 3922 1130 3990 nasci-

1180 3340 1271 3486 pprae
1299 3329 1370 3400 est,
1409 3328 1448 3385 ut
1478 3316 1569 3385 iutra
1594 3316 1752 3405 dicitur,
1785 3315 1972 3384 inimicitia
2002 3318 2124 3383 advers

1216 3442 1308 3490 eum.

1181 3580 1375 3682 Quatenus
1415 3584 1509 3657 mim
1538 3582 1644 3657 Deus
1678 3585 1849 3682 cognosci
1876 3595 2022 3684 potest,
2061 3592 2124 3657 acta

1605 3698 1656 3758 est
1684 3690 1748 3761 ιίε.

1286 3821 1472 3915 Expositio
1498 3838 1550 3895 est
1572 3827 1766 3918 superioris
1794 3826 2065 3918 propositionis:
2100 3820 2124 3894 li

1182 3927 1277 3996 enim
1306 3928 1433 4015 allegat
1459 3927 1570 4015 legem
1600 3943 1772 4012 naturae,
1814 3943 1848 4000 et
1881 3952 2043 4020 expresse
2069 3928 2124 3997 dic

1182 4029 1338 4120 quaesit
1361 4029 1424 4098 ills
1449 4029 1580 4099 veritas
1602 4030 1639 4098 in
1666 4032 1845 4101 mentibus
1870 4025 2079 4112 bominum,
2108 4052 2124 4098 ι

1182 4154 1293 4218 gugns
1309 4143 1343 4201 et
1360 4153 1527 4201 accusans
1543 4154 1619 4205 nos.
1658 4129 1723 4203 Est
1739 4132 1870 4204 noticia
1885 4133 2004 4224 inquit
2019 4134 2064 4202 de
2080 4129 2124 4202 lit

1182 4247 1218 4303 et
1232 4248 1386 4303 caeterae
1400 4232 1570 4318 noticiae,
1597 4258 1686 4325 quae
1709 4251 1882 4305 vocantur
1902 4234 1997 4324 leges
2012 4246 2124 4304 natura

1181 4332 1347 4428 Syntaxis
1363 4334 1582 4404 observanda
1604 4349 1670 4404 est:
1698 4333 1895 4406 invisibilia
1917 4337 2014 4422 eius,
2038 4334 2124 4406 videl

1181 4449 1235 4506 cet
1260 4450 1402 4506 aeterna
1429 4437 1587 4526 potentia
1612 4438 1707 4521 eius,
1733 4452 1769 4509 et
1795 4438 1992 4523 diviuitas,
2025 4460 2124 4528 consp

1182 4537 1326 4609 ciuntur
1339 4539 1385 4607 ab
1397 4539 1541 4627 opificio
1557 4539 1704 4625 mundi,
1730 4541 1977 4609 animadversa
1992 4563 2034 4610 ex
2051 4560 2124 4631 opet

149 4041 207 4099 tur
224 4027 427 4108 nobiscum,
453 4027 513 4093 sed
530 4041 580 4095 est
596 4024 748 4094 revelata
765 4026 947 4107 divinitus,
973 4037 1013 4095 ut
1026 4022 1131 4095 Ioan-

87 4155 94 4165 ·
147 4151 211 4199 nes
232 4128 375 4221 inquit:
416 4123 530 4195 Filius
560 4126 621 4220 qui
645 4128 761 4219 estin
784 4127 865 4196 siuu
891 4128 1018 4216 patris,
1056 4125 1131 4214 ipse

148 4248 288 4299 enarrat
309 4229 424 4298 nobis.
478 4224 524 4298 Et
546 4230 628 4318 quia
651 4229 815 4299 dissentit
831 4253 850 4297 a
869 4228 1024 4299 naturali
1041 4250 1131 4296 voce

146 4331 381 4403 conscientiae
404 4343 437 4400 et
462 4352 480 4398 a
504 4324 738 4420 chirographo
763 4343 884 4399 contra
913 4353 978 4399 nos
1000 4329 1129 4418 scripto

137 4436 186 4501 in
211 4432 341 4503 nostris
367 4432 563 4514 mentibus,
605 4432 684 4501 ideo
717 4432 862 4501 difficile
887 4446 939 4502 est
968 4430 1130 4501 assentiri

148 4534 375 4625 promissioni
392 4534 561 4624 gratuitae
577 4534 885 4606 reconciliationis.
938 4532 1034 4604 Haec
1058 4532 1131 4600 iui-

148 4638 198 4707 tio
211 4636 413 4706 meminisse
427 4635 592 4704 lectorem
609 4650 767 4727 oportet,
792 4637 959 4706 noticiam
985 4649 1129 4704 natura·
1180 4639 1257 4709 bus.
1312 4637 1492 4710 Divinitas
1515 4641 1590 4709 eius
1614 4655 1648 4711 et
1669 4657 1811 4710 aeterna
1833 4642 2016 4734 potentia,
2048 4642 2124 4712 ide

135 4740 217 4811 dean
233 4734 387 4821 deDeo,
410 4759 485 4805 esse
500 4739 678 4827 quandam
695 4736 780 4825 legis
800 4739 985 4821 noticiam,
1011 4761 1056 4806 ne
1072 4736 1128 4804 iu·
1180 4743 1275 4830 quod
1291 4740 1337 4810 sit
1352 4738 1467 4825 Dens,
1492 4756 1669 4828 aeternus,
1696 4758 1832 4834 potens,
1857 4744 2013 4835 sapiens,
2039 4744 2124 4813 iura

134 4840 350 4933 dempestive
363 4839 558 4908 contundat
572 4838 682 4926 legem
698 4853 733 4910 et
750 4836 994 4929 Evangelium.
1031 4837 1126 4908 Mira
1179 4841 1313 4927 bonus,
1337 4843 1492 4933 puniens
1517 4844 1687 4928 iniustos,
1717 4847 1909 4916 exaudiens
1933 4859 1967 4915 et
1992 4845 2124 4916 adiuvet

138 4952 329 5015 est-autem
345 4938 446 5010 Pauli
471 4938 612 5018 concio,
646 4952 679 5009 et
701 4936 1127 5032 longesuperanstito·
1177 4942 1299 5015 iustos.
1365 4941 1483 5033 Haec,
1517 4945 1683 5037 iuquam,
1713 4949 1871 5034 agnoscit
1893 4969 1996 5016 mens
2022 4948 2124 5018 intua

142 5040 336 5132 sophorum
353 5040 592 5129 cogitationes,
617 5042 719 5110 sitin
737 5042 841 5110 nobis
857 5066 931 5111 esse
946 5041 1124 5119 noticiam,
1176 5043 1356 5138 opificium
1372 5048 1509 5119 mundi.
1560 5044 1649 5117 Nam
1676 5069 1717 5117 ex
1732 5050 1854 5117 multis
1870 5020 2124 5140 vestigiis'rmt

141 5169 246 5238 qaam
265 5155 366 5213 vocat
384 5143 576 5213 veritatem.
626 5140 676 5211 Αι
690 5140 854 5233 Epicurei
869 5158 903 5212 et
919 5141 1124 5212 Academici
1174 5146 1315 5216 eluatur
1331 5147 1397 5216 ista
1412 5147 1459 5216 de
1471 5146 1560 5220 Deo.
1612 5144 1736 5241 Neque
1752 5163 1869 5219 tamen
1887 5146 1953 5220 bae
1970 5150 2124 5221 ratiocint

140 5243 318 5336 lustipsas
342 5245 491 5315 noticias
515 5245 730 5324 obruerunt,
770 5246 831 5311 sed
853 5247 1062 5313 mentientes
1086 5259 1121 5315 et
1173 5260 1289 5333 retnr,
1314 5248 1383 5319 nisi
1400 5249 1505 5318 etiam
1521 5247 1625 5328 insita
1649 5265 1737 5322 esset
1763 5253 1876 5322 merati
1893 5256 2069 5346 quaedam
2090 5271 2124 5319 nt

135 5360 333 5438 armantes
347 5345 526 5438 cumipse.
536 5357 662 5416 natura
675 5340 851 5416 hominist
879 5341 998 5469 bearet
1022 5344 1118 5416 enim
1170 5349 1253 5421 sicis
1273 5374 1336 5422 sen
1354 5348 1539 5449 πρόληψις
1558 5351 1603 5419 de
1617 5348 1708 5429 Deo.
1758 5349 1881 5443 Quare
1895 5356 2005 5449 prins
2026 5351 2123 5449 inqui
