4522 5782
176 175 275 251 :oss
691 190 710 227 -·
760 146 1601 265 renueusdntetx'sxnonncs.
1722 162 1786 230 ;;
2110 162 2203 245 sora

180 349 274 421 sitae
296 344 467 439 'politicas
494 338 632 436 semper
655 346 693 415 in
717 358 907 434 conspectu
929 344 986 420 sit.
1038 344 1164 421 Posset
1312 334 1518 419 -T'eoeidos'
1532 357 1584 416 est
1597 344 1706 435 igitur
1721 339 1781 414 hic
1794 342 1969 414 articulus
1985 340 2089 415 fidei:
2114 336 2208 414 'Ordo

182 452 287 521 etism
306 453 397 519 sitae
415 449 578 539 politicae
595 448 750 538 dignitas
770 449 1014 519 consideretur
1038 451 1170 518 descri-
1222 452 1389 543 politicus
1405 466 1457 519 est
1472 473 1594 519 severa
1611 470 1703 536 opus
1718 444 1804 529 Dei,
1830 460 1865 515 et
1884 467 1941 515 res
1966 446 2089 529 bone,
2111 458 2145 515 et
2165 460 2212 517 est

182 569 241 645 pta
271 569 305 623 et
333 555 371 620 in
403 547 470 621 lmc
500 553 637 643 capite,
673 565 707 623 et
741 551 779 618 in
806 552 928 621 multis
958 552 1173 623 testimoniis
1223 554 1469 624 testimonium
1494 551 1708 640 sapientiae,
1729 549 1890 618 iusticiae
1914 546 1984 619 Dei
1997 559 2033 617 et
2049 546 2245 618 bonitatis·

184 652 415 748 propheticis.
1222 679 1306 746 erga
1323 651 1507 738 homines,
1534 668 1567 722 et
1582 650 1800 743 praesentiae
1824 651 1900 719 eius
1922 650 2020 719 inter
2043 643 2210 722 homines.

1225 758 1300 829 Lex
1314 758 1410 827 enim
1425 770 1461 827 et
1479 755 1610 825 iudicia
1627 755 1820 824 ostendunt
1836 752 2069 842 sapientiam,
2093 775 2212 844 aeque

209 848 347 927 Omnis
373 853 504 925 anima
530 853 791 953 potestatibus,
825 878 920 954 quoe
945 863 1144 952 praesunt,
1227 861 1308 930 litas
1326 860 1363 928 in
1381 858 1639 939 contractibus,
1666 868 1700 923 et
1715 855 1872 925 executio
1888 877 2089 943 poenarum
2105 868 2212 924 osten·

565 954 717 1028 subdita
739 958 801 1030 sit.
1227 964 1319 1039 dtxnt
1341 961 1535 1031 iusticiam:
1562 956 1765 1029 Bonitatem
1788 971 1821 1026 et
1843 956 2088 1046 praesentiam
2105 971 2213 1028 osten-

158 1139 164 1162 1
292 1106 402 1179 'nmo
427 1109 636 1201 simplicitet
666 1125 700 1183 et
730 1111 912 1203 perspicue
944 1110 1051 1182 tradit
1077 1130 1176 1199 pm.
1227 1067 1280 1184 dit
1297 1065 1460 1132 mirande
1476 1061 1696 1131 conservatio
1712 1060 1821 1129 totius
1842 1058 2024 1128 societatis
2047 1053 2214 1130 hnmsnae

192 1223 344 1309 ceptum,
365 1224 405 1279 ut
420 1212 649 1306 suo'qnisque
667 1212 883 1303 magistratui
899 1214 1050 1285 obediat.
1086 1209 1176 1279 Nam
1229 1181 1323 1285 mm.
1345 1179 1443 1235 ΨΜ
1466 1163 1665 1281 pencuh'.
1702 1159 1809 1331 ἥτ’
1842 1183 2042 1330 'magn'
2068 1177 2214 1280 ‘mini

190 1314 362 1406 particula
389 1310 509 1403 (Quae
532 1311 715 1405 praesunt)
742 1339 813 1384 non
838 1328 888 1384 est
910 1316 1022 1385 otiose
1044 1312 1178 1395 addita,
1230 1267 1414 1386 manime
1437 1287 1608 1383 “miram
1625 1285 1725 1377 ω’
1744 1334 1758 1346 ·
1775 1284 1944 1378 ΜΨ
1996 1286 2018 1381 ⁰.
2041 1265 2215 1383 q⁰⁸.d.¹‘¹¹

191 1419 249 1487 sed
276 1416 430 1486 excludit
456 1415 591 1487 alienos
617 1419 849 1506 magistratus.
904 1417 1096 1488 Nonenim
1114 1437 1178 1481 ne·
1228 1368 1420 1440 D⁰¹¹¹¹⁰¹¹⁸²
1447 1366 1898 1482 Q⁰¹3¹³d¹¹¹m²i⁰⁰⁰pi¹¹¹'
1918 1363 2044 1453 3¹³d¹⁰
2061 1368 2194 1452 βψω·
2230 1440 2238 1449 ·

194 1542 287 1588 cesse
315 1530 366 1586 est
389 1517 501 1585 civem
523 1516 765 1588 Lnbecensem
790 1520 936 1589 obedire
959 1514 1178 1608 magistratui
1301 1469 1521 1639 ,Addanliuf
1548 1491 1631 1557 ‘¹⁸3⁰
1658 1480 1877 1636 mummffl
1917 1487 2013 1558 ΨΜ
2038 1469 2216 1541 mmmm

191 1618 395 1691 Parisiensi.
434 1618 548 1688 Tollit
565 1621 647 1690 item
668 1619 799 1690 Paulus
813 1621 1074 1692 dubitationem
1093 1643 1178 1688 con·
1229 1574 1886 1744 ⁰¹d¹¹¹sss⁰l³z¹u2⁰imlf⁸⁸e⁰p⁰⁵fer
2191 1673 2199 1689 .

192 1723 439 1800 scientiarum,
482 1721 512 1788 si
537 1721 583 1792 sit
607 1723 756 1791 obseura
788 1725 969 1793 contentio
994 1725 1038 1791 de
1063 1720 1180 1804 titulo,
1366 1697 1491 1743 ”mm
1625 1692 1686 1740 ω’
1710 1684 1860 1740 “anm
1898 1692 2009 1757 ωδ
2035 1684 2072 1742 ‘¹
2096 1688 2216 1742 ‘⁰⁰⁵⁰'

192 1838 234 1896 m
274 1846 480 1916 quanquam
520 1847 579 1891 m
615 1823 787 1913 Angpcm
822 1826 946 1896 scribit
984 1847 1021 1893 se
1061 1845 1178 1912 regem
1231 1779 1320 1858 tuit,
1347 1778 1472 1856 idest,
1498 1772 2038 1890 eflicitutflnreantetdurent.
2064 1874 2107 1892 Η

73 2014 76 2019 1
192 1924 382 1997 Franciae:
409 1938 526 1994 tamen
550 1949 624 1993 non
640 1950 779 1996 necesse
794 1939 844 1996 est
860 1928 953 1996 cives
970 1927 1069 2015 regni
1090 1922 1178 1995 Gal·
1271 1982 1279 1998 ‚
1330 1877 1499 1949 Pmmb·
1526 1875 1601 1949 1⁶⁰²
1636 1873 1746 1944 [Μ
1769 1886 1802 1943 ⁸¹
1825 1874 1969 1964 ΡΟῐιάιη
1992 1875 2130 1945 ¹⁰d¹⁶¹³
2151 1872 2217 1944 ⁰⁰·

194 2029 255 2098 lici
277 2027 422 2098 obedire
447 2027 519 2115 regi
546 2026 710 2116 Anglico.
783 2026 922 2098 Deinde
946 2029 1047 2098 addit
1069 2027 1179 2096 ratio·
1231 1983 1445 2063 'mmmm’
1472 1975 1967 2096 ⁰²⁰m¹¹²⁸‚¹}'¹pid⁰⁸‚¹³⁰⁶i⁸·‘
2037 2077 2047 2095 1
2092 2077 2102 2095 1
2160 2079 2200 2096 Η

193 2152 275 2200 nem
297 2129 489 2220 praecepti:
524 2125 614 2199 Cum
639 2128 786 2222 imperia
809 2133 879 2201 sint
901 2133 990 2200 ordo
1006 2131 1180 2198 divinitus
1332 2081 1463 2155 pm·
1482 2080 1584 2154 ¹²⁶³
1610 2077 1687 2148 ΝΜ
1703 2076 1879 2148 D⁰m¹⁰¹¹³
1904 2078 2118 2148 ⁰⁰⁸¹⁰d¹ef¹l
2140 2102 2217 2149 ΕΜ·

193 2228 396 2314 institutus,
422 2230 484 2323 qui
503 2254 588 2301 vere
609 2245 660 2301 est
687 2256 776 2324 opus
792 2228 877 2318 Dei,
904 2234 1068 2302 irascitur
1084 2229 1180 2300 Deus
1232 2199 1359 2270 'mm’
1390 2185 1521 2254 “⁰⁸⁸⁰
1544 2181 1667 2271 Vigilat
1689 2181 1751 2274 qui
1774 2180 2042 2299 ,⁰¹¹‚⁸¹⁰d¹⁸‚‘f³‚¹²¹·
2105 2177 2218 2253 ΟΜ

193 2331 422 2406 turbantibu,
455 2327 552 2401 hunc
577 2334 751 2408 ordinem·
816 2333 963 2407 Necesse
988 2347 1040 2404 m
1073 2335 1182 2424 igitur
1232 2281 2021 2372 etconservatorestDeusordmtspoltttcr,
2050 2305 2217 2374 ergoeusn
2255 2332 2259 2397 ,¹

194 2434 340 2506 obedire
353 2445 499 2526 propter
516 2435 779 2508 conscientiam.
1233 2390 1463 2563 adpmliiaaiim.
1477 2484 1576 2558 ffb:
1605 2483 1680 2575 Qui
1696 2486 1759 2555 das
1772 2485 1922 2555 salntem
1940 2486 2102 2575 regibus.
2132 2484 2216 2557 Haec

297 2587 368 2659 Hic
382 2586 571 2678 diligenter
585 2590 827 2660 consideretur
843 2591 1055 2660 vocabulum
1069 2585 1182 2659 Ordi-
1234 2595 1342 2665 verba
1359 2591 1519 2661 adiuvari
1538 2589 1920 2678 gubernatoresaDeo
1938 2603 2131 2661 testentur.
2258 2674 2259 2679 1

194 2691 305 2765 natio.
356 2688 447 2759 Nam
468 2685 624 2760 humana
648 2693 778 2762 iudicia
796 2716 875 2761 cum
893 2694 1080 2762 intuentur
1097 2715 1182 2761 con·
1336 2694 1506 2764 Proverb.
1526 2696 1578 2765 8.:
1610 2688 1681 2760 Per
1703 2714 1757 2760 me
1783 2712 1882 2780 reges
1906 2706 2085 2781 regnant,
2116 2706 2150 2764 et
2170 2695 2215 2764 iu·
2257 2686 2259 2693 ¹

195 2796 372 2867 fusionem
397 2805 432 2861 et
458 2792 541 2862 vitia
568 2793 605 2860 in
631 2793 808 2886 imperiis,
838 2818 912 2864 non
938 2807 1095 2865 statuunt
1117 2816 1182 2883 gn·
1234 2796 1330 2870 dices
1348 2795 1439 2866 insta
1457 2796 1665 2867 decernunt.
2250 2857 2259 2873 1

196 2894 441 2968 bernitionem
458 2917 548 2991 opus
564 2895 634 2964 Dei
649 2920 741 2980 esse,
766 2898 825 2965 scd
843 2897 971 2987 partim
989 2897 1183 2967 calliditate
1336 2896 1542 2987 2Paralip.
1560 2895 1639 2968 20.:
1665 2892 1747 2965 Non
1763 2887 1923 2964 bominis
1941 2897 2116 2968 exercetis
2137 2897 2214 2968 iudi·
2247 2880 2259 2999 l

196 2995 371 3081 humana,
405 2997 685 3087 partimxrobore
707 3000 896 3069 constituta
920 3021 1011 3082 esse,
1042 3011 1075 3067 et
1097 2998 1183 3066 reti·
1234 3004 1349 3082 cium,
1375 3002 1435 3071 sed
1451 2995 1612 3068 Domini.
1917 3006 1925 3021 “
2247 3061 2254 3073 ,

196 3100 275 3172 neri
296 3099 456 3190 imperia.
508 3094 556 3169 E:
581 3101 691 3170 multa
710 3104 753 3169 de
776 3101 888 3170 causis
906 3103 1000 3192 apud
1017 3096 1183 3170 Philoso-
1336 3101 1565 3173 Psalm.8l.:
1596 3096 1783 3188 Egodixi,
1807 3095 1871 3168 Dii
1885 3099 1989 3183 estis,
2018 3101 2060 3170 id
2076 3116 2142 3184 est,
2165 3092 2259 3201 Ιιι·11

197 3198 541 3296 phosdisputantnr.
593 3201 662 3271 Sed
682 3225 746 3272 nos
762 3205 1003 3272 discernamus
1019 3204 1183 3271 ordinem
1235 3208 1359 3276 bentes
1380 3205 1494 3274 officia
1519 3203 1685 3270 mandate
1709 3225 1728 3269 a
1751 3200 1853 3287 Deo,
1893 3215 1936 3272 nt
1960 3202 2038 3276 sint
2060 3229 2127 3275 vox
2146 3206 2259 3305 legis,¹

198 3304 383 3398 politicum
409 3326 427 3369 a
452 3304 611 3391 personis
644 3317 678 3372 et
709 3328 727 3372 a
754 3305 875 3384 vitiis,
917 3328 1008 3396 quae
1036 3306 1184 3374 miscent
1236 3308 1326 3395 Dei,
1352 3299 1795 3391 etexecutoreslegisDei.
1916 3384 1920 3389 .
2253 3371 2259 3391 1

197 3427 381 3497 personae.
433 3401 497 3472 Est
512 3407 606 3472 enim
626 3407 716 3474 ordo
735 3408 809 3496 ipse
826 3407 912 3496 legis
927 3406 1070 3475 divinae
1089 3407 1184 3477 noti·
1337 3407 1463 3478 Esaiae
1490 3406 1542 3476 1.:
1591 3403 1760 3493 Quaerite
1792 3404 1997 3491 iudicium,
2050 3400 2259 3489 subsuta,

200 3509 274 3589 cia,
308 3519 343 3575 et
365 3507 494 3592 gradus
517 3531 659 3592 eorum,
683 3509 744 3599 qui
765 3524 911 3597 regunt,
944 3523 978 3578 et
1002 3523 1186 3598 reguntur,
1238 3534 1429 3602 oppresso,
1456 3508 1635 3580 defendite
1649 3507 1806 3581 viduam.
1855 3505 2041 3599 Praecipit
2055 3510 2213 3604 neuspo
2245 3565 2259 3593 ,

200 3624 237 3681 et
257 3609 348 3696 leges
372 3607 463 3675 latae
485 3632 565 3676 vera
584 3614 771 3681 autoritate
788 3611 1077 3700 magistratuum,
1100 3636 1188 3681 con·
1238 3611 1693 3702 liticaofbciacuiquepro
1719 3632 1781 3677 sua
1804 3609 2006 3695 vocatione.
2063 3594 2259 3691 Nondn:

200 3711 314 3802 iugis,
359 3723 577 3796 contractus,
620 3713 775 3798 iudicia,
816 3736 977 3803 poenae,
1017 3715 1188 3798 defensio,
1239 3716 1339 3786 bium
1367 3727 1418 3784 est
1440 3713 1549 3801 igitur
1570 3711 1762 3802 adprobari
1786 3712 1831 3780 ab
1851 3734 1893 3779 eo
1918 3713 2112 3802 politicum
2135 3716 2214 3787 ordi-

202 3813 357 3904 legitima
383 3813 528 3892 militia,
561 3815 716 3904 legitima
747 3818 898 3901 tributa,
936 3816 1122 3906 disciplina
1149 3817 1187 3885 in
1239 3844 1332 3888 nem.
1388 3815 1435 3886 Et
1459 3817 1497 3883 in
1522 3808 1613 3882 hanc
1640 3815 1851 3882 sententiam
1883 3813 1999 3884 multa
2022 3817 2214 3911 dictaspnd
2248 3800 2259 3898 i}

202 3940 304 4009 pace,
329 3916 443 3985 studia
466 3917 706 3987 doctrinarum
731 3932 764 3989 et
787 3919 937 3987 aliarum
958 3914 1186 3988 honestarum
1239 3915 1434 4011 Prophetas
1457 3926 1594 3999 extant,
1631 3939 1720 4008 quae
1744 3914 1957 3985 nominatim
1983 3918 2135 4009 politica
2157 3920 2215 3992 ott
2253 3905 2259 3922 ³

205 4018 349 4089 artium.
415 4015 484 4087 Hic
507 4032 602 4091 totus
631 4023 719 4089 ordo
742 4024 779 4089 in
809 4044 936 4109 genere
957 4015 1114 4090 humano
1138 4033 1188 4089 est
1241 4023 1293 4093 cia
1313 4020 1545 4114 praecipiunt.
2249 4084 2259 4115 1

205 4144 294 4211 opus
309 4117 393 4200 Dei,
420 4120 508 4189 sicut
532 4126 620 4192 ordo
635 4136 798 4193 motuum
816 4123 1041 4206 coelestium,
1068 4134 1101 4192 et
1119 4136 1190 4192 ter·
1341 4121 1459 4192 Lucae
1482 4121 1534 4190 5.:
1569 4116 1729 4210 Baptista
1759 4117 1962 4210 publicanis
1991 4137 2029 4194 et
2063 4127 2215 4199 militibus
2250 4168 2258 4214 ,1

206 4246 266 4292 rae
291 4223 521 4292 foecunditas.
576 4224 648 4294 Nec
672 4241 809 4296 tantum
834 4224 1039 4314 permissive
1060 4248 1080 4292 a
1103 4225 1192 4305 Deo,
1241 4226 1495 4309 concionatur,
1520 4245 1560 4291 ac
1575 4221 1686 4290 tredit
1702 4244 1861 4312 expresse
1878 4233 2069 4316 praecepta
2083 4229 2215 4322 politica.
2250 4290 2259 4317 1

207 4324 648 4416 sedDeussuasapientia
673 4340 707 4396 et
730 4351 816 4397 voce
837 4325 991 4397 instituit
1016 4323 1112 4396 bunc
1133 4351 1192 4396 or·
1241 4324 1338 4418 Ergo
1365 4327 1476 4416 ipsam
1508 4323 1728 4394 functionem
1765 4324 1966 4414 adprobat,
2000 4352 2085 4402 cuns
2113 4334 2216 4402 doceat
2251 4316 2255 4326 ⁸

207 4427 350 4508 dinem,
381 4439 415 4493 et
439 4441 610 4517 quantum
632 4443 792 4521 superest
818 4428 976 4512 ordinis,
1010 4441 1194 4498 conservat
1243 4430 1423 4522 quomodo
1446 4427 1491 4498 sit
1514 4425 1813 4510 administranda,
1840 4448 1887 4493 ne
1909 4427 1992 4517 plus
2018 4456 2126 4524 qnam
2148 4457 2215 4503 con
2251 4444 2253 4447 ’

208 4529 285 4617 ipse
299 4527 493 4603 efficaciter.
545 4531 683 4600 Interea
701 4556 824 4602 verum
838 4544 908 4614 est,
933 4533 1031 4623 quod
1047 4531 1194 4614 diaboli,
1244 4531 1404 4601 stitutum
1421 4542 1472 4598 est
1487 4527 1682 4620 postulent:
1708 4525 1895 4597 Neminem
1912 4535 2146 4619 concutiatis,
2168 4559 2215 4604 ne·

210 4642 246 4699 et
267 4628 378 4698 multa
404 4653 536 4719 organa
565 4634 790 4702 diabolorum
821 4633 986 4726 tyranni,
1025 4633 1196 4720 seditiosi,
1244 4657 1314 4728 qne
1345 4629 1626 4703 calumniemini.
1683 4627 1780 4699 Haec
1802 4642 1874 4699 tota
1896 4633 2027 4703 concio
2053 4637 2215 4729 politicum
2252 4700 2259 4721 1

211 4729 336 4802 etalii
373 4733 534 4803 scelerati
568 4729 731 4803 homines
769 4735 1015 4825 multipliciter
1049 4736 1195 4807 turbant
1244 4749 1395 4819 statum,
1420 4733 1571 4816 iudicia,
1598 4731 1763 4802 militiam
1783 4732 1976 4823 adprobat,
2009 4751 2046 4808 et
2068 4737 2216 4810 discernit
2252 4730 2259 4740 '

210 4828 310 4904 hunc
333 4833 519 4919 ordinem,
549 4849 584 4905 et
613 4837 742 4907 multas
769 4837 993 4906 confusiones
1020 4850 1055 4906 et
1084 4839 1195 4908 multa
1245 4841 1291 4909 ab
1315 4837 1442 4906 ordine
1471 4835 1558 4906 vitia
1590 4855 1651 4904 seu
1674 4834 1919 4920 confusiones,
1961 4861 2056 4930 quas
2083 4836 2214 4912 bumana

212 4936 299 5006 vitia
328 4935 496 5021 miscent,
532 4938 622 5014 sicut
643 4940 718 5029 lnpi
744 4940 898 5031 aliquam
924 4938 1038 5028 gregis
1063 4954 1196 5028 partem
1247 4940 1384 5009 malitia
1408 4938 1589 5009 admiscet.
1654 4932 1703 5007 Ει
1723 4936 1857 5017 futilis,
1891 4937 2016 5009 ieiuna
2042 4954 2077 5014 et
2102 4943 2213 5013 insulse
2252 5005 2259 5023 1

214 5039 388 5121 lacerant,
412 5052 577 5110 ettamen
594 5055 712 5131 pastor
726 5041 1197 5133 fidelisdefenditreliquum
1247 5041 1426 5111 cavillatio
1456 5035 1770 5129 Anabaptistarum
1801 5038 2027 5130 explodenda
2059 5060 2126 5128 est,
2168 5041 2214 5136 qui
2253 5107 2259 5147 1

214 5163 357 5228 agmen:
384 5141 431 5210 ita
455 5158 627 5235 quantum
651 5144 788 5211 ordinis
812 5143 988 5233 reliquum
1013 5157 1064 5213 est
1086 5145 1125 5211 in
1141 5167 1199 5212 so-
1247 5145 1397 5225 dicunt,
1428 5139 1624 5231 Baptistam
1655 5135 1740 5211 baec
1775 5139 1992 5232 imperfectis
2031 5146 2214 5239 permisisse,
2254 5184 2259 5249 Ι

214 5242 340 5311 cietate
373 5236 548 5332 bumana,
581 5259 810 5314 conservatur
842 5244 1015 5314 immensa
1042 5247 1201 5317 bonitate
1249 5243 1430 5314 Christum
1447 5255 1563 5333 postea
1580 5241 1682 5309 aliter
1694 5243 1866 5313 docuisse.
1890 5241 2124 5345 Nequaquam
2137 5248 2212 5321 enim
2255 5320 2259 5349 1

203 5342 259 5423 ,δὴ
273 5342 350 5432 ipsu
368 5342 457 5414 Deo.
1252 5362 1410 5440 pugnant
1423 5343 1556 5416 Cbristi
1573 5358 1606 5414 et
1620 5341 1800 5439 Baptistae
1817 5347 2023 5430 concinnes,
