4522 5782
98 190 171 275 sss
286 188 387 272 nu.
437 197 474 270 s.
506 146 1303 277 conuanranu.ur.rr1sr.rsuu
1328 196 1686 281 annonarios.
1738 198 1846 277 car.
1873 200 1937 283 ιν.
2008 300 2011 311 ,
2053 206 2131 307 sog

99 372 246 446 situm.
265 376 395 439 ernon
416 380 535 461 petere
557 382 628 441 sut·
644 373 787 443 credere
807 373 996 463 gratuitam
1024 398 1081 447 re-
1132 372 1343 441 ceremoniis
1364 374 1553 444 detraxisse
1576 373 1875 449 iustificationem.
1924 370 1984 447 Ad
2005 375 2042 447 id
2066 402 2124 450 re-

100 462 319 551 missionem,
341 470 404 537 sed
421 472 615 541 manereiu
635 473 699 543 illa
721 473 945 548 dubitatione
962 491 998 549 et
1018 502 1081 568 pa·
1131 475 1380 561 spondendum
1397 487 1466 547 est:
1502 474 1542 546 ln
1559 471 1759 562 Abraham,
1785 474 1942 564 Davide,
1964 493 1999 550 et
2015 480 2119 553 simi·

102 565 257 651 vasibuss
283 565 360 641 Aes
379 566 548 662 qrraerere
573 599 637 666 per
658 599 767 666 opera
788 580 1081 673 consolationem,
1132 574 1226 644 libus
1256 577 1479 647 ceremoniae
1506 592 1576 649 tarn
1607 574 1786 649 habebant
1808 582 2014 653 mandatum
2038 578 2122 677 Dei,

103 680 183 737 scut
205 668 269 738 alii
299 692 363 759 per
391 672 643 761 monachatus,
690 678 752 748 alii
783 703 846 771 per
873 681 942 750 alia
970 703 1078 773 opera
1131 699 1236 768 quam
1260 677 1328 746 alia
1359 681 1452 749 bona
1488 706 1614 770 opera,
1654 678 1748 768 Ergo
1784 682 1873 752 ratio
1903 682 2118 757 diversitatis

103 782 283 861 quaerunt.
324 771 380 845 lta
394 776 494 847 dicit:
523 776 642 849 Mansi
657 780 697 849 in
714 781 918 871 pavoribus,
938 796 974 855 er
990 808 1078 871 pene
1130 777 1227 847 nulla
1254 793 1304 850 est
1330 776 1399 853 hic.
1451 780 1488 851 Si
1514 797 1649 854 caetera
1672 807 1777 870 opera
1804 782 2118 879 mandataaDeo,

101 885 300 949 consumtus
319 894 441 949 essem.
492 877 631 952 Deinde
655 883 756 953 addit
776 885 823 955 de
845 886 1078 970 confessione,
1128 882 1356 952 merebantur
1380 884 1622 953 remissionem
1652 900 1871 977 peccatorum
1893 899 1928 956 et
1949 885 2117 959 iustifica-

98 970 224 1065 inqua
245 973 478 1053 clare-docete
504 980 614 1071 Quod
630 980 727 1055 Deus
747 988 903 1059 ramirus
924 1003 1075 1079 peccata,
1127 980 1280 1065 tionem,
1309 986 1421 1054 marito
1443 988 1552 1075 magis
1572 1012 1651 1055 cum
1675 988 1745 1055 illis
1762 988 1989 1057 merebantur
2003 988 2040 1058 id
2056 1014 2116 1061 ce-

96 1072 287 1167 stquidem
300 1079 672 1169 remittatconlitenti,
696 1080 770 1157 non
793 1089 1076 1161 afferentiimti.
1128 1086 1325 1170 remouiae,
1367 1088 1449 1179 quia
1478 1101 1577 1157 erant
1610 1088 1819 1178 praestantia
1844 1112 1950 1180 opera
1977 1090 2114 1182 primae
2196 1120 2205 1139 ⁴

94 1174 181 1247 ciam
196 1176 307 1267 legis,
330 1176 427 1272 Ergo
442 1187 552 1275 gratis
571 1188 732 1261 remittit,
1127 1186 1277 1273 tabulae.
1330 1184 1451 1281 ltaque
1474 1215 1553 1258 cum
1576 1188 1707 1261 Paulus
1726 1186 1881 1261 detrahit
1906 1192 2115 1289 ceremoniis

188 1276 379 1353 ‘l’rauslert
393 1289 591 1378 exemplum
607 1292 650 1359 ad
667 1291 771 1361 alios:
797 1286 946 1363 Panhor
960 1290 1084 1363 oravit.
1125 1287 1309 1369 meritum,
1335 1286 1490 1362 detrahit
1505 1292 1609 1363 ctiam
1626 1294 1769 1362 caeteris
1784 1293 1964 1383 operibus.

88 1380 179 1461 Mil!
191 1383 312 1452 omnis
325 1402 478 1469 sanctus,
495 1391 532 1459 id
550 1405 614 1476 est,
630 1392 737 1464 etiam
752 1395 865 1467 sancti
880 1407 1076 1484 agnoscunt
1227 1387 1411 1474 Secundo,
1438 1388 1497 1463 hic
1518 1395 1618 1464 locus
1638 1395 1798 1465 continet
1810 1395 1934 1465 utilem
1951 1394 2114 1465 collatio-

88 1476 269 1553 sehabcre
278 1504 428 1577 peccata,
446 1505 480 1563 et
490 1506 615 1584 petunt
630 1508 664 1565 et
678 1499 829 1569 credunt
843 1497 911 1568 sibi
928 1497 1074 1585 ignosci,
1125 1512 1206 1560 uem
1223 1493 1324 1577 ndei,
1349 1506 1383 1564 et
1396 1497 1619 1588 sequentinm
1634 1516 1792 1587 operum.
1844 1491 2027 1567 Abraham
2040 1498 2111 1567 lide

88 1578 181 1675 Ergo
196 1599 251 1656 est
265 1591 416 1675 gratuita
430 1594 603 1671 remissio.
647 1594 725 1669 Hac
740 1598 808 1668 fide
824 1600 1074 1681 servabuntur,
1125 1607 1332 1666 consecutus
1354 1609 1406 1667 est
1428 1599 1670 1667 remissionem
1688 1614 1928 1690 peccatorum,
1954 1610 1988 1670 et
2009 1599 2112 1669 iusti-

88 1700 120 1755 et
135 1710 212 1757 non
224 1692 622 1783 obruenturlluctibus,
649 1723 723 1769 non
739 1702 985 1792 opprimentur
1003 1716 1073 1772 ter·
1125 1693 1247 1767 beatus
1272 1700 1318 1769 ita
1342 1700 1456 1790 placet
1478 1724 1637 1790 persona.
1704 1700 1827 1771 Postea
1850 1700 2013 1794 sequitur
2036 1692 2117 1769 eius¹

88 1789 246 1861 roribus·
310 1790 422 1868 Vides
451 1798 560 1887 igitur
591 1802 759 1892 coniungi
795 1804 994 1874 doctrinam
1027 1804 1072 1874 de
1124 1800 1337 1873 obedientie.
1391 1800 1541 1872 Haecin
1559 1802 1623 1873 tali
1645 1826 1795 1892 persona
1816 1804 1885 1873 iam
1909 1798 2016 1873 habet
2036 1827 2113 1872 ma-

88 1891 306 1979 poeuiteutia
320 1908 355 1966 et
377 1898 421 1968 de
443 1900 659 1971 remissione.
710 1904 792 1973 Non
815 1905 992 1998 promittit
1017 1929 1073 1974 re-
1123 1922 1228 1987 gnam
1247 1902 1399 1977 laudem.

88 1992 292 2065 missionem
307 2001 439 2070 securis
455 2015 489 2071 et
505 2027 579 2071 non
596 2006 811 2092 dolentibus,
836 2010 897 2077 sed
920 2009 982 2091 iis,
1008 2007 1070 2077 ubi
1224 2002 1284 2073 Sic
1308 2003 1421 2074 David
1450 2005 1604 2097 primurn
1627 2004 1753 2094 accipit
1774 2006 1843 2075 lide
1866 2005 2111 2077 remissionem

88 2093 193 2165 unul
208 2097 327 2167 esistit
345 2102 560 2191 poenitentia
574 2120 609 2177 et
628 2110 784 2180 esistunt
798 2124 961 2180 terrores.
1125 2118 1344 2192 peccatorum
1366 2120 1401 2199 et
1424 2108 1462 2176 fit
1483 2108 1594 2188 lilius,
1622 2123 1741 2198 postea
1762 2108 1901 2198 placent
1920 2110 1995 2179 eius
2009 2107 2112 2179 lorti·

166 2194 256 2269 ldeo
269 2202 369 2274 addit
385 2206 592 2277 concionem
608 2211 652 2279 ad
669 2212 840 2302 populum
854 2213 951 2300 legis,
966 2234 1071 2304 quem
1124 2220 1176 2277 ter
1193 2206 1282 2277 lacta
1298 2208 1334 2277 in
1351 2210 1498 2295 militia,
1521 2209 1705 2297 diligentia
1723 2210 1759 2277 in
1776 2210 1944 2301 imperio,
1969 2210 2109 2301 patien·
2165 2224 2176 2241 “

88 2304 306 2373 aorusorsd
321 2306 593 2395 poenitentiam:
620 2309 740 2382 Nolite
755 2313 833 2381 lieri
854 2314 943 2385 sicut
960 2336 1071 2407 equus
1123 2309 1170 2380 tia
1187 2309 1226 2377 in
1248 2310 1519 2396 alllictionibus,
1545 2325 1580 2381 et
1599 2311 1689 2380 aliae
1712 2312 1870 2386 virtutes.
1921 2312 1967 2382 Et
1989 2327 2109 2383 tamen

88 2416 114 2475 st
137 2402 284 2495 mulus,
310 2407 349 2477 id
372 2422 444 2495 est,
474 2413 652 2499 agnoscite
673 2414 764 2484 iram
785 2412 871 2501 Dei,
902 2418 1072 2486 adversus
1124 2406 1186 2480 lras
1203 2412 1346 2483 interim
1362 2437 1436 2483 nou
1451 2412 1601 2506 opponit
1616 2412 1748 2485 iudicio
1766 2409 1852 2500 Dei,
1878 2416 1944 2485 scit
1961 2437 2108 2484 easnon

88 2518 279 2593 ¹saccatum.
325 2506 371 2580 Et
386 2511 485 2582 addit
499 2515 543 2582 de
559 2516 683 2604 poenis
697 2517 848 2609 peccati:
874 2512 971 2587 De'us
985 2518 1081 2589 one-'
1123 2514 1321 2586 satisfacere
1344 2515 1435 2606 legi,
1476 2540 1540 2587 nec
1571 2517 1709 2607 placere
1740 2529 1885 2605 propter
1905 2537 2003 2587 suam
2027 2514 2108 2607 per·

88 2618 134 2677 rat
155 2612 335 2681 mundum
356 2614 615 2687 calamitatibus
636 2631 673 2689 et
695 2633 829 2703 morte,
854 2635 888 2693 et
913 2620 1069 2691 coiirceat
1121 2617 1329 2705 lectionem,
1355 2621 1415 2689 sed
1442 2619 1524 2712 quia
1550 2618 1720 2689 creditae
1743 2641 1805 2706 per
1828 2618 2107 2687 misericordiam

88 2708 256 2799 etpuniat
271 2713 419 2805 impios,
444 2727 478 2787 et
493 2728 534 2787 ut
550 2713 713 2791 humiliet
732 2745 817 2806 nos,
843 2737 882 2793 ut
902 2745 1067 2811 agnosca·
1123 2734 1267 2811 propter
1288 2720 1499 2810 promissum
1532 2744 1651 2790 semen
1686 2714 1816 2788 habere
1838 2716 1953 2788 Deum
1986 2720 2106 2810 propi-

88 2833 159 2879 nus
175 2828 328 2901 peccata.
379 2815 432 2889 lta
448 2842 572 2889 omnes
586 2820 708 2913 plagae
731 2824 857 2893 mundi
882 2837 966 2896 sunt
989 2847 1069 2915 pars
1121 2822 1233 2903 cium,
1259 2824 1349 2893 sicut
1364 2824 1498 2916 inquit:
1525 2819 1623 2913 Quid
1639 2821 1832 2894 retribuam
1847 2817 2107 2891 Dominoietc.

88 2910 167 3001 legis
185 2926 225 2983 et
243 2918 433 2989 conciones
453 2921 616 3013 divinae,
651 2948 741 3018 quae
767 2939 943 2997 testantur
962 2950 1067 2996 mun·
1120 2922 1171 2993 lta
1196 2925 1235 2993 in
1257 2926 1421 2996 credente
1445 2926 1514 2994 iam
1537 2927 1630 2995 bona
1650 2946 1756 3013 opera
1779 2924 1870 2993 liunt
1886 2922 2055 2994 sacrificia
2070 2936 2105 2995 ct

88 3018 167 3085 lum
201 3038 279 3091 esse
306 3022 502 3095 subiectum
536 3039 704 3117 peccato,
743 3041 779 3098 ct
811 3028 932 3098 Deum
964 3027 1067 3099 irasci
1121 3023 1255 3096 hostiae
1271 3028 1404 3109 laudis,
1427 3043 1460 3100 et
1479 3022 1747 3113 habentmagna
1769 3026 1939 3122 praemia.

88 3130 236 3211 tetulo·
318 3140 327 3157 “
1221 3124 1345 3200 Tertio
1362 3128 1630 3219 diligentissime
1648 3122 1705 3195 hic
1724 3125 1822 3196 locus
1836 3128 1881 3195 de
1896 3150 1962 3196 usu
1979 3125 2104 3198 Sacra·

180 3216 286 3293 Hanc
310 3226 517 3297 sententiam
546 3229 695 3320 opponit
724 3229 868 3302 iudiciis
887 3226 1066 3307 humanis.
1119 3243 1319 3300 mentorum
1338 3232 1580 3301 observandus
1596 3243 1660 3313 est,
1688 3241 1726 3298 ut
1742 3230 1877 3297 muniat
1895 3252 1961 3298 nos
1978 3242 2103 3300 contra

88 3318 171 3393 Sam
191 3316 355 3399 homims
385 3329 540 3415 cogitant
568 3354 649 3401 casu
672 3332 829 3405 accidere
852 3334 1066 3405 calamitates
1119 3324 1330 3423 pharisaicas
1360 3333 1548 3425 opiniones
1575 3334 1620 3402 de
1651 3354 1759 3423 opere
1789 3344 1945 3421 operato.
2012 3327 2101 3400 ltem

88 3424 471 3514 rtsineconsilioDei,
506 3446 567 3504 aut
588 3433 721 3505 iniusto
742 3433 973 3508 iudicioDei:
1003 3441 1063 3508 sed
1116 3451 1239 3507 contra
1261 3435 1535 3526 anabaptisticas
1554 3433 1834 3523 imaginationes.
1887 3430 1981 3521 Quia
2005 3434 2101 3502 enim

88 3522 259 3619 Propheta
275 3526 332 3602 hic
354 3536 585 3605 concionatur
599 3550 633 3606 et
650 3541 754 3610 docet
769 3539 981 3628 sapientiam
1006 3542 1063 3609 cli-
1117 3539 1248 3611 Paulus
1275 3536 1579 3609 circumcisionem
1618 3549 1719 3605 vocat
1749 3534 1906 3624 sigillum
1944 3534 2105 3605 iusticias

88 3626 214 3705 anius
228 3635 435 3720 revelatam,
460 3640 557 3729 quod
572 3638 704 3709 sciente
723 3657 759 3713 et
782 3644 973 3711 ordinante
990 3639 1064 3711 Deo
1115 3640 1218 3726 fidei,
1248 3654 1395 3712 testatur
1416 3642 1642 3714 Sacramenta
1666 3659 1740 3707 esse
1763 3638 1863 3727 signa
1886 3637 2102 3732 requirentia

88 3730 264 3820 accidunt,
301 3750 341 3807 ut
360 3735 457 3809 Deus
476 3740 635 3811 coiirceat
659 3740 813 3834 impios,
853 3757 888 3815 et
910 3744 1064 3814 declarat
1113 3744 1232 3815 fldem.
1291 3743 1412 3834 Quare
1434 3766 1507 3813 non
1530 3741 1721 3812 iustificant
1741 3740 1819 3808 sine
1840 3741 1910 3808 lide
1930 3762 1972 3808 ex
1996 3762 2103 3829 opere

88 3838 169 3905 irasss
189 3839 360 3909 adversus
392 3855 596 3932 peccatum,
628 3855 670 3914 ut
692 3868 920 3938 agnoscamus
942 3869 1064 3935 pecca·
1113 3859 1278 3937 operato,
1303 3860 1342 3915 ut
1359 3840 1522 3915 monachi
1540 3843 1789 3937 loquebantur.

88 3950 175 4017 tun,
199 3954 236 4010 et
253 3965 463 4033 quaeramus
485 3946 522 4013 in
536 3939 680 4015 Christo
703 3950 852 4039 gratiam
875 3963 909 4020 et
931 3948 1064 4018 libera-
1221 3946 1316 4017 ldem
1334 3950 1435 4019 docet
1458 3942 1516 4016 bic
1533 3946 1650 4032 locus,
1676 3941 1899 4013 Sacramenta
1924 3965 1998 4011 non
2021 3954 2099 4012 tan·

88 4037 225 4120 nonem,
280 4044 465 4117 Praeterea
486 4049 588 4116 docet
608 4063 766 4135 sanctos,
792 4050 930 4120 etiamsi
955 4049 1061 4120 simul
1114 4063 1190 4120 tum
1214 4072 1288 4120 esse
1316 4050 1414 4139 signa
1445 4048 1674 4148 professionis
1702 4067 1783 4134 erga
1813 4040 1994 4131 homiues,
2036 4057 2099 4115 aut

88 4142 304 4237 affliguntur,
340 4163 456 4219 tamen
478 4148 612 4219 servari
634 4162 668 4220 et
695 4156 839 4224 tandem
869 4152 1062 4223 liberaris
1113 4151 1272 4243 symbola
1314 4165 1518 4221 nostrornm
1561 4172 1727 4228 morum,
1774 4159 1815 4216 ut
1857 4147 2099 4235 imaginantur

88 4264 188 4323 nene
208 4263 243 4321 et
257 4250 426 4321 omnibus
440 4252 555 4321 malis.
1113 4253 1384 4345 Anabaptistae,
1409 4255 1469 4346 qui
1486 4264 1675 4323 extenuant
1690 4248 1927 4320 Sacramenta.
1964 4246 2099 4319 Verum

1114 4355 1175 4423 ille
1195 4377 1282 4424 usus
1305 4370 1339 4425 et
1360 4356 1439 4425 linis
1472 4351 1678 4447 principalis
1705 4361 1757 4418 est
1778 4346 2099 4437 sacramentorum,

374 4429 525 4509 quanm
545 4439 768 4513 'mmm‘
1113 4458 1209 4550 quod
1233 4473 1316 4528 suut
1340 4459 1436 4546 signa
1462 4454 1723 4548 promissionis,
1748 4464 1783 4520 et
1806 4452 2007 4523 testimonia
2033 4479 2097 4523 vo·

178 4558 360 4649 Quartum
379 4569 626 4646 argumentum
650 4580 692 4626 es
717 4554 845 4624 ordine
866 4579 1062 4633 causarum.
1115 4560 1261 4629 luntatis
1284 4557 1349 4628 Dei
1374 4582 1453 4649 erga
1480 4580 1562 4642 nos,
1587 4571 1622 4626 et
1645 4552 1829 4647 requirunt
1852 4553 1976 4640 tidem,
2009 4555 2099 4627 sicut

88 4658 262 4735 lbrsham
293 4659 552 4751 pronunciatur
578 4657 693 4729 iustus
720 4670 802 4728 ante
823 4657 1062 4731 circumcisio·
1113 4661 1312 4754 promissio.
2175 4748 2180 4757 Ι

88 4790 175 4848 ιω,
201 4760 300 4850 Ergo
323 4782 414 4851 opus
435 4760 525 4829 illud
550 4782 624 4829 non
648 4774 803 4830 meretur
817 4761 1061 4833 remissionem
1215 4760 1256 4831 ln
1273 4756 1454 4832 Abraham
1469 4759 1689 4831 circumcisio
1705 4774 1757 4830 est
1771 4772 1869 4844 nota,
1897 4782 1988 4854 quae
2005 4782 2098 4831 sem.-

88 4882 318 4953 reccatorum,
343 4886 408 4933 nec
424 4861 721 4935 iustificationem.
772 4859 852 4933 Hoc
873 4885 1061 4954 argumeu·
1113 4887 1176 4956 per
1190 4866 1405 4934 admonebat
1421 4887 1501 4934 eum
1527 4864 1782 4955 promissionis.
1832 4859 1882 4933 Et
1903 4875 1978 4933 erat
1999 4861 2098 4932 testi·

88 4996 150 5043 nm
165 4982 220 5041 ast
241 4966 396 5050 illustre,
421 4965 505 5058 q'uia
521 4965 678 5036 continet
692 4964 919 5035 collationem
934 4967 1062 5038 iunifi·
1112 4967 1294 5051 monium,
1320 4970 1415 5060 quod
1433 4966 1530 5038 Deus
1550 4968 1582 5035 ei
1598 4964 1778 5060 propicius
1796 4978 1884 5035 esset
1898 4965 1994 5035 iusta
2011 4986 2097 5054 pro-

88 5072 226 5146 ationis
245 5092 309 5138 seu
331 5067 648 5147 reconciliationis,
675 5080 710 5137 et
730 5067 953 5159 sequentium
974 5093 1061 5162 ope-
1111 5067 1328 5142 missionem.
1381 5067 1432 5139 lta
1448 5070 1641 5163 baptismus
1665 5069 1703 5136 in
1721 5081 1841 5137 nostro
1862 5088 2012 5155 corpore
2032 5065 2098 5135 ad·
2178 5159 2183 5167 Δ

88 5200 166 5248 runs.
220 5172 404 5243 Praeterea
420 5173 522 5240 docet
536 5176 580 5239 de
595 5190 662 5239 usu
678 5165 999 5245 sacramentorum.
1112 5184 1255 5239 moneat
1275 5194 1342 5240 uos
1358 5171 1623 5264 promissionis,
1648 5184 1683 5240 et
1707 5169 1823 5239 testari
1850 5169 1973 5250 debet,
1997 5166 2095 5258 quod

173 5276 339 5347 Primum
352 5286 468 5343 autem
484 5272 653 5341 diluenda
668 5284 720 5341 est
736 5271 926 5341 cavillatio.
966 5270 1058 5343 Cum
1111 5297 1193 5341 vere
1217 5274 1412 5349 velitDeus
1436 5274 1611 5366 impartiri
1634 5297 1694 5358 ea,
1729 5270 1877 5363 quaein
1898 5265 2094 5362 Evangelio

88 5380 208 5454 lautus
230 5375 469 5449 nominaverit
484 5373 737 5461 ceremoniam,
763 5372 906 5443 videtur
919 5385 1059 5447 tanturn
1112 5375 1287 5470 promisit.
