4522 5782
100 222 213 299 ssss
245 162 249 169 ²
285 218 389 296 nn.
438 222 475 301 4.
501 214 842 297 consonarum
866 216 920 295 ns
943 216 1103 298 uersu
1127 214 1279 295 raons
1303 212 1374 291 so
1389 210 1728 294 conssrmos.
1779 216 1887 301 car.
1911 222 1959 302 x.
2048 222 2148 301 sus

211 390 358 463 Tertius
372 391 535 474 bulsen,
562 387 609 464 Ut
624 388 670 461 sit
685 412 818 460 nervus
833 389 996 483 publicae
1012 413 1099 461 con·
1152 412 1296 475 eorum,
1323 387 1532 483 quijnostra
1563 400 1678 462 aetate
1697 390 1876 464 intersunt
1899 394 2146 485 circumgesta-

99 495 341 587 geegstionis,
367 494 405 563 in
421 518 490 586 qua
505 490 691 565 vultDeus
704 514 832 563 sonare
846 508 881 562 et
895 494 1097 564 conservari
1151 491 1242 563 tioni
1259 490 1380 582 panis,
1404 507 1466 563 aut
1487 490 1666 562 idolorum
1681 494 1837 566 cultibus
1854 496 1893 565 in
1918 497 2143 569 invocatione

101 622 231 669 vocem
252 594 448 667 Ministerii
472 593 676 685 evangelici.
744 592 830 663 ldeo
854 595 958 665 dicit:
995 592 1099 684 Quo·
1151 608 1391 681 mortuorum,
1416 608 1479 667 aut
1493 590 1615 665 Missis
1633 595 1845 669 funebribus
1861 611 1895 671 et
1911 598 2100 669 similibus.

100 702 317 792 tiescuuqus
340 698 495 780 facietis,
521 712 671 768 mortem
687 692 836 767 Domini
858 696 1098 767 annunciabi-
2024 750 2027 755 -

98 803 161 875 tis.
214 797 431 887 Aesemper
449 799 563 870 voluit
579 795 676 869 Dcsss
695 794 864 869 honestos
880 812 915 870 et
936 796 1097 891 publicos
1149 791 1289 875 Πάντα
1302 792 1368 892 μοὶ
1382 792 1541 884 ἔξεστιν,
1566 793 1661 871 ἀλλὰ
1677 796 1741 886 osi,
1764 814 1829 873 etc.
1879 791 2024 874 Omnia
2042 797 2142 875 miti

98 901 284 973 Ecclesiae
296 924 502 990 congressos
517 924 604 986 esse,
628 913 664 971 et
679 924 739 972 eos
756 921 818 971 sna
832 901 994 971 bonitate
1008 924 1095 971 con·
1531 896 1658 987 licent,
1684 910 1748 977 etc.

97 1015 274 1077 “miei
290 1015 418 1076 iiiiiffl'·
1248 1048 1397 1125 Relutat
1427 1050 1535 1121 aliam
1569 1050 1804 1123 obiectionem
1837 1076 1878 1124 ex
1901 1055 2063 1126 doctrina
2090 1060 2136 1147 de

206 1104 365 1196 Quartus
385 1102 488 1189 finis,
519 1102 570 1177 Ut
592 1104 632 1174 in
658 1102 803 1195 publico
832 1125 1022 1194 congressu
1048 1104 1096 1176 sit

100 1208 350 1280 testimoninm
386 1207 637 1289 confessionis,
672 1207 756 1301 quia
791 1205 869 1276 vult
902 1204 999 1277 Dens
1030 1229 1095 1295 per

95 1304 195 1380 banc
213 1309 426 1381 sumtionem
442 1309 618 1401 conspici,
643 1332 749 1404 quam
765 1307 977 1395 doctrinam,
1003 1332 1091 1400 quos

94 1430 223 1484 coetos
238 1412 487 1503 approbemus.

202 1512 361 1602 Quintus
383 1514 484 1598 buis,
511 1511 560 1585 Ut
587 1511 634 1583 sit
655 1523 802 1583 mutuae
823 1510 1028 1583 dilectionis
1053 1523 1088 1582 et

90 1615 202 1709 quasi
226 1615 379 1685 foederis
401 1616 562 1702 signnm,
601 1613 693 1685 sicut
718 1613 991 1685 usitatissimum
1020 1613 1089 1684 fuit

93 1718 242 1787 sasscire
257 1717 398 1787 foedera
415 1716 522 1786 simul
538 1715 677 1785 edendo
694 1715 733 1784 in
747 1715 937 1790 sacrifieiis.

205 1818 274 1889 Sed
292 1822 485 1910 prudenter
499 1817 724 1887 discernendi
739 1830 823 1888 sunt
844 1830 897 1888 tot
920 1820 1026 1901 fines,
1051 1840 1090 1889 sc

92 1943 244 2011 semper
258 1919 468 2012 principalis
484 1921 691 1992 retinendus
705 1931 775 2005 est,
801 1943 848 1990 ne
862 1920 908 1989 de
923 1934 1092 2013 prestetur

89 2046 187 2095 usus
205 2023 438 2094 ceremoniae.

142 2218 255 2297 Num
271 2220 388 2317 igitur
402 2217 502 2307 dico,
525 2215 629 2321 quod
641 2216 783 2292 idolum
801 2218 954 2322 aliquid
963 2219 1040 2293 n'st

200 2360 386 2434 Relutatio
408 2373 458 2429 est
475 2374 620 2449 argutae
643 2360 897 2444 excusationis,
926 2385 996 2455 qua
1025 2361 1087 2434 de·

88 2466 293 2539 tendebant
316 2462 426 2557 aliqui
448 2484 547 2532 suam
579 2461 784 2533 licentiam:
826 2464 921 2536 Cum
949 2464 1087 2535 idolum

88 2564 191 2640 nihil
208 2566 272 2645 sit,
299 2564 380 2634 licet
399 2563 591 2644 retrusisti,
618 2564 741 2656 quales
765 2581 848 2638 sunt
874 2580 1021 2649 natura,
1044 2580 1085 2638 ut

88 2666 214 2744 Rabel
234 2667 329 2737 idola
352 2666 462 2757 patris
487 2690 591 2736 aurea
613 2691 731 2737 secum
750 2683 930 2753 avexerat,
958 2683 998 2741 ut
1012 2670 1087 2739 via·

88 2775 208 2845 ticum
223 2765 390 2852 haberet,
419 2792 492 2836 non
509 2782 549 2838 ut
569 2768 708 2840 coleret.

200 2886 304 2959 Hanc
336 2887 502 2955 callidam
544 2887 739 2977 elusionem
774 2886 908 2957 Paulus
942 2889 1086 2958 refutat:

88 2992 172 3065 Etsi
208 2987 301 3059 nihil
323 3000 375 3058 est
399 2989 512 3077 reipsa
538 2988 693 3071 idolum,
728 3002 843 3060 tamen
870 3012 1012 3059 necesse
1034 3003 1087 3060 est

88 3093 305 3187 opinionem
334 3103 370 3161 et
395 3091 530 3161 cultum
561 3091 598 3159 in
622 3086 786 3162 Etlrnicis
812 3105 931 3182 aperte
964 3093 1087 3161 taxari.

87 3196 186 3271 Nam
204 3190 332 3264 horum
348 3193 506 3281 furores,
533 3192 595 3287 qni
612 3192 708 3285 idola
727 3195 782 3263 vel
806 3194 1004 3281 excogitant
1026 3194 1081 3263 vel

87 3296 301 3380 stabiliunt,
336 3306 420 3364 sunt
443 3315 567 3383 magna
595 3307 630 3363 et
652 3308 743 3365 tetra
766 3306 923 3386 peccata,
956 3294 1086 3389 quibus

87 3398 275 3475 adversari
300 3419 439 3467 necesse
462 3408 532 3478 est,
559 3396 642 3489 quia
667 3396 884 3469 dictumest:
908 3394 991 3467 Nou
1015 3392 1080 3468 ba·

87 3501 199 3577 bebis
215 3496 309 3570 Deos
329 3496 476 3571 alienos.

199 3616 258 3687 illi
283 3626 419 3705 autem,
454 3615 515 3707 qui
539 3615 715 3687 intersunt
738 3616 794 3685 vel
820 3612 1002 3687 sacrificiis
1027 3619 1084 3688 vel

87 3719 271 3797 conviviis
294 3717 564 3789 sacrificantium
583 3718 708 3800 idolis,
734 3717 945 3790 confirmant
960 3743 1083 3790 eorum

87 3822 324 3921 opinionem,
367 3843 448 3889 cum
470 3842 546 3888 non
571 3821 762 3893 ostendant
788 3843 825 3889 se
848 3815 1082 3891 abhorreres

86 3928 228 4003 talibus
244 3920 434 3993 sacrificiis.
484 3919 713 4005 Sicutnuno,
737 3920 845 4017 siqui
868 3924 1085 3995 comitantur

86 4028 261 4101 dominos
282 4022 320 4092 in
344 4023 670 4112 circumgestatione
696 4023 815 4112 panis,
847 4022 1015 4094 videntur
1037 4026 1084 4094 il-

86 4134 162 4204 lam
182 4127 427 4201 adorationem
447 4148 519 4194 non
545 4124 767 4214 improbare,
793 4146 882 4218 quae
903 4140 996 4197 certe
1014 4149 1082 4218 pu-

86 4246 177 4327 gnat
198 4255 279 4300 cum
297 4229 409 4298 dicto:
437 4227 521 4296 Non
539 4226 703 4295 adorabis
721 4223 815 4295 Deos
829 4225 978 4301 alienos.

197 4347 356 4419 Multum
375 4344 494 4416 differt
509 4344 707 4435 exemplum
718 4338 834 4413 Rahel
848 4339 1084 4415 aCorinthio·

86 4479 172 4528 rum
196 4449 381 4521 conviviis.
445 4445 535 4516 Nam
558 4471 637 4515 cum
664 4441 782 4516 Rahel
802 4446 916 4515 aufert
939 4460 1083 4532 statuas,

1146 1153 1309 1224 libertate
1329 1148 1533 1224 Christiana
1558 1169 1730 1227 sumtum:
1755 1152 1915 1228 Libertas
1929 1152 2132 1229 Christiana

1146 1256 1241 1326 tollit
1261 1256 1466 1326 discrimina
1490 1255 1663 1329 ciborum.
1720 1254 1795 1327 Cur
1817 1258 1925 1345 igitur
1948 1259 2131 1331 interdicis

1144 1354 1234 1427 milri
1255 1358 1293 1427 iu
1316 1356 1513 1427 amicorum
1534 1356 1710 1428 conviviis
1731 1351 1788 1429 his
1811 1358 1919 1444 cibis,
1943 1385 2032 1454 qnos
2056 1362 2128 1433 scio

1145 1474 1340 1532 creaturam
1356 1458 1426 1531 Dei
1442 1460 1573 1529 bonam
1590 1481 1684 1545 esse,
1710 1482 1773 1530 nec
1796 1460 1927 1533 mutari
1951 1484 2016 1554 per
2038 1462 2129 1534 stul·

1144 1575 1196 1632 tas
1229 1561 1528 1648 consecrationes,
1566 1560 1657 1632 sicut
1679 1584 1829 1649 aurum,
1868 1586 1910 1633 ex
1936 1587 2008 1658 quo
2039 1565 2129 1638 lacta

1142 1678 1225 1737 sunt
1238 1687 1334 1735 sacra
1352 1663 1499 1757 pocula,
1525 1685 1600 1733 non
1615 1662 1798 1759 mutatur?

1244 1781 1451 1872 Respondet
1472 1777 1624 1865 Paulus,
1647 1780 1782 1851 addens
1804 1782 2060 1856 restrictionem
2084 1778 2129 1853 sd

1143 1886 1342 1970 generalem
1378 1881 1579 1953 doctrinam
1609 1882 1654 1951 de
1686 1882 1869 1955 libertate:
1912 1882 2127 1981 Quanquam

1142 1986 1250 2058 licent
1266 1983 1404 2069 omnia,
1430 1983 1561 2054 scilicet
1576 1981 1614 2051 in
1628 1977 1697 2053 hoc
1717 2006 1863 2075 genere,
1889 2012 1980 2082 quae
2000 1988 2129 2059 dicun·

1144 2102 1203 2159 tur
1217 2086 1353 2172 media,
1379 2084 1472 2156 utin
1487 2109 1553 2156 usu
1570 2084 1659 2167 cibi,
1690 2098 1794 2177 potus
1816 2087 1976 2175 diorum,
2008 2104 2127 2161 tamen

1142 2191 1306 2281 addenda
1319 2200 1370 2260 est
1384 2182 1470 2256 haec
1485 2185 1659 2258 restrictio
1674 2188 1718 2258 de
1733 2190 1916 2261 scandalo:
1943 2188 2025 2262 Non
2048 2204 2128 2283 uta7

1141 2293 1191 2363 ris
1206 2294 1389 2376 libertate,
1412 2286 1477 2360 ubi
1493 2288 1678 2361 confirmat
1692 2290 1828 2361 cultum
1844 2292 2042 2376 idolorum,
2068 2302 2129 2363 aut

1140 2395 1203 2467 ubi
1219 2391 1364 2466 adducit
1378 2390 1611 2463 conscientias
1629 2390 1860 2465 imbecillium
1877 2394 1916 2464 in
1934 2392 2131 2467 dubitatio·

1141 2520 1242 2583 nem,
1262 2497 1322 2567 sed
1338 2492 1471 2564 servias
1485 2494 1633 2565 utilitati
1651 2494 1816 2566 aliorum.
2115 2496 2122 2529 ι’

1242 2612 1366 2684 Postea
1389 2632 1513 2682 rursus
1540 2610 1641 2683 addit
1665 2608 1799 2683 Paulus
1822 2611 2126 2709 confirmationem

1141 2716 1323 2788 doctrinae
1337 2710 1524 2788 libertatis.
1576 2708 1698 2783 Omne
1712 2714 1809 2807 quod
1820 2712 1858 2784 in
1874 2712 2022 2785 macello
2040 2736 2128 2785 ven·

1140 2820 1256 2902 ditur,
1290 2814 1481 2899 comedite,
1513 2838 1588 2884 non
1620 2814 1841 2908 inquirentes
1869 2829 2015 2909 propter
2037 2810 2126 2887 coni

1139 2919 1350 2998 scientiam,
1390 2916 1473 3011 quia
1503 2915 1652 2987 Domini
1682 2928 1734 2987 est
1756 2930 1851 2991 terra
1878 2932 1913 2990 et
1937 2916 2124 3009 plenitudo

1139 3023 1226 3093 eius.
1278 3014 1382 3090 Nihil
1406 3018 1443 3087 in
1467 3010 1525 3087 his
1549 3017 1638 3087 locis
1667 3018 1799 3089 dicitur
1828 3019 1873 3089 de
1896 3017 2126 3091 distinctione

1139 3122 1284 3217 politica
1309 3143 1442 3195 rerum.
1491 3118 1654 3190 Libertas
1675 3114 1879 3192 Christiana
1902 3142 1977 3190 non
1997 3132 2125 3192 conce-'

1138 3227 1193 3297 dit
1207 3222 1414 3295 conturbari
1428 3219 1608 3301 dominia,
1633 3233 1670 3292 ct
1684 3221 1761 3313 rapi
1782 3220 1935 3292 aliorum
1958 3222 2126 3312 coniuges

1138 3341 1200 3399 ant
1220 3327 1382 3418 pecudes.
1433 3320 1529 3412 Quia
1551 3316 1644 3393 banc
1665 3321 1805 3395 civilem
1828 3322 2029 3395 societatem
2048 3324 2126 3397 vult

1137 3428 1234 3515 Deus
1251 3426 1325 3518 regi
1340 3423 1495 3517 politicis
1510 3423 1811 3496 ordinationibus.
1860 3422 1942 3495 Non
1964 3427 2010 3495 de
2025 3423 2123 3496 cirili

1138 3531 1303 3602 societate
1325 3524 1385 3599 hic
1408 3526 1561 3612 dicitur,
1581 3527 1645 3596 sed
1668 3527 1712 3596 de
1728 3527 1942 3599 conscientia
1965 3525 2126 3619 singuloss

1138 3657 1217 3704 rum
1235 3653 1316 3721 erga
1333 3627 1466 3714 Deum,
1493 3627 1533 3696 in
1549 3651 1617 3698 usu
1630 3650 1749 3699 rerum
1764 3630 2001 3720 propriarum.
2045 3623 2125 3699 lloc

1138 3733 1332 3831 quaeritur,
1350 3754 1396 3801 an
1413 3730 1460 3802 sit
1474 3740 1656 3824 peccatum
1672 3753 1791 3801 coram
1806 3726 1894 3812 Deo,
1912 3728 2006 3799 vesci
2018 3750 2125 3799 carne

1134 3835 1288 3928 leporis,
1312 3832 1376 3928 qui
1397 3831 1476 3901 inre
1498 3843 1581 3902 tuus
1601 3843 1667 3908 set,
1723 3828 1793 3901 Hic
1817 3830 2008 3922 respondet
2026 3827 2124 3901 Pau·

1135 3940 1212 4023 lus,
1242 3958 1316 4007 non
1340 3957 1414 4005 esse
1435 3946 1626 4025 peccatum.
1686 3926 1734 4003 Et
1754 3933 1961 4003 accomodat
1987 3931 2123 4004 dictum

1135 4066 1177 4111 ex
1192 4038 1352 4111 Psalmos
1376 4034 1525 4105 Domini
1537 4045 1589 4104 est
1604 4047 1696 4105 terra
1712 4048 1746 4105 et
1762 4033 1947 4127 plenitudo
1963 4033 2050 4104 eius.

1237 4153 1279 4225 ln
1306 4151 1449 4224 Psalmo
1483 4173 1558 4220 non
1591 4150 1742 4220 dubium
1779 4161 1829 4221 est
1858 4144 1951 4220 banc
1982 4148 2122 4242 simpli·

1135 4256 1311 4330 cissimam
1342 4276 1416 4323 esse
1449 4251 1674 4325 sententiam:
1714 4248 1803 4324 Cum
1830 4250 2034 4347 alloquatur
2066 4273 2125 4321 re-

1135 4382 1221 4450 ges,
1262 4354 1427 4428 Attollite
1462 4368 1582 4447 portae
1614 4352 1727 4444 capita
1765 4365 1881 4423 vestra
1913 4365 1978 4424 etc.
2044 4350 2122 4424 Ini-

1135 4462 1186 4533 tio
1226 4457 1413 4550 praeponit
1459 4451 1679 4528 antithesin:
1730 4450 1889 4525 Domini·
1920 4468 1973 4527 est
2011 4468 2123 4540 terra,

86 4556 161 4628 boc
183 4553 261 4642 ipso
284 4549 457 4632 ostendit,
484 4571 520 4617 se
548 4547 646 4617 nolle
668 4570 725 4616 eas
746 4570 766 4615 a
790 4548 991 4638 patrecoli,
1017 4572 1085 4618 nec
1136 4562 1242 4657 quast
1279 4560 1389 4630 dicat:
1431 4556 1516 4629 Non
1559 4570 1612 4628 est
1644 4554 1784 4646 Regum
1825 4569 1859 4629 et
1897 4552 2120 4650 Principum,

86 4660 167 4750 ipsa
192 4653 298 4736 colit,
331 4656 390 4720 sed
415 4673 541 4719 aurum
569 4650 608 4717 in
630 4650 799 4718 viaticum
825 4649 998 4720 collatura
1023 4664 1085 4734 est,
1135 4667 1196 4735 ,ed
1221 4660 1300 4731 Dei,
1370 4658 1537 4730 lieentum
1568 4672 1620 4729 est
1648 4659 1681 4728 ei
1710 4656 1880 4744 obedire,
1925 4672 1961 4731 et
1991 4659 2121 4730 sicuti

85 4764 186 4833 sicut
205 4754 304 4824 frene
319 4754 390 4823 filia
413 4751 637 4841 imperatoris
655 4749 785 4820 Licinii
802 4762 935 4820 statuas
959 4773 1083 4821 aureas
1135 4780 1248 4849 serra,
1281 4775 1322 4833 ut
1350 4761 1465 4852 placet
1486 4759 1667 4830 Dominog
1710 4772 1744 4829 et
1769 4760 1912 4853 quidem
1940 4759 2018 4832 vult
2041 4757 2120 4830 Do.

85 4866 125 4933 in
154 4857 287 4929 sacello
311 4856 421 4957 patris
443 4852 627 4923 destruxit·
693 4849 742 4923 Αῑ
765 4852 987 4923 familiaritas
1011 4851 1083 4923 Co·
1135 4869 1316 4937 minusca
1342 4875 1414 4932 tots
1437 4876 1531 4933 terra
1561 4862 1728 4951 colligere
1752 4856 1957 4931 Ecclesiam.
2022 4858 2118 4931 Haec

85 4958 310 5037 tinibiorttttt
326 4981 405 5026 cum
429 4953 705 5026 sacrificantibus
726 4952 852 5022 similis
873 4969 949 5024 erest
971 4956 1084 5024 collu—
1136 4983 1186 5040 est
1199 4966 1318 5037 nativa
1333 4963 1521 5038 sententia,
1571 4961 1704 5034 Paulus
1718 4964 1916 5053 generalem
1933 4963 2057 5032 sumsit
2075 4965 2119 5030 de

85 5064 197 5139 sioni·
246 5058 489 5132 certissimum
506 5069 558 5126 eti
571 5068 709 5139 aulem,
735 5054 826 5125 'eiii'
840 5055 960 5125 Deum
976 5055 1083 5127 filiii
1135 5069 1322 5151 creatione,
1343 5065 1565 5135 euiuseetiam
1582 5088 1665 5134 mox
1683 5066 1721 5137 fit
1739 5065 1890 5135 mentio:
1918 5060 2121 5155 lpsesuper

85 5167 271 5241 idolorum
288 5156 783 5231 ⁰⁰i1⁰⁸0i⁶⁰¹¹iifffl³ii⁰⁰²¹st
1135 5172 1245 5242 maria
1264 5166 1428 5239 fundavit
1450 5189 1553 5246 earn,
1592 5163 1771 5237 Dominus
1793 5165 1954 5236 condidit
1978 5180 2119 5250 terram,

192 5280 273 5351 Non
291 5280 489 5349 obsuraest
507 5274 609 5345 Pauli
633 5274 825 5359 sententia,
848 5275 909 5343 sed
928 5272 987 5343 tiet
1005 5298 1081 5344 ma·
1135 5289 1170 5346 et
1189 5295 1245 5344 res
1271 5282 1454 5340 nascentes
1474 5267 1512 5337 in
1538 5291 1599 5350 ea,
1634 5268 1834 5360 etquidem
1859 5268 2039 5359 condidit,
2077 5282 2119 5339 ut

85 5392 134 5484 gis
153 5382 358 5480 perspicua,
381 5402 461 5451 cum
476 5377 726 5449 transferemus
742 5399 819 5448 eam
846 5377 892 5447 ad
919 5376 1079 5470 exempla
1132 5379 1310 5449 teneretur
1327 5368 1504 5458 Ecclesia,
1527 5383 1563 5442 et
1584 5382 1666 5441 sunt
1690 5392 1747 5440 res
1769 5370 1896 5445 bonae.
1954 5364 2003 5442 Et
2026 5372 2120 5440 bona
