4522 5782
101 128 179 263 in
379 182 480 264 xnt.
529 186 565 257 s.
590 181 891 263 nutantem
914 184 1073 262 nerse.
1100 187 1252 265 esunt·
1273 187 1342 267 tu
1368 191 1627 269 nonanus.
1685 195 1787 270 car.
1810 196 1875 278 rr.
2064 204 2174 281 roc

104 355 238 441 talibus
257 354 411 427 rit-ibus.
469 346 645 429 Homines
669 359 871 429 existimant
898 358 983 427 tales
1005 359 1097 432 ritus
1146 363 1404 452 applicatione,
1431 367 1527 457 qarod
1546 368 1711 439 videlicet
1730 371 1919 458 promissio
1941 397 2024 443 vere
2041 376 2086 444 ad
2101 389 2136 447 te

102 471 163 528 sut
179 480 254 526 esse
268 457 367 547 signa
383 458 611 549 professionis
627 477 800 546 externae,
816 484 877 530 seu
893 460 1095 532 distinctio-
1146 466 1339 555 pertineat,
1366 482 1401 537 et
1421 464 1509 535 fides
1527 469 1670 538 intuens
1691 472 1979 560 promissionem,
2006 490 2135 548 statuat

103 560 162 631 nis
179 558 283 633 -inter
306 558 495 640 homines,
527 563 618 634 sicut
641 562 740 651 'l'oga
763 563 991 632 discernebat
1018 560 1095 633 lto-
1146 591 1227 637 vere
1252 594 1316 635 uos
1338 569 1447 657 recipi
1468 582 1501 639 et
1519 573 1714 640 exaudiris
1731 573 1811 643 Deo
1834 590 1979 666 propter
1998 580 2135 651 medin·

103 659 468 747 manumsGraecis,
501 678 564 733 aut
585 688 659 733 esse
680 665 866 755 allegorias
888 677 1026 734 tantum
1050 668 1094 734 de
1145 681 1268 738 torem.
1321 668 1417 739 Haec
1448 672 1484 738 in
1510 672 1600 741 veris
1623 673 1798 744 exercitiis
1822 679 2064 749 conversionis
2099 693 2134 751 et

101 764 239 833 nostris
255 764 435 854 operibns.
487 762 548 836 Sic
569 760 824 858 Anabaptistae
843 766 1094 837 universaliter
1115 800 1119 823 ι
1143 769 1180 837 in
1210 794 1290 839 vera
1321 772 1564 842 consolatione
1589 777 1679 844 burn
1709 775 1914 849 illustriora.
1974 778 2022 852 Et
2046 782 2131 875 qnia

101 867 234 937 docent
265 868 570 959 anabaptismnm,
616 892 721 964 quem
748 864 900 950 habent,
936 889 1011 936 esse
1036 868 1093 937 di·
1143 872 1292 962 requirit
1327 874 1364 961 in
1390 898 1454 943 usu
1486 891 1786 946 sacramentorum
1816 878 1944 967 fidem,
1981 884 2132 953 manile-

101 967 332 1039 stinctionem
370 970 426 1036 sui
466 983 585 1038 coetus
620 994 640 1040 a
680 971 826 1040 caeteris
868 964 1091 1039 bominibus:
1141 986 1235 1042 stum
1261 988 1329 1058 est,
1356 979 1517 1043 damnari
1544 991 1668 1046 tetram
1688 978 1924 1066 impietatem,
1950 1008 2040 1077 quae
2062 986 2130 1052 liu·

102 1069 237 1141 deinde
260 1092 334 1139 esse
351 1070 557 1159 allegoriam
581 1074 626 1141 de
649 1073 840 1162 patientia,
876 1092 966 1163 quae
993 1096 1091 1141 com·
1140 1073 1192 1163 git
1234 1076 1294 1146 ills
1336 1102 1444 1169 opera
1486 1080 1615 1148 mereri
1655 1080 1901 1153 remissionem
1941 1110 1983 1155 ex
2024 1108 2130 1177 opere

101 1171 318 1241 monefaciat
342 1194 403 1242 eos
429 1171 583 1243 velutin
607 1173 735 1243 linctus
757 1172 881 1262 mergi.
932 1172 1090 1242 Coenam
1140 1191 1296 1268 operato.
1947 1172 1949 1177 ’

101 1269 253 1345 Domini
274 1273 400 1344 dicunt
419 1298 492 1343 esse
507 1275 632 1344 ioedus
651 1289 795 1347 mutuae
813 1275 1091 1360 benevolentiae,
1797 1341 1801 1349 .

103 1377 195 1447 sicut
213 1398 352 1465 semper
367 1378 458 1466 apud
477 1400 602 1445 omnes
616 1391 737 1465 gentes
756 1376 954 1446 communis
971 1400 1089 1447 mensa
1139 1372 1186 1449 Si
1203 1372 1267 1466 lsi,
1299 1379 1366 1478 poi
1390 1402 1437 1451 ex
1464 1376 1542 1474 legs
1583 1390 1668 1451 suut
1694 1375 1886 1473 haeredes,
1928 1384 2039 1457 irritu
2073 1397 2128 1459 est

104 1478 174 1549 init
197 1477 340 1565 signum
363 1478 550 1551 amicitiae.
601 1477 708 1549 Tales
729 1492 814 1549 snut
830 1475 1006 1547 humanae
1032 1479 1089 1547 in·
1478 1481 1678 1576 promissio
1715 1493 1778 1555 etr.

105 1580 378 1673 terpretetioues
395 1582 439 1649 de
455 1578 707 1651 Sacramentis:
735 1583 866 1674 quibus
882 1579 945 1650 etsi
970 1592 1089 1671 postes
1140 1662 1144 1673 ‚
1519 1566 1526 1581 “

103 1705 191 1753 suus
206 1682 304 1751 luens
319 1682 406 1766 erit,
431 1697 549 1753 tamen
565 1682 634 1753 elia
655 1682 862 1782 principalis
879 1682 1091 1773 interpreta-

101 1787 156 1857 tio
177 1784 278 1875 prins
293 1786 444 1855 tenenda
466 1797 536 1867 est,
563 1798 599 1856 et
622 1786 874 1857 ¹considerandi
896 1798 982 1855 sunt
1004 1785 1092 1854 lines
1191 1786 1299 1859 Nulla
1326 1791 1514 1877 promissio
1545 1792 1701 1879 pendens
1732 1816 1775 1861 ex
1806 1792 2013 1866 conditione
2040 1796 2129 1889 legis

100 1886 329 1981 principales.
1245 1904 1297 1959 est
1314 1892 1417 1959 nobis
1434 1906 1507 1961 rata
1530 1906 1564 1961 et
1590 1908 1702 1976 certa,

209 1986 358 2078 Semper
385 1998 502 2057 antem
531 1989 746 2058 antecedunt
769 1989 841 2057 duo
879 1988 1093 2078 principales
1193 1987 1470 2063 Promissionem
1512 1991 1644 2082 gratiae
1680 2007 1819 2084 oportet
1852 2018 1926 2067 esse
1961 2013 2073 2072 ratam
2093 2015 2128 2073 et

102 2093 204 2164 lines.
257 2089 380 2172 Prior,
405 2090 500 2180 qnod
527 2104 742 2160 sacramenta
760 2103 842 2160 sunt
859 2112 940 2181 pars
957 2091 1091 2182 publici
1244 2108 1395 2177 certam,
1429 2091 1541 2185 Ergo:

103 2193 316 2277 ministerii,
346 2189 428 2285 quia
454 2191 529 2260 vult
551 2189 647 2261 Deus
669 2192 789 2281 colligi
814 2188 1005 2261 Ecclesiam
1033 2216 1092 2259 ex·
1192 2192 1386 2264 Promissio
1424 2198 1555 2283 gratiae
1585 2218 1658 2263 non
1692 2198 1819 2285 pendet
1850 2222 1889 2267 ex
1919 2200 2127 2273 conditione

103 2294 445 2376 terno-ministerio,
464 2305 498 2361 et
515 2294 591 2364 vult
606 2318 679 2362 eam
698 2318 771 2362 esse
786 2294 1093 2383 congregationem
1243 2296 1351 2384 legis,
1373 2299 1433 2366 sed
1451 2311 1503 2367 est
1519 2296 1669 2385 gratuita
1687 2312 1721 2367 et
1736 2298 1937 2386 accipienda
1956 2302 2038 2371 lide.

104 2397 300 2467 risibilem.
352 2394 412 2465 Sic
429 2395 624 2483 baptismus
639 2411 690 2464 est
709 2420 789 2487 pars
800 2395 1005 2480 ministerii,
1022 2402 1092 2487 quo'
1245 2395 1324 2467 lloc
1353 2414 1601 2486 argumentum
1633 2412 1789 2468 sumtum
1820 2415 1871 2470 est
1900 2425 1941 2469 ex
1968 2404 2127 2477 lontibus

104 2499 299 2569 visibiliter
327 2497 507 2585 colligitur
535 2494 713 2577 Ecclesia,
753 2510 787 2567 et
815 2513 917 2567 sonat
950 2510 1094 2568 externe
1143 2499 1251 2572 totius
1273 2502 1456 2571 doctrinae
1477 2501 1745 2585 ecclesiasticae,
1785 2514 1820 2571 et
1840 2515 1891 2573 est
1914 2504 2127 2577 fundamen-

105 2601 287 2671 inrocatio
308 2598 442 2680 Patris,
477 2597 561 2667 Filii
584 2612 619 2667 et
644 2598 800 2690 Spiritus
821 2599 944 2668 sancti.
1143 2615 1219 2671 tum
1237 2626 1277 2670 ac
1296 2597 1455 2695 συνεχὸν
1477 2603 1586 2673 totius
1608 2604 1888 2688 controversiae,
1913 2619 1947 2675 et
1972 2610 2128 2679 ostendit

211 2700 332 2773 Coena
355 2700 502 2772 Domini
528 2715 580 2770 est
603 2722 732 2769 stereus
755 2702 918 2787 publicae
948 2723 1095 2788 congre·
1146 2704 1335 2771 discrimen
1368 2705 1453 2792 legis
1482 2717 1517 2774 et
1542 2700 1739 2791 Evangelii.
1796 2702 1876 2775 Erit
1899 2722 2016 2777 autem
2041 2709 2126 2779 illu-

107 2805 282 2897 gationis,
309 2805 347 2872 in
369 2827 437 2895 qua
465 2803 541 2871 vult
566 2799 662 2872 Deus
680 2802 820 2893 publice
843 2826 970 2872 sonare
986 2817 1095 2872 totam
1145 2805 1252 2873 strius
1273 2806 1493 2875 considerato
1518 2805 1633 2895 primu
1656 2805 1826 2902 exemplo.
1893 2804 1983 2875 Cum
2008 2806 2125 2881 Adam

105 2908 308 2979 doctrinam
332 2902 539 2992 Evangelii,
573 2917 611 2972 ut
631 2906 802 2994 scriptum
822 2919 888 2974 est:
927 2903 1096 2993 Quoties-
1145 2922 1178 2975 et
1193 2903 1269 2975 Eva
1287 2907 1373 2995 lapsi
1392 2920 1494 2989 surtt,
1521 2930 1594 2975 rron
1620 2919 1780 2995 poteraut
1802 2906 1905 2975 aliter
1926 2910 2126 2980 ratiocinari

105 3034 248 3101 ctrrtqne
273 3006 533 3086 convenientis,
559 3020 708 3076 mortem
726 3004 871 3074 Domini
896 3006 1095 3076 artnuucia-
1146 3033 1187 3077 ex
1212 3008 1304 3095 lege,
1337 3008 1406 3077 nisi
1428 3032 1464 3075 se
1487 3006 1557 3077 iam
1580 3006 1616 3073 iu
1642 3018 1712 3074 tota
1740 3010 1946 3079 aeternitate
1972 3013 2127 3084 abiectos

105 3113 191 3183 bitis
213 3113 326 3179 donee
349 3109 496 3177 venerit.
1147 3133 1238 3186 esse,
1263 3125 1294 3177 et
1314 3124 1425 3177 tutum
1441 3132 1553 3196 genus
1568 3102 1763 3175 humanum
1780 3108 1848 3176 iarn
1868 3110 2034 3200 perierat,
2056 3114 2127 3184 nisi

212 3211 398 3282 Secundus
422 3210 502 3277 finis
518 3221 569 3277 cst
587 3206 752 3298 privatim
771 3210 813 3278 ad
832 3208 990 3298 singulos
1014 3230 1094 3298 per·
1145 3208 1242 3280 Deus
1267 3204 1358 3278 edita
1385 3210 1619 3297 promissione
1645 3209 1843 3279 retraxisset
1861 3234 1920 3280 eos
1936 3236 1977 3281 ex
2002 3229 2126 3298 morte,

107 3318 246 3399 tineos,
281 3315 377 3405 qnod
401 3326 616 3385 sacramento
640 3324 723 3379 sunt
738 3310 837 3397 signa
859 3333 935 3380 non
957 3324 1093 3379 tantum
1145 3326 1176 3381 et
1199 3306 1264 3381 hac
1290 3313 1521 3402 promissione
1535 3310 1667 3398 gratiae
1681 3311 1897 3383 condidisset
1913 3308 2124 3385 Ecclesiam:

106 3440 188 3509 erga
206 3412 389 3499 homiues,
412 3416 472 3482 sed
493 3436 573 3502 erga
596 3413 734 3489 Deum,
761 3427 795 3482 et
818 3427 903 3483 sunt
925 3426 1093 3505 tauquam
1143 3414 1192 3484 ita
1208 3416 1336 3483 scimus
1352 3412 1467 3483 Deum
1486 3414 1576 3482 velle
1591 3411 1661 3483 sibi
1679 3411 1715 3480 in
1731 3435 1856 3501 genere
1873 3410 2031 3485 hnmano
2053 3417 2126 3488 col-

107 3520 309 3594 testimouia
333 3540 394 3586 sen
418 3517 565 3604 pignora
591 3514 836 3605 promissionis
857 3515 999 3604 gratiae.
1048 3511 1095 3583 Ut
1142 3515 1250 3601 ligere
1281 3532 1459 3585 aeternam
1489 3512 1703 3596 Ecclesiam,
1740 3514 1822 3607 quia
1847 3531 1986 3606 praeter
2015 3518 2125 3608 legem

106 3646 188 3695 cum
210 3620 319 3689 verbo
342 3619 513 3688 excitatur
534 3616 619 3685 fides
643 3640 705 3700 per
727 3614 899 3704 Spiritum
920 3629 1092 3693 sanctum,
1142 3618 1255 3686 edidit
1275 3617 1519 3686 aclruirandam
1536 3612 1828 3707 promissionem,
1853 3624 1897 3686 de
1921 3618 2125 3705 mediatore,

106 3723 244 3797 secedit
272 3716 341 3792 hoc
366 3734 549 3789 externum
581 3718 819 3788 testimonium
851 3733 1018 3808 tanquam
1044 3717 1091 3784 si·
1143 3721 1186 3787 dc
1205 3719 1410 3787 remissione
1425 3733 1648 3807 pcccatorum
1664 3719 1837 3804 gratuita,
1862 3720 1905 3785 de
1923 3720 2125 3789 reconlilia·

104 3849 238 3921 gnum,
262 3823 455 3916 etquidem
472 3821 653 3910 adplicans
669 3819 866 3907 generalem
886 3818 1092 3908 promissio·
1142 3822 1258 3901 tione,
1289 3834 1324 3890 et
1344 3822 1388 3887 de
1404 3821 1476 3891 vita
1498 3832 1650 3893 aeterua.
1703 3814 1800 3887 Haec
1821 3818 1921 3887 initia
1945 3817 2124 3892 Ecclesiae

104 3952 189 4001 nem
205 3928 248 3996 ad
265 3925 439 4014 singulos,
463 3922 498 3991 id
518 3935 588 4008 est,
613 3920 805 3992 testificans
820 3919 1091 4012 promissionem
1142 3922 1430 4003 considerentur,
1464 3928 1505 3992 ut
1528 3922 1587 3991 liat
1618 3919 1838 4010 conspectior
1861 3918 2056 4009 ¹promissio
2090 3938 2124 3992 et

102 4034 150 4104 ed
170 4030 331 4116 singulos
356 4025 543 4117 pertinere.
1140 4024 1312 4111 cogitetur
1333 4025 1513 4116 quomodo
1542 4045 1682 4112 semper
1706 4018 1861 4089 Ecclesia
1892 4019 2037 4092 collecta
2068 4025 2124 4107 sit,

209 4130 383 4201 Nominat
394 4127 504 4214 igitur
521 4122 651 4194 Paulus
673 4123 976 4192 circumcisionem
993 4121 1091 4211 sigil·
1140 4138 1173 4194 et
1190 4150 1279 4215 quae
1308 4148 1364 4194 res
1388 4124 1510 4195 lecerit
1531 4124 1722 4198 discrimen
1758 4121 1851 4191 inter
1870 4118 2063 4191 Ecclesiam
2089 4140 2123 4196 et

103 4240 180 4308 lum
199 4227 659 4318 iusticiaetidei,quiaerat
678 4224 1090 4314 testificatioiucorpore
1138 4220 1321 4301 Ethnicos.
1378 4226 1521 4297 Norunt
1549 4228 1661 4315 legem
1690 4222 1851 4315 utrique,
1891 4236 1926 4292 ct
1955 4238 2123 4319 utrosque

102 4330 274 4413 Abrahae
292 4357 311 4402 a
329 4331 404 4401 Deo
427 4329 576 4408 tradita,
602 4329 920 4396 commonefaciens
941 4349 1022 4393 enm
1046 4328 1090 4394 de
1138 4329 1192 4397 lex
1209 4342 1366 4412 accusat,
1385 4332 1444 4398 sed
1461 4328 1646 4419 promissio
1667 4325 1797 4412 gratiae
1819 4323 1902 4392 iacit
1923 4324 2138 4415 discrimen,

102 4437 342 4537 promissione
357 4448 390 4503 et
407 4432 595 4504 ostendens
614 4429 883 4518 promissionem
906 4430 949 4496 ad
973 4427 1088 4513 ipsum
1139 4453 1277 4520 semper
1298 4433 1393 4499 enim
1409 4444 1545 4502 tantum
1568 4429 1619 4496 ibi
1640 4428 1727 4507 luit,
1760 4438 1860 4494 estet
1878 4425 2041 4497 erit'vera
2057 4427 2123 4500 Dei

101 4530 295 4639 pertinere.
345 4534 447 4607 Sicut
467 4547 583 4603 autem
606 4525 789 4601 Abraham
814 4530 1091 4599 confirmabatur
1138 4526 1318 4618 Ecclesia,
1343 4532 1406 4601 ubi
1422 4544 1542 4600 manet
1556 4528 1743 4621 promissio
1765 4541 1801 4599 et
1823 4527 2018 4599 intellectus
2042 4554 2125 4621 pro-

101 4654 249 4734 eccepto
273 4635 341 4708 boc
359 4661 455 4706 novo
477 4634 578 4722 signo
604 4635 648 4702 de
672 4634 789 4716 coelo,
821 4633 870 4701 sic
886 4655 952 4700 nos
968 4631 1008 4698 in
1023 4653 1090 4700 usn
1140 4633 1319 4703 missionis
1334 4634 1476 4723 gratiae,
1492 4631 1723 4702 sicutPanlos
1740 4629 1871 4721 inquit:
1897 4627 2122 4701 Fundamen-

101 4762 406 4820 sacramentorum
430 4736 630 4807 confirmari
649 4749 805 4825 oportet,
840 4734 941 4826 quasi
960 4757 1089 4802 novam
1140 4750 1216 4804 tum
1232 4737 1328 4806 aliud
1347 4737 1431 4825 poni
1451 4758 1523 4804 non
1545 4747 1676 4820 potest,
1703 4747 1841 4821 praeter
1857 4732 1892 4798 id
1913 4738 2008 4825 ‹luod
2029 4737 2122 4824 posi·
2224 4788 2226 4795 .

103 4870 229 4923 vocem
246 4859 307 4913 aut
322 4843 462 4929 signnm
479 4863 520 4906 ex
538 4838 636 4905 coelo
660 4838 913 4928 acciperemus,
946 4849 980 4904 et
1003 4835 1092 4905 scire
1141 4852 1218 4906 tum
1245 4852 1314 4921 est,
1343 4840 1439 4929 quod
1463 4852 1514 4908 est
1538 4832 1704 4906 Christus
1733 4831 1838 4902 lesus.

102 4952 212 5027 scobis
242 4943 414 5041 applicari
440 4940 721 5031 promissionem.
773 4937 844 5009 Sed
872 4939 1091 5006 consuetudo
1242 4938 1324 5010 Sint
1347 4939 1454 5028 igitur
1478 4940 1515 5008 in
1539 4948 1725 5026 conspectu
1749 4935 1811 5003 illa
1830 4933 1943 5024 prima
1967 4937 2125 5022 exempla

103 5054 211 5136 lacit,
237 5061 277 5118 nt
293 5048 355 5116 illa
376 5042 577 5112 testimonia
601 5037 667 5110 Dei
700 5039 802 5109 nobis
826 5039 953 5109 tradite
979 5038 1093 5108 levius
1142 5039 1241 5109 Adae
1257 5054 1291 5111 et
1307 5038 1416 5113 Evae.
1463 5037 1512 5109 lli
1535 5039 1717 5129 perspicue
1738 5036 1987 5109 intellexerunt
2012 5038 2124 5105 maio-

103 5167 290 5230 eurentur.
341 5145 452 5219 Recte
473 5141 794 5234 igiturcogitemus
818 5143 863 5216 de
884 5164 953 5220 uste
977 5162 1092 5210 mera-
1141 5165 1217 5209 rem
1240 5141 1538 5233 propositionem,
1570 5140 1677 5210 Nulla
1702 5137 1889 5228 promissio
1912 5138 2125 5225 pendeusex

102 5270 330 5333 mentorum,
354 5262 389 5318 et
411 5246 562 5316 sciarnos
584 5266 658 5313 esse
682 5243 815 5333 sigilla,
841 5241 970 5324 idest,
996 5264 1094 5311 com-
1142 5245 1347 5313 conditione
1366 5243 1469 5334 legis,
1493 5257 1544 5313 est
1561 5242 1666 5312 nobis
1682 5253 1757 5311 reta
1772 5253 1806 5309 et
1824 5252 1936 5321 certa,
1965 5236 2034 5335 lpsi
2058 5267 2126 5312 uo-

102 5353 386 5432 snonelactiones
402 5351 446 5418 de
463 5346 699 5439 promissione
716 5358 749 5415 et
766 5343 1028 5419 testificationes
1049 5344 1094 5413 de
1144 5358 1225 5415 rant
1240 5346 1373 5434 legem,
1396 5349 1458 5417 sed
1473 5359 1550 5438 post
1564 5344 1702 5435 lapsum
1719 5339 1965 5431 intelligebant
1979 5363 2018 5412 se
2031 5344 2125 5415 iudi-

152 5460 346 5536 hlressrn.
363 5455 469 5522 Osset.
497 5446 584 5520 Vos,
600 5451 682 5522 XV.
1291 5444 1343 5520 67

1378 1629 1539 1713 Quirite
1580 1645 1882 1713 argumetum.
