4522 5782
109 210 226 295 aoso
787 194 1040 285 murone
1071 196 1482 283 sucessimus
1759 261 1762 265 .
2052 180 2175 279 mo·

29 374 33 379 ⁵
122 410 199 460 esse
220 387 265 456 de
286 380 534 453 emendatione
554 397 724 461 morum,
749 387 784 447 et
813 373 1046 444 conversione
1066 370 1105 440 in
1157 373 1399 461 gravissimam
1415 369 1550 447 Christi
1565 375 1904 459 comminationem,
1918 365 2055 445 Multis.
2069 373 2139 447 lh:

121 486 189 561 hac
212 487 302 565 vita,
329 505 493 553 noneste
515 480 766 571 expectandam
783 499 902 545 veram
919 473 1104 546 resuscita·
1162 471 1233 543 Vae
1255 469 1394 548 homini
1417 477 1492 561 illi,
1515 501 1700 572 perquem
1716 479 1814 550 venit
1831 473 2060 555 scandalum.
2099 472 2141 551 Et

91 600 94 605 '
123 592 257 663 tionem
274 583 404 657 borum
420 607 629 676 corporum,
657 580 694 649 in
716 580 851 649 cineres
870 579 1105 657 redactorum,
1158 573 1261 647 Pauli
1279 575 1397 652 Galat.
1412 575 1463 650 5.=
1491 576 1566 668 Qui
1586 585 1775 653 conturbat
1797 603 1883 666 vos,
1908 576 2070 672 pnrtahit
2091 579 2140 649 iu·
2173 584 2175 665 ξ

121 694 168 764 ad
181 703 360 761 aeternam
376 688 485 758 vitam
501 699 536 756 et
549 681 842 755 consuetudinem
859 704 940 749 curn
955 676 1043 748 Deo.
1158 678 1309 761 dicium,
1337 681 1542 774 quicunque
1561 697 1623 753 est.
1674 681 1745 755 Sed
1772 684 1929 755 dicimus
1944 700 2029 751 sum
2042 675 2138 771 Chri·

227 788 323 862 llaec
341 792 497 881 profecto
513 801 547 859 ct
563 799 677 856 errata
693 799 728 856 et
751 782 836 854 vitia
858 781 956 851 illins
979 777 1105 852 Eccle-
1157 795 1210 849 sto
1241 794 1377 852 umen:
1418 780 1568 855 Necesse
1598 808 1693 871 csse,
1725 799 1766 859 ut
1792 786 1942 857 veniant
1968 781 2136 871 scaudala,

120 895 194 967 siae
214 918 280 964 nec
298 916 424 985 parva,
452 914 519 962 nec
537 888 686 969 frivola,
712 887 774 956 sed
794 897 891 971 tanta
914 883 1040 965 fuisse,
1064 894 1105 953 ut
1157 885 1253 975 qnod
1276 883 1315 953 in
1331 882 1450 955 Lucae
1470 884 1526 960 17.
1552 910 1628 979 cap.
1651 888 1786 960 maiore
1811 912 1894 958 cum
1917 875 2136 957 vehementis
2172 952 2175 1001 Ι

121 1013 157 1070 et
172 982 323 1068 Paulum
347 996 546 1086 multosque
568 992 657 1061 alios
682 989 761 1081 pios
778 983 1004 1056 vehementer
1018 1007 1104 1054 con·
1157 983 1307 1058 dicitur:
1342 985 1565 1079 impossibile
1589 1013 1681 1073 esse,
1713 1006 1852 1062 utnon
1874 988 2026 1062 veniant
2048 1007 2137 1059 sesn-
2173 1018 2175 1051 ι

120 1099 319 1180 turbarint,
353 1112 388 1167 et
410 1093 604 1166 Ecclesiam
628 1091 832 1161 foedissime
862 1086 1105 1170 deformarint,
1156 1088 1247 1162 dala.
1298 1085 1347 1160 Et
1361 1087 1494 1161 Paulus
1516 1091 1716 1166 illustribus
1740 1093 1888 1187 quidem
1910 1106 1950 1164 et
1972 1085 2085 1172 verit,
2104 1105 2137 1165 ut

121 1216 157 1273 et
172 1199 356 1289 Evangelii
373 1221 514 1269 cursum
535 1220 608 1265 uon
625 1218 750 1285 parum
768 1189 1016 1282 impedierint,
1038 1213 1103 1280 ap·
1156 1192 1371 1280 experientia
1388 1189 1554 1275 testatur,
1577 1197 1637 1263 sed
1654 1196 1849 1265 admodum
1863 1192 2033 1265 tristibus
2049 1194 2134 1261 colo·

118 1317 221 1397 paret
234 1326 276 1371 er
294 1301 584 1391 responsionibus
596 1294 712 1375 Pauli,
729 1308 828 1365 tanto
843 1292 983 1384 spiritu,
1007 1315 1103 1361 com·
1158 1290 1257 1363 ribus
1282 1294 1478 1384 praesentis
1499 1296 1609 1365 seculi
1635 1292 1798 1369 homines
1819 1297 2005 1390 depingit,
2029 1290 2067 1365 2.
2083 1292 2135 1363 'li-

119 1406 297 1487 motione,
325 1400 546 1473 vehementia
566 1399 672 1470 ctiam
697 1396 849 1467 tarantis
873 1408 908 1465 et
929 1397 1104 1464 damnan-
1157 1390 1264 1464 moth.
1277 1396 1314 1468 8.
1330 1420 1409 1467 cum
1420 1392 1652 1467 Timotheum
1668 1422 1772 1469 suum
1790 1411 2013 1489 praemonet:
2036 1400 2134 1469 τοῦτο

119 1510 186 1588 tis,
214 1521 247 1575 et
265 1506 439 1594 corrigere
453 1502 628 1575 studentis
644 1499 705 1568 illa
720 1497 896 1570 scandala.
1155 1489 1345 1594 γίνωσκε,
1378 1492 1436 1569 ὅτι
1465 1496 1505 1570 ἐν
1528 1493 1699 1592 ἐσχάτως
1720 1496 1875 1595 ἡμέραις
1900 1498 2135 1595 ἐνστήσονται
2173 1498 2175 1513 ’

221 1607 261 1679 Si
280 1609 387 1696 igitur
412 1607 476 1676 illa
500 1606 613 1696 prima
629 1597 803 1685 Ecclesia,
828 1622 917 1692 quae
932 1592 1103 1689 Doctores
1154 1597 1278 1693 καιροὶ
1288 1597 1454 1693 χαλεποί.
1489 1599 1637 1672 ἔσονται
1652 1597 1727 1700 γάρ
1743 1601 1779 1677 οἱ
1792 1601 2002 1699 ἄνθρωποι
2013 1597 2135 1700 φίλαυ-

118 1705 246 1781 habuit
265 1709 359 1798 ipsos
376 1705 585 1799 Apostolos,
614 1703 817 1773 immediate
836 1694 1014 1771 rChristo
1039 1726 1102 1771 vo·
1154 1728 1231 1793 τοι,
1257 1696 1501 1799 φιλάργυροι,
1527 1695 1721 1796 ἀλαζόνες,
1746 1701 2011 1804 ὑπερήφανοι,
2029 1696 2134 1799 βλάσ-

119 1812 294 1897 catos,'et
318 1810 572 1880 miraculorum
600 1804 867 1876 inimitabilium
891 1802 1105 1873 testimoniis
1155 1830 1293 1900 φημοι,
1324 1809 1499 1903 γονεῦσιν
1523 1801 1708 1890 ἀπειθεῖς,
1744 1803 1965 1904 ἀχάριστα,
1991 1800 2134 1889 ἀνόσιοι,
2173 1814 2175 1895 ζ

120 1911 369 1985 certitudinem
397 1926 433 1983 et
452 1911 613 1981 doctrina
636 1932 718 1977 suae
740 1921 775 1978 et
797 1904 993 1976 vocationis
1016 1929 1101 1974 con·
1155 1905 1354 2005 ἄστοργοι,
1379 1904 1583 1993 ἄσπονδοι,
1609 1903 1798 2002 διάβολοι,
1830 1908 2028 2006 ἀκρατεῖς,
2053 1901 2132 2001 ἀνή-
2173 1904 2175 1955 ²

119 2017 316 2098 firmantes,
344 2013 552 2104 nonpotuit
575 2035 649 2081 esse
673 2008 843 2079 immunis
866 2020 902 2078 et
922 2007 1035 2077 libera
1056 2009 1102 2076 ab
1152 2034 1278 2103 μεροι,
1313 2005 1569 2108 ἀφιλάγαθοι,
1597 2004 1799 2107 προδόται,
1836 2013 2056 2109 προπετεῖς,
2089 2034 2134 2081 τε·

119 2118 327 2187 enormibus
358 2131 393 2186 et
422 2116 535 2185 foedis
567 2108 623 2182 his
652 2111 833 2181 erroribus
861 2121 895 2180 et
914 2110 1101 2193 scandalis,
1153 2108 1394 2207 superpictae,
1456 2104 1654 2208 φιλήδονοι
1696 2119 1841 2205 μᾶλλον
1886 2111 1916 2210 ἢ
1961 2107 2134 2209 otmaro,

117 2219 344 2291 turbantibus
360 2215 455 2288 baud
473 2216 602 2301 dubie,
628 2227 662 2284 et
679 2214 806 2283 misere
819 2211 1101 2281 excruciantibus
1153 2212 1298 2307 ἔχοντες
1322 2209 1523 2310 μόρφωσιν
1553 2211 1766 2308 εὐσεβείας,
1804 2213 1875 2312 τὴν
1905 2214 1951 2292 δι’
1979 2209 2134 2307 δύναμιν

117 2324 259 2413 piorum
285 2319 439 2388 animos:
466 2343 534 2411 qua
558 2319 695 2399 fronte,
734 2315 790 2385 vel
806 2312 1021 2385 Pontificum
1044 2338 1100 2383 as·
1153 2314 1268 2411 αὐτῆς
1290 2314 1503 2412 ἠρνημένοι.
1552 2315 1671 2410 Loqui
1694 2333 1813 2393 autem
1835 2320 2000 2393 Paulum
2023 2320 2069 2389 dc
2090 2317 2135 2399 iis,

117 2437 329 2503 sentatores,
364 2420 420 2489 vel
443 2419 589 2490 fanatici
612 2439 778 2499 errones,
809 2418 904 2507 apud
926 2441 1011 2498 nos,
1037 2418 1100 2510 qui
1153 2421 1217 2511 qni
1234 2420 1272 2489 in
1287 2419 1441 2490 Ecclesia
1456 2434 1559 2500 sunt,
1586 2432 1620 2488 et
1644 2443 1803 2512 expresse
1822 2421 2018 2515 complecti
2041 2417 2135 2493 umal

116 2549 200 2593 vere
216 2521 281 2593 Dei
297 2523 466 2590 beneficio
483 2521 629 2611 gloriari
645 2540 840 2611 possumus,
857 2518 1100 2608 incorruptam
1154 2520 1341 2607 Doctores,
1367 2546 1408 2593 ex
1424 2546 1465 2591 eo
1479 2521 1704 2592 manifestum
1720 2539 1782 2611 est,
1805 2528 1907 2618 quod
1927 2527 2019 2599 dicit
2033 2524 2077 2592 de
2098 2521 2133 2591 iit

116 2622 303 2715 Evangelii
324 2624 522 2694 doctrinam
542 2625 578 2691 in
597 2622 727 2692 nostris
749 2621 889 2710 templis
911 2636 945 2692 et
970 2616 1101 2693 scholis
1154 2625 1293 2718 aliquos
1309 2648 1393 2708 esse,
1411 2625 1472 2716 qni
1491 2624 1650 2714 irrepant
1666 2639 1846 2714 praetextu
1863 2626 2133 2699 communican-
2173 2654 2175 2719 ρ

117 2751 266 2813 sonare,
291 2750 459 2819 quaerere
480 2739 515 2795 et
541 2725 719 2817 postulare
742 2723 875 2792 audent
899 2724 1005 2794 talem
1027 2721 1099 2795 Ec·
1154 2728 1218 2796 dae
1235 2727 1417 2796 doctrinae
1433 2726 1472 2795 in
1494 2727 1641 2811 domos,
1667 2741 1700 2796 et
1721 2729 1872 2800 maxime
1893 2753 1935 2800 se
1958 2727 2133 2801 insinuent
2173 2730 2175 2771 ²

117 2829 278 2914 clesiam,
306 2852 396 2921 quae
419 2829 525 2896 meris
539 2840 674 2898 constet
690 2822 840 2912 angelis,
865 2820 956 2895 nihil
973 2823 1101 2900 habeat
1157 2828 1366 2899 mulieribus
1392 2830 1430 2897 in
1452 2828 1656 2922 gynaeceis,
1699 2845 1734 2900 et
1762 2830 1919 2901 aliorum
1953 2844 2130 2925 potentum
2172 2788 2175 2871 l

116 2933 220 3016 labis,
249 2928 342 3001 nihil
358 2929 583 3014 infirmitatis,
606 2922 699 2998 nihil
713 2926 985 3014 dissentionum,
1008 2927 1101 3001 nihil
1153 2931 1339 3014 domibus,
1365 2954 1515 3023 quarum
1534 2932 1671 3000 animos
1686 2956 1767 3001 cum
1788 2951 2019 3025 occuparunt
2040 2926 2134 3002 semel
2172 2916 2175 2959 ¹

116 3035 422 3125 disputationum,
448 3027 541 3103 nihil
559 3031 664 3101 etiam
685 3031 849 3120 lapsuum
866 3043 901 3101 et
916 3033 1102 3101 scandalo·
1154 3034 1314 3101 doctrina
1335 3033 1438 3117 falsa,
1472 3032 1679 3121 intelligunt
1701 3048 1817 3122 postea
1840 3058 1878 3105 se
1901 3039 2015 3108 etiam
2042 3031 2131 3104 facile
2172 3032 2175 3081 ¹

118 3161 199 3206 rum
217 3136 389 3219 aliorum,
414 3158 496 3204 cum
518 3134 630 3203 sciant
653 3145 813 3202 autorem
837 3126 964 3202 horum
988 3135 1100 3205 malo·
1153 3134 1269 3205 studia
1286 3150 1320 3204 et
1332 3135 1574 3205 defensionem
1590 3136 1800 3206 maritorum
1814 3132 2010 3210 habituros
2023 3156 2103 3208 estc·

117 3263 197 3307 rum
227 3238 410 3307 diabolum
444 3249 578 3327 patrem
608 3233 894 3319 mendaciorum,
934 3234 1101 3308 dissidio-
1257 3236 1364 3307 Tales
1394 3262 1475 3307 cum
1507 3235 1579 3307 sint
1604 3230 1769 3306 homines
1800 3232 1911 3309 huius
1944 3256 2132 3331 postremae

117 3365 217 3423 rum,
243 3340 415 3425 caedium,
441 3351 474 3406 et
491 3333 718 3407 horribilium
735 3336 909 3423 lapsuum,
934 3340 1100 3409 necdum
1154 3341 1277 3409 aetatis
1293 3340 1435 3417 mundi,
1463 3352 1591 3409 etcum
1608 3338 1710 3408 furor
1726 3340 1863 3409 diaboli
1884 3344 1932 3412 ad
1951 3357 2133 3413 extremam

116 3442 279 3510 funditus
306 3441 462 3509 deletum
496 3462 589 3514 esse,
620 3461 685 3507 nec
715 3436 875 3507 dormire
898 3452 960 3509 aut
989 3438 1101 3511 inter-
1154 3441 1380 3509 acerbitatem
1396 3440 1565 3533 eruperit,
1593 3441 1725 3510 mirum
1741 3442 1856 3511 videri
1870 3440 2133 3531 neminidebct,
2172 3492 2175 3549 ρ

118 3544 314 3634 quiescere,
340 3543 399 3611 sed
416 3540 604 3610 circumire
622 3563 719 3609 more
742 3539 915 3627 rugientis
931 3554 964 3612 et
988 3542 1100 3611 farne·
1155 3542 1205 3611 ibi
1230 3542 1378 3612 existere
1393 3542 1575 3625 scandala,
1603 3544 1862 3629 dissensiones,
1897 3560 1932 3615 et
1958 3548 2034 3618 alia
2058 3555 2132 3613 tcto
2173 3556 2175 3621 ξ

118 3645 177 3712 lici
203 3645 334 3723 leonis,
370 3657 404 3712 et
429 3643 572 3735 quidem
599 3642 689 3711 circa
714 3655 925 3733 postremam
951 3657 1099 3715 aetatem
1153 3645 1327 3727 facinora,
1353 3645 1415 3714 ubi
1437 3644 1559 3733 purior
1581 3639 1766 3733 Evangelii
1791 3647 1957 3716 doctrina
1980 3648 2133 3725 traditur,
2173 3726 2175 3737 Ι

117 3746 243 3815 mundi
277 3744 427 3833 grassari
456 3744 657 3828 forentius,
697 3743 906 3812 sentientem
935 3749 1099 3817 accedere
1153 3770 1258 3837 quam
1282 3748 1357 3816 odit
1374 3764 1408 3819 et
1422 3746 1610 3816 extinctam
1625 3748 1723 3837 cupit
1738 3747 2027 3834 diabolus‚cuni
2042 3745 2130 3821 simi·
2173 3754 2175 3775 '

119 3865 256 3936 tempus
274 3846 418 3932 iudicii,
443 3861 478 3918 ct
500 3861 661 3919 aeternae
681 3845 938 3935 damnationis,
964 3861 998 3916 et
1015 3872 1100 3939 sup·
1153 3848 1200 3916 lia
1229 3843 1302 3931 his,
1341 3865 1402 3919 aut
1423 3864 1516 3919 certe
1540 3870 1613 3916 non
1643 3851 1756 3920 multo
1789 3850 1924 3921 leviora
1958 3851 2131 3925 extiterint

118 3950 217 4039 plicii
247 3949 560 4018 inaestimabilium
584 3963 619 4019 ct
640 3948 676 4015 in
709 3945 888 4016 infinitum
920 3940 1096 4034 erigendo·
1153 3946 1407 4038 Apostolorum
1433 3951 1652 4040 temporibus
1680 3952 1716 4019 in
1742 3949 1856 4040 prima
1871 3951 2058 4038 Ecclesia,
2081 3953 2130 4022 ills

117 4077 197 4119 rum
219 4066 475 4122 tormentorum
498 4050 603 4139 pleni.
640 4049 761 4118 Sciant
785 4049 890 4119 etiarn
913 4045 1098 4121 hominum
1151 4052 1346 4131 sedatiore,
1386 4068 1420 4124 et
1443 4052 1599 4121 firmiore
1623 4066 1657 4122 et
1675 4053 1853 4141 vegetiore
1868 4069 1990 4127 aetate
2005 4052 2131 4133 mundi.

117 4168 278 4223 naturam
306 4168 384 4243 post
407 4152 545 4241 lapsum
571 4151 695 4220 misere
717 4166 935 4239 corruptam,
961 4167 995 4222 et
1017 4176 1096 4222 cum
1151 4177 1242 4245 quae
1258 4178 1480 4244 opponamus
1499 4168 1534 4223 et
1555 4153 1718 4224 fanaticis
1734 4155 1923 4244 spiritibus
1939 4154 2131 4249 Anabapti·

116 4268 227 4324 aetate
243 4255 368 4323 mundi
385 4255 489 4323 etiarn
510 4254 620 4341 ipsam
638 4252 896 4341 languidiorem
911 4255 1036 4323 factam
1052 4259 1095 4325 ad
1150 4256 1213 4325 stis
1235 4268 1269 4324 et
1291 4255 1607 4338 Stenclrfeldianis,
1637 4269 1671 4326 ct
1693 4257 1836 4347 perfidis
1859 4261 2056 4350 apostatis,
2079 4256 2130 4352 qni

116 4371 330 4437 extremum,
356 4356 494 4425 facilius
512 4378 608 4424 nunc
623 4379 642 4424 a
658 4355 810 4423 diabolis
826 4354 959 4445 impelli
976 4357 1019 4425 ad
1036 4381 1096 4427 cu·
1151 4381 1247 4427 nunc
1263 4356 1445 4427 Pontificis
1463 4359 1568 4448 pedes
1591 4353 1808 4451 (indignatio
1827 4383 1919 4447 pene
1931 4361 2035 4434 aliud
2051 4355 2129 4431 mihi

17 4470 23 4479 “
116 4458 332 4542 riositatem,
367 4458 620 4541 ambitionem,
655 4456 847 4541 invidiam,
881 4458 1097 4549 superbiam,
1152 4460 1300 4528 verbum
1319 4460 1550 4549 expresserat)
1567 4461 1789 4543 osculantur,
1816 4462 1920 4532 cuius
1938 4466 2042 4555 prius
2058 4462 2130 4534 uni·

116 4559 345 4650 cupiditatem
379 4560 584 4648 vindictae,
624 4559 732 4642 odia,
773 4574 807 4629 et
836 4559 1096 4647 profanitatem,
1151 4584 1286 4630 versam
1316 4561 1511 4651 potentiam
1541 4574 1576 4631 et
1605 4562 1812 4652 dignitatern
1842 4565 1888 4634 de
1912 4581 2079 4656 suggesto
2097 4566 2128 4631 in

116 4685 160 4733 ex
177 4662 306 4754 quibus
322 4662 517 4730 adfectibus
539 4663 707 4730 oriuntur
728 4661 856 4729 deinde
873 4684 997 4731 omnes
1012 4663 1095 4731 illae
1148 4656 1205 4731 bis
1229 4663 1315 4751 ipsis
1337 4661 1505 4733 Ecclesiis
1534 4664 1677 4754 publice
1701 4665 1941 4753 damnarunt,
1983 4683 2020 4740 et
2050 4666 2127 4738 diris

112 4780 248 4858 pestes,
288 4764 418 4855 quibus
441 4758 634 4831 Ecclesiam
661 4762 819 4841 turbari,
850 4775 885 4831 et
909 4761 1095 4853 Evangelii
1148 4765 1380 4836 devoverunt.

113 4889 256 4938 cursum
272 4879 307 4936 et
321 4865 508 4934 efficaciam
523 4864 709 4954 impediri,
735 4878 769 4934 et
789 4864 984 4934 imbecilles
1007 4865 1094 4935 alie·
1239 4863 1391 4956 Propter
1402 4860 1732 4936 hancnecessariam
1742 4868 2029 4942 consolationem
2040 4894 2126 4944 com·

111 4971 210 5055 nari,
244 4969 323 5061 pios
348 4967 453 5037 etiam
481 4978 515 5035 et
537 4966 644 5037 fortes
668 4966 891 5037 consternari
913 4979 948 5036 et
970 4989 1094 5039 excru·
1147 4968 1410 5037 mendatissima
1426 4980 1458 5038 et
1476 4969 1671 5057 gratissima
1696 4965 1764 5038 hoc
1783 4982 1949 5060 tempore
1970 4975 2042 5063 piis
2062 4994 2126 5044 esse

110 5073 195 5143 ciari
216 5070 431 5165 experimur.
1146 5070 1250 5141 debet
1272 5070 1375 5140 lectio
1399 5093 1480 5140 cnm
1504 5068 1914 5160 Epistololarum·Panli
1937 5077 1983 5144 ad
2004 5073 2124 5146 Corin-

185 5173 266 5242 Non
282 5172 547 5263 patrocinemur
559 5170 753 5249 erroribus,
777 5169 875 5238 vitiis
897 5183 930 5240 et
943 5173 1093 5241 scanda-
1146 5167 1240 5241 thios
1255 5172 1476 5262 scriptarum,
1502 5172 1696 5242 tumeliam
1715 5168 1821 5243 huius
1835 5175 2124 5256 commentarioli,

13 5308 16 5313 ·
110 5275 171 5356 lis,
188 5298 339 5363 quorum
356 5274 539 5343 autoribus
553 5273 681 5341 scimus
697 5294 801 5360 grave
817 5271 988 5341 iudicium
1006 5275 1108 5343 sub-·
1145 5274 1206 5364 qui
1226 5277 1270 5343 de
1293 5274 1416 5344 multis
1437 5274 1596 5364 partibus
1618 5275 1799 5344 doctrinae
1819 5277 1984 5349 coelestis
1998 5278 2122 5368 gravis-

109 5379 279 5462 eundum,
295 5390 330 5447 et
344 5372 536 5446 horribiles
551 5396 683 5466 poenas
694 5373 880 5444 solvendas
894 5396 978 5460 esse,
995 5377 1090 5446 iuxta
1114 5334 1121 5437 l
1143 5374 1249 5447 simas
1274 5377 1632 5448 commonefactionea
1656 5377 1836 5466 continet,
1868 5378 1910 5451 id
1935 5383 2035 5477 qnod
2056 5400 2120 5451 non
