4522 5782
76 210 138 287 ur
235 292 238 297 ,
396 159 1154 293 'a11.eaartuartornavauo.
1187 186 1408 291 raanan.
1472 212 1579 289 cae
1603 217 1705 293 xrv.
2010 224 2141 349 stax

76 381 274 457 cstdeS.S.
299 426 302 431 ·
325 368 473 457 Publice
495 388 591 457 adest
618 386 901 471 ministerio,‘ac
923 389 1052 460 retinet
1103 398 1345 478 praeceptum,
1378 387 1437 455 sed
1458 400 1509 458 est
1533 390 1718 479 promissio
1744 405 1778 465 et
1799 395 2014 481 consolatio,
2044 401 2090 469 ad
2177 444 2203 479 .·
2250 460 2254 469 .

74 489 429 568 reramsententiam,
463 503 496 558 et
519 515 580 580 per
603 490 717 579 ipsum
742 491 977 561 ministerium
999 503 1051 561 est
1102 488 1260 578 singulos
1294 502 1328 558 et
1356 491 1399 557 ad
1439 489 1640 561 universam
1672 491 1866 567 Ecclesiam
1898 499 2091 587 pertinens.

71 591 200 673 ellicax,
245 603 285 661 ut
310 592 503 660 clarissime
528 605 700 662 testantur
727 586 811 660 haec
835 594 927 662 dicta
953 595 984 663 1.
1004 597 1050 662 ad
1101 589 1284 679 Significat
1298 591 1405 681 igitur
1422 576 1488 682 pax
1504 589 1682 678 hocloco,
1707 611 1748 667 ut
1763 599 1976 701 saepc'alias,
1991 614 2090 672 tren·

68 689 143 774 Cor,
161 694 197 761 l.
225 705 259 762 et
273 694 309 767 2.
326 695 369 762 ad
387 689 551 768 Corinth.
573 694 627 763 8.;
651 689 885 784 Evangelium
910 712 960 768 est
981 697 1050 765 mi·

65 793 248 865 nisterium
275 795 437 888 spiritus,
471 793 569 867 etad
595 794 779 867 Romanos
807 803 855 870 1.:
887 795 1049 887 Evange-

64 895 147 965 lium
170 913 225 967 cst
248 898 404 986 potentia
428 895 494 967 Dei
519 901 563 967 ad
585 900 733 969 salutem
755 900 854 969 omni
881 900 1049 970 credenti.

61 995 205 1067 lletinet
237 998 391 1091 Spiritus
413 1014 553 1070 sanctus
576 1001 612 1069 in
629 998 784 1071 Ecclesia
810 1004 922 1072 lucem
945 1027 1049 1071 verae

61 1099 260 1184 doctrinae,
286 1101 374 1171 alias
387 1101 426 1170 in
439 1103 621 1192 pluribus,
648 1103 734 1172 alias
752 1104 789 1171 in
811 1104 1048 1192 paratioribus,

59 1215 91 1270 et
104 1202 262 1271 subinde
277 1226 399 1273 rursus
414 1206 589 1288 accendit,
616 1218 655 1275 ut
674 1207 718 1274 ad
735 1201 909 1297 Ephesios
922 1220 1048 1300 quarto

59 1302 205 1372 dicitur:
229 1301 340 1375 Dedit
356 1306 448 1376 dona
465 1302 693 1393 horninibus,
709 1304 922 1398 Prophetas,
947 1310 1047 1400 Apo-

57 1405 185 1483 stolos,
212 1403 396 1491 Pastores,
423 1406 618 1492 Doctores,
649 1424 684 1479 et
700 1410 845 1480 additur
870 1413 919 1479 ihi
944 1435 1046 1481 carisa

57 1507 146 1576 tanti
171 1508 356 1595 beneficii,
399 1535 444 1579 ne
467 1512 641 1582 fluctuent
661 1506 843 1596 homines,
878 1527 1047 1607 tanquam

55 1609 172 1678 sentis
205 1633 368 1682 errorum
391 1615 530 1703 agitati,
566 1614 603 1682 id
625 1629 695 1699 εει,
728 1613 884 1705 Spiritus
906 1631 1047 1686 sanctus

55 1711 184 1780 retinet
201 1708 438 1804 Evangelium
462 1738 481 1785 a
504 1710 647 1786 Christo
670 1718 838 1785 traditum
867 1718 904 1785 in
921 1714 1046 1789 Eccle-

54 1813 124 1897 sia,
153 1828 188 1882 et
204 1816 305 1885 addit
321 1820 456 1887 donum
473 1818 794 1909 interpretationis,
819 1842 880 1890 seu
898 1821 935 1888 in
953 1822 1046 1891 mul·

54 1915 118 1998 tis,
145 1917 415 2008 seniupaucis,
448 1933 488 1989 ιιι
508 1945 596 2005 una,
632 1945 731 2001 vera,
765 1936 953 2013 perpetua,
989 1922 1046 1990 in-

54 2031 222 2109 corrupta
251 2022 423 2090 sententia
451 2046 587 2111 semper
620 2037 778 2108 maneat,
820 2048 865 2093 ne
894 2024 1045 2095 extincta

53 2143 135 2187 sera
161 2120 342 2209 agnitione
364 2136 397 2192 et
417 2121 764 2217 invocatioueDei,
798 2138 911 2195 totum
935 2149 1044 2215 genus

56 2215 253 2311 hunranum
272 2226 495 2315 opprimatur
509 2226 691 2296 furoribus
716 2223 867 2298 ethnicis
888 2242 921 2299 et
944 2229 1044 2297 simi-

56 2321 162 2392 libus.
214 2323 310 2395 Haec
325 2328 369 2394 de
384 2328 528 2416 publico
545 2330 714 2399 beneficio
736 2329 925 2420 diligenter
947 2329 1043 2417 cogi-

54 2429 160 2494 tanda
183 2442 286 2512 sunt,
317 2443 352 2497 et
376 2431 566 2518 petendum
590 2444 658 2511 est,
685 2444 724 2502 ut
747 2434 891 2502 doctore
904 2430 1042 2522 Spiritu

1101 693 1314 784 quillitateur
1338 707 1372 762 et
1395 697 1562 782 gaudium
1587 698 1734 781 mentis,
1772 715 1889 771 ortum
1912 727 1932 771 a
1952 696 2090 774 duabus

1101 795 1233 876 causis,
1260 796 1343 889 quia
1361 796 1523 866 videlicet
1547 822 1648 868 meris
1672 799 1929 891 intelligitDeo
1952 803 1990 874 in
2017 806 2090 875 illis

1101 895 1281 967 aerumnis
1308 898 1545 968 obediendum
1572 924 1662 985 esse,
1695 918 1727 973 ει
1752 903 1922 997 prospicit
1946 907 2090 993 exitum,
2204 908 2207 913 ’

1101 999 1138 1067 id
1154 1012 1223 1079 εει,
1255 1000 1320 1069 scit
1335 992 1452 1071 Deum
1472 1000 1574 1070 nohis
1599 1008 1737 1087 adesse,
1772 1005 1840 1074 iam
1864 1030 1961 1077 nunc
1985 1032 2089 1100 opem

1100 1102 1208 1186 serre,
1242 1101 1402 1190 mitigare
1427 1103 1662 1196 salernitates,
1698 1123 1739 1178 et·
1756 1110 1897 1179 laudern
1922 1112 2089 1183 daturum

1101 1202 1258 1293 placidos
1275 1204 1399 1276 exitus.

1201 1303 1297 1373 Haec
1310 1305 1442 1375 clarius
1459 1307 1699 1397 intelligentur
1716 1336 1756 1381 ex
1770 1313 1972 1383 collatione.
2016 1312 2090 1384 De-

1100 1400 1320 1493 mosthenes,
1347 1405 1471 1478 Cicero
1497 1424 1530 1478 et
1546 1412 1679 1482 similes
1694 1437 1819 1505 magna
1835 1415 1991 1506 pericula
2009 1441 2089 1487 sus·

1100 1509 1215 1580 tinent
1242 1508 1280 1577 iu
1309 1533 1371 1580 sua
1400 1512 1675 1601 gubernatione,
1707 1530 1743 1586 et
1766 1542 1847 1586 curn
1873 1517 1994 1589 vident
2025 1543 2089 1589 sua

1099 1611 1246 1680 cornilia
1280 1634 1354 1681 esse
1389 1613 1567 1698 infelicia,
1603 1631 1765 1687 accusant
1785 1620 1960 1688 sociorum
1984 1620 2088 1710 perli-

1099 1713 1212 1797 diam,
1246 1714 1369 1787 dolent
1391 1739 1474 1784 suos
1497 1716 1634 1785 labores
1658 1741 1730 1787 esse
1756 1719 1872 1789 irritos
1896 1737 1929 1789 et
1955 1721 2088 1807 inanes,

1099 1831 1131 1885 et
1150 1815 1307 1887 iudicant
1323 1840 1393 1886 sea
1409 1816 1483 1887 Deo
1501 1817 1650 1908 negligi,
1678 1819 1878 1892 irascuntur
1898 1845 1981 1911 ergo
1998 1821 2087 1903 Deo,

1098 1932 1131 1987 et
1160 1918 1411 2009 opprimuntur
1441 1921 1684 2006 desperatione
1712 1937 1746 1991 et
1769 1924 1903 1998 dolore.
1965 1923 2005 1993 ln
2030 1920 2088 1994 his

1099 2044 1172 2089 non
1190 2034 1240 2090 est
1255 2043 1333 2111 pax,
1349 2024 1393 2089 de
1411 2016 1653 2113 quaChristus
1668 2024 1837 2117 loquitur,
1856 2025 1891 2095 id
1913 2039 1973 2111 est,
1989 2042 2086 2098 tran-

1098 2121 1256 2213 quillitas
1284 2144 1345 2191 seu
1365 2122 1532 2212 gaudium
1557 2125 1694 2205 cordis,
1726 2140 1760 2196 et
1783 2128 1976 2218 expectatio
2000 2129 2085 2198 boni

1097 2223 1219 2293 exitus.
1272 2225 1321 2293 At
1345 2237 1486 2295 econtra
1513 2225 1549 2292 in
1571 2223 1716 2295 leremia
1742 2241 1775 2297 et
1800 2227 1836 2296 in
1854 2225 2013 2321 Baptista
2034 2246 2087 2301 est

1097 2350 1180 2414 pata,
1215 2327 1352 2396 tametsi
1383 2328 1487 2396 ambo
1511 2328 1686 2398 sustinent
1708 2329 1866 2417 ingentes
1887 2354 2086 2416 aerumnas,

1096 2426 1250 2517 ingentia
1268 2428 1434 2519 pericula,
1448 2446 1480 2498 et
1495 2433 1638 2498 tandem
1654 2456 1673 2499 a
1687 2432 1848 2523 tyrannis
1865 2431 2083 2503 interficiun·
2119 2520 2123 2529 Ι

55 2543 175 2597 sancto
203 2538 342 2621 s‘emper
373 2544 407 2601 ει
435 2531 568 2626 ubique
597 2547 739 2625 regatur
762 2559 831 2604 vox
853 2534 1041 2605 ministerii
1093 2520 1165 2604 lur.
1217 2526 1457 2602 Uudeautem
1486 2526 1571 2599 haec
1596 2558 1659 2623 para
1686 2533 1721 2599 in
1746 2537 1851 2602 corde
1875 2534 2013 2604 oritur?
2047 2535 2085 2603 id

56 2630 204 2719 publici.
1094 2646 1162 2717 est,
1193 2655 1283 2725 quae
1298 2656 1421 2701 causae
1436 2634 1685 2712 consolantur,
1721 2651 1754 2703 et
1779 2649 1977 2705 sustentant
2002 2637 2084 2706 eos?

156 2729 295 2802 Deinde
314 2733 487 2825 privatum
506 2737 716 2806 beneficium
738 2752 810 2822 est,
837 2763 918 2809 curn
942 2764 1040 2808 men-
1094 2733 1416 2805 llaecausaesunt.
1466 2733 1608 2806 Norunt
1624 2762 1665 2805 ex
1681 2737 1840 2806 doctrina
1858 2737 2000 2806 coelesti
2020 2762 2084 2808 cor

56 2848 105 2904 tes
135 2834 290 2904 audiunt
320 2838 466 2907 verbum
490 2836 577 2919 Dei,
618 2836 774 2929 Spiritus
806 2855 946 2912 sacratus
976 2837 1043 2910 hac
1094 2831 1250 2905 Ecclesia
1279 2830 1324 2906 sit
1354 2833 1508 2906 subiecta
1541 2839 1658 2917 crisci,
1693 2852 1727 2908 et
1752 2841 1846 2929 quod
1874 2837 1967 2908 Deus
1992 2834 2083 2909 hanc

57 2936 130 3025 ipso
164 2960 248 3005 auce
279 2938 393 3006 lucem
426 2941 464 3007 in
488 2926 656 3011 c'ordibns
676 2944 853 3026 accendit,
887 2958 927 3013 ut
950 2957 1042 3012 recte
1093 2936 1329 3007 obedientiam
1349 2936 1519 3028 postulet,
1544 2939 1746 3010 imosciuot
1769 2941 1880 3007 tilium
1900 2941 1985 3024 Dei,
2020 2942 2083 3035 qui

54 3037 256 3129 intelligant
279 3031 531 3130 Evangelium,
565 3058 598 3113 et
617 3043 804 3114 flectantur
828 3069 945 3136 reeens,
978 3070 1042 3115 eo·
1094 3053 1144 3109 est
1167 3054 1271 3129 caput
1296 3035 1491 3121 Ecclesiae,
1525 3041 1685 3110 futurum
1712 3065 1784 3109 esse
1812 3044 2011 3139 victimam,
2048 3056 2083 3114 et

54 3142 173 3209 luntaas
190 3154 222 3211 et
238 3165 300 3210 cor
314 3144 358 3210 ad
375 3147 590 3215 credendum
600 3197 612 3230 ,
648 3160 681 3215 ει
705 3148 900 3217 excitentur
924 3163 1042 3218 motus
1094 3142 1324 3212 toleraturum
1348 3141 1590 3210 acerbissimos
1612 3142 1795 3215 cruciatus.
1856 3143 2003 3212 interim
2028 3157 2082 3214 ta·

55 3243 314 3314 consentientes
340 3245 409 3331 legi
439 3244 525 3331 Dei,
569 3263 603 3317 et
630 3250 906 3333 consolationes,
948 3274 1042 3343 quae
1094 3244 1324 3327 roerssciont,
1359 3267 1395 3311 se
1409 3257 1442 3312 et
1457 3238 1651 3321 Ecclesiam
1673 3244 1808 3327 iuvari,
1835 3258 1868 3313 et
1892 3240 2082 3315 sustentari

54 3358 137 3413 ειιιιι
165 3345 320 3416 incoatio
345 3346 642 3432 vitaeaeternae,
675 3366 713 3419 ut
736 3348 899 3421 Christos
922 3352 1041 3444 inquit
1072 3342 1221 3447 lanso,
1253 3360 1287 3415 ct
1309 3348 1450 3436 tandem
1474 3346 1587 3415 exitus
1609 3347 1684 3414 lore
1706 3346 1817 3416 laetos
1843 3360 1877 3416 ει
1899 3347 2082 3435 gloriosos,

58 3444 155 3515 loan.
174 3445 248 3517 17.:
282 3445 380 3516 Haec
395 3462 446 3519 εει
463 3450 533 3520 vita
551 3468 713 3530 aeterna,
740 3469 778 3524 ut
794 3471 983 3540 agnoscant
1008 3468 1041 3523 te
1094 3472 1157 3517 nec
1175 3447 1314 3516 labores
1328 3469 1409 3517 suos
1426 3447 1549 3517 inaures
1563 3462 1596 3517 ει
1613 3448 1734 3517 irritos
1751 3471 1836 3520 esse.

53 3548 169 3616 solum
185 3572 308 3618 verum
335 3572 407 3618 esse
421 3549 557 3637 Deum,
592 3567 626 3623 et
648 3577 753 3645 quem
778 3555 902 3627 misisti
926 3553 1039 3625 lesum
1198 3547 1364 3617 ieremiae
1394 3549 1602 3636 gubernatio
1633 3550 1815 3619 dissimilis
1845 3564 1895 3621 est
1919 3554 2079 3622 omnium

54 3670 126 3720 esse
138 3646 343 3734 Christum,
375 3676 415 3722 ac
436 3656 481 3722 de
503 3668 656 3746 utroque
675 3656 865 3737 beneficio,
897 3659 1040 3748 publico
1092 3651 1314 3742 superiorum
1337 3645 1596 3740 Prophetarum
1618 3652 1796 3733 consiliis,
1831 3678 1952 3736 omnes
1975 3678 2078 3745 supe·

53 3767 86 3820 et
103 3751 261 3842 privato,
289 3776 391 3845 saepe
408 3755 622 3827 iamdictam
641 3772 763 3841 ειμι
781 3783 903 3828 rursus
919 3762 1041 3828 dicen.
1093 3754 1203 3821 riores
1224 3747 1483 3842 prohibuerunt
1502 3753 1739 3832 deditionem,
1766 3776 1799 3822 et
1819 3754 1997 3824 iusserunt
2022 3756 2078 3821 di·
2186 3812 2190 3821 .

10 3882 13 3901 .
53 3858 140 3924 dum
164 3856 244 3929 erit.
299 3853 461 3949 Cumque
483 3860 589 3928 verba
613 3873 725 3929 [extors
746 3863 833 3928 aaleo
858 3861 1040 3953 perspicua
1094 3856 1241 3937 micare,
1285 3858 1379 3946 quod
1407 3855 1600 3922 suadebant
1624 3869 1653 3923 et
1684 3856 1952 3961 promissiones,
1988 3880 2078 3950 quae

54 3956 142 4038 slul,
170 3981 244 4025 non
270 3970 320 4026 εει
342 3981 432 4049 opus
453 3960 558 4049 longa
582 3961 824 4045 enarratione,
858 3965 917 4031 secl
944 3988 1041 4031 com·
1091 3956 1337 4047 significabant
1351 3979 1497 4042 reguum
1518 3957 1555 4025 in
1576 3955 1659 4025 luda
1677 3980 1881 4025 mansurum
1899 3981 1983 4028 esse.
2029 3955 2078 4027 Αι

53 4058 236 4128 nronefieci
268 4059 434 4130 lectorem
464 4066 624 4152 prodest,
667 4064 794 4133 deinde
826 4064 883 4154 pia
908 4064 1042 4153 cogita·
1095 4059 1256 4127 lerenrias
1287 4060 1410 4126 suadet
1440 4058 1678 4141 deditionem,
1721 4083 1809 4148 qnae
1834 4073 1910 4127 erat
1932 4059 2076 4127 exitiosa

53 4158 151 4229 tione
178 4162 216 4229 in
246 4163 464 4254 quotidianis
495 4162 661 4254 perieulis
691 4180 726 4235 et
749 4167 786 4233 in
805 4156 1042 4250 invocatione,
1093 4157 1174 4229 huie
1190 4161 1252 4231 tuti
1271 4161 1426 4249 politiae,
1442 4176 1475 4230 et
1492 4161 1701 4247 dissipatura
1720 4173 1951 4244 eratgentem.
1981 4157 2077 4229 llaec

53 4254 120 4332 hee
135 4262 360 4335 dulcissimae
375 4266 625 4355 promissiones
639 4268 729 4338 hunt
746 4268 967 4342 illustriores.

1093 4364 1283 4434 verisimile
1301 4366 1508 4446 videbator,
1531 4363 1735 4449 dissipatam
1759 4376 1897 4449 gentem
1921 4377 1997 4453 post
2022 4388 2077 4432 se·

1092 4467 1275 4566 ptuaginta
1291 4490 1403 4535 anrsos
1419 4487 1539 4533 rursus
1556 4466 1759 4552 corrgregari
1778 4489 1877 4554 posse
1901 4464 1937 4532 in
1964 4492 2076 4536 uriom

154 4568 216 4642 Sic
244 4569 284 4638 in
307 4565 372 4639 hac
395 4573 567 4641 sententia
593 4574 962 4644 commonefaciendus
990 4589 1042 4643 εει
1093 4574 1226 4652 locum,
1260 4581 1450 4637 autrnmm
1477 4567 1622 4633 lucratam
1650 4563 1804 4656 lieipnb.
1862 4564 1946 4635 ldeo
1971 4565 2077 4636 Prin-

58 4673 183 4758 lector,
216 4674 346 4766 quade
367 4674 573 4745 redicatur.
628 4673 750 4745 Postea
777 4679 813 4743 in
838 4677 1041 4746 afflictioni·
1092 4674 1205 4762 cipes,
1231 4667 1418 4738 Pontifices
1437 4682 1469 4737 et
1485 4666 1693 4737 Sacerdotes
1709 4672 1875 4751 oderant,
1906 4683 1939 4738 et
1956 4671 2077 4739 ntultis

319 4428 451 4505 Pacem
470 4458 588 4505 nicam
604 4431 651 4505 do
666 4434 777 4510 robis.

1091 4285 1249 4356 pugnare
1266 4263 1480 4331 videbantur
1501 4286 1580 4329 cum
1607 4260 1856 4349 promissione,
1891 4285 1955 4329 nec
1981 4261 2076 4330 eninr
2149 4319 2155 4328 .
2219 4258 2222 4265 ’

58 4775 120 4843 hos
151 4788 185 4845 et
216 4775 406 4864 perieulis,
455 4770 547 4844 hanc
576 4779 845 4866 promissionem
876 4779 1040 4863 cogitatio
1093 4774 1206 4841 modis
1228 4770 1474 4840 excruciabant
1498 4765 1692 4841 leremiam.
1752 4768 1848 4838 Ilaec
1872 4775 1998 4840 tolerat
2021 4773 2078 4838 in-
2141 4845 2143 4849 ,
2203 4846 2209 4855 ,

10 4886 14 4895 “
59 4878 179 4948 reddet
195 4876 437 4947 illustriorem.
490 4875 599 4947 Mariti
619 4879 884 4950 intellexerunt:
913 4879 1038 4949 Pacem
1091 4875 1186 4965 genti
1204 4873 1478 4955 roboreanimi,
1505 4884 1538 4940 et
1554 4870 1618 4940 scit
1639 4894 1720 4940 suos
1743 4872 1881 4940 labores
1906 4874 2077 4940 salutares

56 4982 218 5073 relinquo
234 4980 355 5063 vobis,
386 5003 451 5070 pro
467 4974 533 5049 hac
547 4985 739 5052 sententia:
768 4983 860 5051 Volo
882 5006 945 5051 vos
969 5005 1042 5051 esse
1091 4971 1356 5046 esseEcclesiae
1373 4974 1455 5058 Dei,
1488 4974 1624 5042 etiamsi
1647 4974 1743 5041 videt
1765 4974 1940 5042 excidium
1964 4974 2075 5063 orbis,
2142 5071 2158 5083 ι

58 5085 245 5153 concordes
262 5081 355 5153 inter
371 5105 451 5163 vos,
475 5096 506 5150 et
524 5084 673 5151 tolerare
689 5086 854 5169 iniurias,
876 5109 941 5153 nec
956 5108 1041 5153 con·
1092 5077 1377 5169 dissipationem,
1405 5094 1439 5146 et
1456 5097 1556 5144 raeces
1572 5075 1724 5158 civium,
1749 5074 1813 5142 scit
1836 5091 1870 5144 et
1890 5068 1976 5155 hoc,
2003 5097 2076 5144 sea
2143 5086 2158 5109 ⁶

57 5186 159 5256 citare
181 5184 323 5283 plebem
348 5199 470 5255 contra
485 5180 670 5273 Evangelii
695 5182 823 5260 hostes.
878 5183 957 5255 Etsi
977 5210 1041 5255 au·
1091 5181 1167 5251 Deo
1183 5181 1316 5272 protegi
1333 5194 1366 5250 et
1381 5178 1516 5259 iuvari,
1545 5199 1747 5294 quanquam
1767 5198 1869 5265 saepe
1888 5176 2078 5294 crudeliter

10 5268 15 5297 '
55 5300 119 5357 tens
135 5288 225 5357 alias
240 5309 344 5378 saepe
362 5288 405 5355 de
422 5286 630 5377 concordia,
645 5304 677 5357 et
695 5291 738 5357 de
753 5288 939 5358 tolerantia
955 5313 1039 5356 con·
1092 5297 1236 5353 vexetur
1250 5283 1296 5351 ah
1310 5281 1483 5362 inimicis,
1497 5302 1535 5346 ac
1550 5279 1693 5347 tandem
1710 5301 1748 5345 ιιι
1764 5273 1924 5369 Aegypto
1940 5277 2078 5348 interfi-

100 5499 278 5562 dlassaco.
308 5496 411 5559 Oeen.
436 5496 518 5558 Vos.
549 5495 625 5559 XV.
1542 5484 1595 5554 ‘El
