4522 5782
109 216 187 297 sot
278 197 285 208 ’
604 223 608 235 ·
712 204 844 285 enti.
871 202 990 283 stst.
1010 207 1222 285 scutata
1248 204 1553 289 metatos.
1765 226 1770 235 '
1813 226 1825 253 ¹
2070 208 2147 287 dot

108 403 287 488 praestare
320 384 508 481 perfectam
541 379 809 472 obedientiam,
852 380 910 451 lex
944 380 1105 453 ostendit
1159 383 1356 468 lunulam,
1388 381 1553 455 videlicet
1568 382 1683 456 Deum
1707 380 1897 456 missurum
1917 404 1995 456 esse
2019 381 2146 457 Filium

19 571 22 575 ,
111 501 201 568 iram
225 491 293 563 Dei
313 491 482 561 adversus
501 500 702 577 peceatum,
740 497 880 555 accusat
900 495 937 553 et
956 485 1108 555 dsmnst
1159 509 1285 571 suum,
1311 498 1352 556 ut
1374 484 1435 555 liat
1456 486 1605 556 victima
1626 482 1885 578 pro-llcclesis,
1918 484 2039 557 Deum
2063 488 2146 559 velle

114 619 243 666 omnes
257 589 421 662 homines
438 602 573 680 praeter
587 580 791 675 Christum,
818 586 899 678 qui,
932 601 974 656 ut
989 586 1108 680 inquit
1157 588 1268 678 gratis
1291 587 1471 658 remittere
1495 602 1646 680 peccata.
1696 586 1794 659 llaec
1818 589 1924 679 longe
1945 601 2045 660 extra
2067 613 2146 661 con-

115 699 268 779 Paulus,
294 692 464 766 liberarit
482 714 548 760 nos
570 712 590 758 a
613 686 976 778 maledictionelegis.
1045 687 1108 758 Li·
1156 704 1319 781 spectum
1336 685 1512 759 humanae
1531 691 1679 762 rationis
1702 691 1813 782 posita
1836 705 1932 766 sunt.
1985 688 2074 761 Ideo
2093 693 2144 765 di·

119 799 391 870 beravitautem
414 818 488 864 non
510 805 648 862 tantum
674 789 823 861 ludaeos
847 803 908 860 aut
932 803 1107 875 caeteros,
1158 792 1310 882 ligeuter
1340 790 1493 861 discerni
1523 793 1655 863 debent
1684 792 1778 863 dicta
1810 793 1929 884 legum
1955 818 1975 864 a
1999 794 2144 884 promis·

113 904 177 998 qui
194 913 274 993 post
289 900 420 970 editam
437 895 493 964 vel
509 893 678 964 abolitam
693 892 805 981 legem
824 888 1107 963 Mosaicsmsal·
1159 896 1261 964 sione
1285 892 1499 982 evangelica.
1547 892 1656 985 Apud
1671 891 1918 990 Phocylidem,
1942 893 2144 983 Hesiodum,

116 1005 190 1074 vati
212 1015 317 1083 sunt,
350 997 540 1070 sedetiam
568 992 946 1086 patresanteMosen.
1010 987 1107 1083 Ergo
1155 1010 1194 1066 et
1207 995 1340 1065 similes
1352 996 1520 1084 leguntur
1536 990 1656 1091 aliqua
1672 997 1787 1087 legum
1804 997 1908 1067 dicta.
1955 995 2030 1069 Sed
2044 1021 2143 1068 eran·

114 1107 169 1176 illi
194 1107 300 1175 etiam
320 1104 465 1174 fuerunt
484 1100 552 1169 sub
575 1098 667 1187 lege,
700 1091 769 1167 hoc
793 1108 865 1180 est,
898 1107 982 1167 sunt
1004 1119 1107 1166 accu-
1162 1095 1269 1187 gelica
1295 1097 1483 1188 promissio
1506 1100 1551 1167 de
1571 1098 1726 1188 gratuita
1758 1100 1985 1185 remissione,
2026 1100 2084 1168 vel
2104 1102 2143 1171 de

116 1209 182 1280 sati
198 1222 231 1277 et
245 1202 484 1300 perterrefacti
508 1200 642 1271 iudicio
663 1199 749 1287 legis
771 1198 959 1269 naturalis:
993 1211 1028 1268 et
1047 1221 1109 1290 pe-
1159 1200 1233 1269 fitio
1259 1196 1349 1287 Dei,
1381 1223 1555 1293 nusquam
1578 1201 1706 1290 legitur
1729 1202 1765 1269 in
1793 1197 1869 1287 bis,
1911 1202 1977 1296 qui
2004 1201 2143 1273 rationis

114 1311 283 1396 atinent,
308 1308 378 1376 nisi
402 1304 600 1375 tenuissent
620 1301 872 1393 promissiones
892 1301 937 1370 de
951 1296 1108 1381 Christo,
1159 1301 1333 1372 iudicium
1361 1324 1421 1371 seu
1438 1302 1558 1372 lumen
1576 1317 1723 1375 naturae
1746 1298 1923 1375 humanae
1939 1316 2081 1375 tantum
2095 1326 2143 1375 sc·

114 1426 263 1506 propter
285 1433 390 1504 quem
412 1406 572 1476 sciebant
594 1403 802 1494 promissam
826 1426 900 1473 esse
924 1403 1108 1472 liberatio-
1159 1405 1374 1498 quebantur,
1426 1402 1504 1473 lmo
1524 1428 1605 1474 cum
1624 1407 1797 1496 quaedam
1818 1406 1951 1475 noticia
1974 1405 2064 1495 legis
2084 1429 2143 1477 no·

116 1539 198 1585 nem
227 1523 410 1604 speccato
430 1521 466 1578 et
491 1531 510 1576 a
538 1519 662 1580 morte.
713 1503 849 1577 Rident
867 1504 1025 1575 fortassis
1042 1499 1108 1575 ho·
1158 1507 1297 1576 bissum
1316 1519 1501 1587 nascatur,
1528 1530 1628 1578 utens
1645 1510 1719 1599 ipsa
1743 1508 1898 1577 innubis
1914 1522 2143 1599 accusatpec·

117 1617 233 1685 mines
257 1611 394 1707 politici
413 1607 519 1694 haec,
541 1632 620 1678 curn
639 1607 790 1676 dicimus
811 1607 923 1697 legem
948 1606 1106 1675 divinam
1159 1624 1254 1687 cata,
1282 1631 1346 1674 nec
1366 1607 1462 1676 aliud
1481 1610 1628 1697 cogitat,
1658 1609 1725 1678 nisi
1742 1606 1856 1679 Deum
1881 1610 2012 1699 punire
2030 1624 2067 1680 et
2086 1612 2141 1682 ab·

115 1719 274 1807 flagitare
305 1714 494 1805 perfectam
527 1709 786 1790 obedientiam,
827 1707 1005 1777 neminem
1039 1709 1106 1793 legi
1160 1710 1265 1778 iicere
1291 1708 1459 1779 iniustos:
1501 1705 1569 1780 hnc
1592 1725 1644 1783 est
1666 1712 1761 1780 enim
1779 1710 1865 1801 legis
1887 1712 2084 1801 iudicium,
2108 1736 2142 1783 ac

115 1820 262 1889 divinae
277 1817 476 1886 satisfacere
490 1834 609 1903 posse,
630 1811 713 1903 quia
737 1811 776 1878 in
801 1824 925 1881 natura
950 1805 1107 1887 hominis
1157 1811 1253 1882 iuxta
1268 1811 1379 1898 legem
1399 1834 1521 1883 verum
1538 1824 1601 1887 est.
1653 1811 1722 1884 Sed
1739 1813 1875 1904 ingenti
1898 1812 2094 1885 certamine
2107 1814 2140 1883 in

117 1921 295 2012 ignoratio
310 1930 346 1987 et
361 1928 559 1985 contemtus
576 1912 642 1984 Dei
656 1907 815 1995 haerent,
836 1913 1005 1982 videntur
1021 1907 1106 1982 haec
1160 1913 1378 2005 poenitentia
1400 1914 1478 1982 voci
1500 1914 1604 2005 legis,
1630 1927 1665 1984 et
1689 1915 1842 1985 naturali
1866 1915 2003 1986 iudicio
2025 1929 2138 1987 nostro

117 2025 237 2114 inepta
251 2011 484 2109 Philosophis
502 2031 536 2085 et
557 2009 717 2084 humano
732 2037 832 2086 more
846 2013 1105 2085 iudicantibus:
1154 2015 1291 2106 opponi
1325 2016 1430 2086 debet
1462 2017 1650 2107 promissio
1683 2018 1833 2106 gratuita
1873 2018 2140 2102 misericordiae,

116 2127 178 2196 sed
204 2120 272 2196 boc
289 2124 409 2213 ipsum
430 2131 540 2210 agunt
554 2112 754 2210 Prophetae
775 2128 809 2187 et
837 2111 1018 2207 Apostoli,
1042 2140 1106 2185 vo·
1156 2117 1385 2187 anteferenda
1402 2117 1488 2206 legi,
1513 2119 1595 2212 quia
1609 2113 1774 2190 Christus
1791 2119 1918 2191 liberat
1934 2143 1952 2189 a
1968 2121 2058 2210 lege.
2098 2116 2140 2190 Ut

112 2229 199 2298 lunt
230 2221 393 2295 homines
420 2242 609 2312 agnoscere
644 2219 931 2310 magnitudinem
964 2216 1106 2309 peccati,
1157 2243 1238 2288 cum
1268 2215 1385 2289 Adam
1415 2219 1535 2311 lapsus
1563 2235 1671 2305 esset,
1709 2235 1743 2292 et
1770 2236 2015 2303 accusaretur,
2056 2216 2138 2291 nibil

116 2328 220 2421 quod
245 2349 320 2395 non
349 2348 430 2394 vere
464 2335 661 2412 agnoscunt
690 2335 729 2391 -et
760 2320 959 2410 glorificant
978 2318 1107 2400 Deum,
1158 2321 1256 2391 aliud
1283 2320 1441 2391 iudicare
1468 2322 1601 2414 potuit,
1636 2324 1706 2392 nisi
1731 2325 1825 2416 qrrod
1852 2324 1907 2394 lex
1929 2325 2138 2405 ostendebat,

114 2435 246 2499 docent
274 2422 343 2496 hoc
373 2438 554 2516 peccatum
595 2445 669 2491 esse
702 2445 841 2491 causam
875 2423 1125 2491 mammarum·
1157 2446 1194 2492 se
1215 2421 1411 2513 periturum
1433 2445 1527 2509 esse,
1560 2425 1644 2517 quia
1668 2451 1741 2496 nou
1765 2427 2043 2517 obtemperasset
2062 2424 2137 2501 Dm

115 2551 367 2602 aerumnarum
381 2540 416 2596 et
434 2525 689 2609 calamitatum,
715 2516 944 2623 quibuslraec
963 2524 1104 2593 infirma
1157 2523 1226 2595 Sed
1255 2524 1377 2614 prodit
1403 2525 1531 2610 Deus,
1570 2541 1605 2597 et
1626 2550 1830 2622 quanquam
1861 2528 2007 2599 subiicit
2036 2550 2136 2618 genus

115 2646 244 2702 natura
262 2651 428 2721 oppressa
443 2642 513 2712 cst,
540 2640 571 2696 et
591 2649 759 2720 quaerere
773 2649 892 2695 veram
917 2625 1105 2706 iusticiam,
1156 2621 1354 2699 humanum
1396 2627 1504 2699 morti
1543 2630 1700 2722 corporis
1742 2642 1778 2699 et
1821 2632 1970 2701 caeteris
2006 2653 2135 2701 aerum·

117 2749 154 2805 et
175 2733 421 2803 liberationem
448 2754 467 2802 a
491 2741 633 2822 peccato
657 2752 695 2798 ac
720 2751 740 2798 s
761 2741 895 2806 morte,
923 2751 985 2817 per
998 2722 1125 2798 Chri..
1156 2728 1237 2812 nis,
1279 2742 1396 2798 tamen
1415 2732 1588 2822 proponit
1615 2731 1919 2819 consolationem,
1956 2733 2136 2832 pollicetur

116 2851 208 2907 uum
225 2836 403 2906 donatam.
455 2829 600 2902 Caetera
618 2832 661 2899 de
680 2832 771 2919 lege,
804 2829 952 2900 studiosi
972 2829 1106 2922 quidi-
1157 2830 1403 2901 liberationem
1439 2847 1624 2923 apeccatu
1656 2848 1690 2905 et
1715 2848 1849 2915 morte,
1884 2859 1926 2904 ac
1950 2835 2133 2906 restitutis·

114 2937 237 3009 scendi
260 2957 362 3005 causa
387 2930 474 3003 baec
495 2933 622 3009 lecturi
644 2947 746 3014 sunt,
777 2945 918 3003 sumant
944 2929 1106 3000 esLocis
1156 2956 1238 3001 nem
1268 2933 1407 3021 generis
1438 2927 1598 3010 humani.
1666 2935 1729 3006 Ait
1758 2937 1850 3007 enim
1879 2937 1976 3017 fore,
2013 2949 2132 3007 utst-

21 3036 25 3042 ’
116 3037 398 3116 Communibus,
429 3059 521 3130 ques
540 3034 648 3104 edidi.
704 3030 938 3122 Evangelium
965 3033 1106 3122 praedi·
1156 3057 1238 3104 men
1259 3035 1419 3105 mulieris
1435 3049 1593 3107 conterat
1611 3051 1715 3127 caput
1732 3029 1917 3127 serpentis.
1968 3038 2133 3110 Hacvoce

117 3154 173 3211 cat
191 3139 446 3231 poenitentiam
460 3152 494 3208 et
510 3135 779 3227 promissionem
796 3134 926 3223 gratiae
952 3158 991 3203 ac
1013 3135 1106 3203 vitae
1156 3137 1276 3220 dicta,
1318 3135 1412 3207 filius
1442 3134 1512 3207 Dei
1543 3139 1655 3209 movit
1683 3164 1745 3210 cor
1776 3137 1904 3224 Adae,
1943 3155 1979 3213 et
2017 3162 2132 3210 noram

117 3256 290 3314 aeternae.
342 3238 542 3329 Diligenter
556 3238 800 3326 autemalege
821 3236 975 3305 discerni
1000 3237 1104 3305 debet
1156 3238 1209 3306 illi
1241 3239 1353 3307 lucem
1377 3262 1418 3309 ac
1442 3239 1553 3311 vitam
1580 3240 1722 3316 indidit.
1790 3243 1899 3314 Tunc
1928 3242 2026 3312 enim
2054 3243 2135 3313 filins

64 3350 66 3354 ’
118 3344 321 3436 promissio.
386 3337 433 3412 Et
456 3364 658 3434 quanquam
688 3338 744 3407 lex
767 3334 871 3410 babet
895 3360 975 3409 suas
1000 3362 1105 3430 quas·
1156 3337 1224 3410 Dei
1258 3341 1468 3412 constitutus
1496 3356 1549 3414 est
1582 3358 1726 3436 custos,
1759 3346 1977 3433 gubernator
2009 3359 2046 3417 et
2070 3368 2134 3415 scr¹

120 3444 488 3535 dampromissiones‚
514 3455 632 3512 tamen
649 3453 682 3510 et
699 3440 781 3510 illae
798 3440 1003 3512 differunta
1022 3464 1103 3532 pro·
1158 3455 1258 3510 vator
1299 3438 1503 3526 Ecclesiae,
1543 3459 1646 3517 tune·
1667 3447 1867 3534 belligerari
1906 3448 2025 3532 coepit
2063 3470 2132 3517 eum

119 3547 308 3630 missione,
333 3569 424 3639 quae
445 3557 496 3616 est
520 3542 665 3635 propria
686 3537 885 3632 Evangelii.
951 3537 997 3613 Et
1023 3567 1106 3633 pro-
1157 3543 1310 3613 diabolo.
1368 3544 1415 3617 Et
1441 3560 1481 3619 ut
1508 3548 1674 3620 diabolus
1694 3547 1841 3617 immani
1871 3551 2017 3621 saevitia
2049 3572 2134 3639 gras-

23 3670 32 3717 ’.
118 3647 307 3718 missiones
331 3646 417 3737 legis
439 3645 629 3738 requirunt
658 3643 900 3715 conditionem
933 3646 1106 3730 perfectae
1156 3658 1255 3714 satur
1286 3646 1323 3713 in
1355 3662 1466 3736 genus
1490 3644 1705 3735 humanum,
1745 3653 1863 3740 perdit
1884 3652 2077 3740 plurimos,
2106 3668 2133 3723 et

119 3740 356 3834 obedientiae,
377 3748 469 3819 utin
487 3746 963 3838 primopraeceptndicitur:
990 3743 1105 3815 Bene·
1157 3747 1241 3816 odio
1258 3743 1325 3816 Dei
1351 3750 1536 3841 praecipue
1560 3767 1709 3822 conatur
1735 3754 1853 3821 dolere
1873 3749 2087 3839 Ecclesiam,
2105 3768 2133 3823 et

120 3852 248 3922 faciam
271 3851 501 3940 diligentibus
521 3872 587 3917 me.
637 3846 708 3918 sed
736 3848 934 3938 evangelica
952 3849 1106 3939 promis-
1158 3848 1321 3918 calcaneo
1359 3864 1481 3919 nostro
1520 3867 1713 3924 venenatos
1752 3857 1874 3923 dentes
1912 3855 2057 3946 infigit,
2099 3868 2134 3928 ut

122 3955 176 4025 sio
195 3955 241 4023 de
261 3952 469 4022 remissione
491 3965 739 4043 peccatorum,
770 3951 1036 4033 iustificatione,
1072 3962 1106 4020 ct
1157 3972 1260 4040 saepe
1282 3951 1500 4041 experimur,
1526 3953 1574 4024 ita
1599 3979 1720 4028 stersus
1743 3956 1837 4025 lilios
1858 3952 1925 4024 Dei
1948 3958 2070 4027 efficax
2090 3972 2134 4028 est

121 4055 314 4125 donatione
343 4054 436 4122 vitae
465 4068 647 4141 aeternae,
689 4066 740 4122 est
769 4052 947 4142 gratuita,
987 4051 1105 4121 oialata
1158 4051 1459 4138 incredentibus,
1485 4067 1518 4125 et
1543 4058 1705 4147 reprimit
1727 4057 1862 4126 diaboli
1884 4059 2061 4140 furorem,
2086 4084 2133 4130 rc-

121 4170 269 4250 propter
297 4151 500 4239 Christum,
539 4155 617 4223 sine
652 4154 858 4224 conditione
898 4152 1105 4224 meritorum
1158 4153 1273 4223 stituit
1287 4165 1321 4225 et
1338 4154 1465 4225 liberat
1480 4155 1643 4232 Sanctus.
1693 4158 1776 4229 Non
1792 4160 1888 4228 videt
1904 4163 2060 4231 mundus
2076 4158 2133 4232 hoc

123 4272 329 4331 nostrorum
344 4281 408 4327 seu
423 4256 607 4345 dignitatis
620 4268 771 4326 nostrae.
822 4253 930 4323 Nulla
947 4279 1013 4323 vox
1039 4248 1106 4324 hu·
1158 4269 1354 4340 certarnen,
1385 4259 1446 4327 sed
1469 4258 1705 4349 plurimorum
1728 4255 1898 4331 horrendi
1925 4264 2069 4352 lapsus,
2106 4279 2133 4334 et

123 4383 230 4432 mana
251 4358 371 4454 eloqui
396 4373 508 4451 potest
534 4355 817 4445 magnitudinem
846 4351 951 4424 huius
976 4356 1106 4425 bencfi·
1158 4354 1380 4429 tristissimae
1394 4383 1434 4428 ar
1447 4361 1598 4449 tragicae
1613 4364 1845 4447 calamitates,
1870 4377 1905 4434 et
1919 4366 2051 4435 deiude
2067 4368 2134 4457 glo-

123 4462 189 4549 cii,
222 4463 317 4557 quod
342 4460 438 4531 Deus
466 4483 529 4551 per
549 4458 661 4529 tilium
686 4480 791 4527 suum
812 4456 1008 4528 Dominum
1039 4481 1107 4527 no·
1158 4458 1271 4527 riosae
1286 4457 1536 4547 liberationes,
1559 4479 1600 4535 ut
1613 4463 1762 4534 Davidis
1776 4479 1810 4535 et
1824 4466 1997 4551 aliorum,
2022 4484 2133 4539 osten-

122 4578 234 4635 strum
253 4561 368 4634 lesum
383 4556 565 4632 Christum
587 4560 692 4630 nobis
714 4559 887 4648 impertit,
912 4560 1046 4629 scilicet
1066 4574 1107 4631 ut
1157 4561 1248 4632 dunt
1269 4563 1373 4654 quale
1396 4563 1441 4632 sit
1466 4559 1533 4634 hoc
1559 4580 1747 4638 certamen.
1798 4566 1871 4637 Nec
1892 4568 2134 4661 aliudsigniti·

121 4667 239 4736 deleto
262 4678 422 4758 peccato,
458 4675 494 4734 et
521 4663 652 4734 abolita
673 4676 803 4745 morte,
839 4662 1000 4732 fruamur
1022 4685 1106 4732 con·
1157 4675 1238 4733 caut
1253 4664 1358 4735 verba
1375 4666 1414 4734 in
1432 4662 1580 4736 Genesi:
1611 4666 1739 4738 Semcn
1761 4682 1918 4739 conteret
1939 4687 2048 4763 caput
2068 4694 2135 4759 ser,

123 4780 244 4858 spectu
267 4765 336 4837 Dei
368 4767 406 4835 iu
435 4778 577 4836 aeterna
608 4766 700 4849 vita,
731 4762 869 4836 iusticia
901 4777 938 4833 et
961 4763 1105 4837 laetitia.
1158 4764 1293 4852 pentis,
1308 4790 1414 4857 quam
1430 4760 1628 4856 hocipsum
1645 4770 1740 4862 quod
1757 4765 1907 4841 loannes
1921 4771 2059 4867 inquit:
2082 4775 2135 4847 Ad

121 4867 240 4941 Huius
255 4868 415 4940 beneficii
436 4866 621 4957 promissio
636 4878 775 4941 tantum
792 4866 944 4937 revelata
969 4878 1023 4963 est,
1046 4864 1105 4934 di·
1157 4858 1226 4934 hoc
1239 4859 1416 4938 exhibitus
1430 4883 1482 4939 est
1497 4868 1590 4939 ilius
1605 4866 1690 4954 Dei,
1715 4885 1756 4942 ut
1771 4873 1928 4944 destruat
1939 4898 2050 4965 opera
2057 4878 2134 4948 dis·

120 4972 275 5055 vinitas,
316 4969 408 5042 sicut
430 4970 581 5041 loannes
606 4968 740 5062 inquit:
774 4966 889 5038 Filius
910 4965 972 5063 qui
992 4980 1045 5036 est
1066 4965 1105 5035 in
1155 4966 1243 5041 boli.
1316 4967 1376 5039 Sic
1406 4969 1578 5043 intellexit
1596 4972 1723 5042 aldam
1755 4974 2050 5064 promissionem,
2087 4981 2134 5052 sic

120 5074 203 5145 sinu
218 5072 348 5166 patris,
368 5073 447 5164 ipse
463 5069 640 5143 enarravit
654 5070 768 5142 nobis.
820 5064 899 5140 Etsi
919 5069 1014 5138 enim
1037 5066 1104 5136 ali·
1155 5068 1323 5158 deinceps
1342 5093 1468 5141 omnes
1491 5069 1612 5143 Patres
1634 5075 1864 5148 crediderunt
1894 5091 2042 5171 propter
2072 5077 2135 5154 hoc

117 5188 188 5268 qua
205 5176 291 5267 legis
305 5175 436 5245 noticia
452 5174 635 5244 nobiscum
654 5171 828 5256 nascitur,
851 5183 967 5241 tamen
982 5165 1103 5239 Evan·
1154 5171 1366 5260 promissum
1382 5196 1500 5242 semen
1517 5174 1586 5244 sibi
1603 5177 1734 5248 remitti
1749 5193 1906 5270 peccata,
1931 5202 1968 5250 se
1983 5182 2136 5255 liberan-

116 5278 198 5364 gelii
215 5277 343 5349 noticia
359 5272 782 5370 nequaquamnobiscum
800 5273 967 5346 nascitur.
992 5267 1102 5344 Ratio
1152 5272 1218 5342 dos
1236 5295 1309 5342 esse
1328 5297 1346 5343 a
1365 5289 1528 5365 peccato,
1553 5289 1587 5347 et
1602 5301 1621 5346 a
1638 5292 1753 5349 morte
1768 5294 1922 5352 aeterna.
1973 5281 2053 5356 Hac
2072 5288 2138 5358 tide

115 5372 272 5449 bumana
296 5404 360 5470 per
378 5402 453 5450 sese
467 5384 701 5472 nequaqnam
725 5374 822 5447 videt
848 5369 940 5447 hanc
955 5371 1022 5447 Dei
1038 5396 1116 5469 ro-¹
1152 5388 1253 5447 erant
1275 5374 1379 5464 iusti,
1403 5401 1479 5449 non
1495 5377 1581 5469 legis
1606 5377 1924 5473 impletionechae
1939 5383 2011 5457 ide
2025 5389 2139 5481 erige-
