4522 5782
88 198 144 279 ,ει
218 156 325 279 ’κει
374 199 412 277 ε
436 194 776 285 couusuratt.
802 198 854 277 tu
878 198 1032 279 artsr.
1056 196 1206 319 esunt
1229 194 1300 275 ao
1324 194 1651 284 contuentes.
1704 208 1811 287 can
1837 211 1904 289 tu.
1977 170 2077 297 toas
2118 284 2123 293 .

88 379 115 449 ei
138 368 175 450 et
195 375 351 461 iusticia,
383 388 417 447 et
434 375 591 447 serviens
609 374 648 444 iu
666 377 796 447 eodem
817 376 1030 458 ministerio,
1084 370 1246 445 oriantur
1267 368 1446 461 haereses,
1488 377 1628 449 etiamsi
1650 378 1747 461 Deus
1774 410 1855 456 vere
1883 382 1939 457 his
1966 390 2068 463 luro-

88 502 249 575 tanquam
270 477 493 569 angustiore,
528 489 564 549 ct
585 477 679 547 socia
701 481 959 565 generationis,
988 488 1029 550 'et
1084 476 1183 547 ribu's
1205 475 1388 564 i'ra'scitttr',
1414 468 1449 548 et
1468 488 1691 576 nequaquam
1717 480 1856 557 necesse
1871 504 1922 561 est
1939 493 2070 561 volun-

88 581 254 655 itulatrix
269 581 348 650 viro
361 580 400 649 in
416 580 540 649 multis
553 579 646 651 vitae
660 581 786 651 officiis
802 595 836 653 et
852 582 1029 673 periculis.
1083 590 1170 649 tates
1189 572 1363 649 humanas
1387 580 1437 648 eis
1459 579 1646 673 implicari.
1698 582 1767 659 Sed
1794 590 1844 679 pii
1866 591 2069 675 invocantes

88 708 202 778 eoque
224 695 260 753 et
281 682 396 773 gloria
418 681 488 753 viri
509 695 580 766 cst,
605 682 689 774 quia
710 697 763 755 est
785 698 953 774 cognata,
980 688 1030 755 si·
1082 680 1216 766 Deum,
1242 694 1277 751 et
1294 682 1476 751 veritatem
1500 703 1726 777 quaerentes,
1761 707 1908 779 possunt
1934 718 1992 763 eas
2015 686 2070 765 vi-'

88 788 158 867 ilis,
186 784 280 855 socia
303 784 561 874 generationis,
594 798 628 853 et
650 785 858 875 opitulatrix
882 788 922 857 in
944 786 1029 861 vita.
1081 796 1175 869 tare,
1214 784 1305 853 sicut
1332 780 1390 855 hic
1417 809 1561 879 quoque
1590 789 1762 879 significat
1784 790 1918 863 Paulus
1941 796 2068 865 discri-

88 889 163 959 rius
179 887 334 956 mirandi
349 886 487 955 ordinis
503 885 673 973 sapientia
689 900 726 958 et
745 888 905 968 bonitas,
932 913 1028 958 nunc
1082 885 1178 957 mina
1204 886 1547 959 voltmtatumesse:
1594 888 1745 963 Talibus
1768 894 1895 981 signis,
1930 898 2066 991 inquit,

90 1004 122 1060 st
146 990 284 1083 lapsum
313 1010 379 1057 nee
405 987 578 1077 intelligi,
625 1010 690 1059 nec
721 991 839 1060 verbis
869 991 1027 1059 enarrari
1081 986 1333 1059 discernuntur
1365 986 1493 1059 sinceri
1518 1014 1538 1059 a
1565 992 1704 1085 lateatis.
1773 994 1915 1069 Sinceri
1948 1016 2068 1069 arnant

89 1106 175 1176 test,
215 1092 307 1161 sicut
331 1088 483 1177 intelligi
510 1102 543 1159 et
568 1091 726 1160 enarrari
756 1092 904 1181 poterit,
947 1116 1027 1161 cum
1082 1091 1265 1161 veritatem
1283 1103 1316 1160 et
1332 1102 1536 1160 constanter
1554 1117 1628 1162 eam
1647 1096 1831 1171 retinent.¹
1867 1100 1942 1171 Alii
1959 1102 2067 1185 leves,

89 1219 130 1264 ec
151 1192 299 1263 consilia
323 1188 390 1262 Dei
417 1192 721 1261 considerabimus
743 1196 780 1263 in
801 1195 862 1263 illa
887 1209 1027 1266 aeterna
1080 1205 1143 1263 aut
1158 1192 1338 1263 ambitiosi
1354 1205 1415 1262 aut
1429 1194 1526 1262 avari
1543 1195 1644 1266 facile
1657 1198 1903 1290 impelluntur,
1918 1216 1957 1275 ut
1972 1227 2066 1275 nova

88 1296 300 1365 nsuetudine
325 1290 415 1377 Dei,
442 1297 485 1361 ad
504 1318 609 1385 quam
626 1294 703 1365 sine
717 1296 791 1367 ulla
806 1296 1029 1369 dubitatione
1080 1294 1244 1385 dogmata
1268 1294 1536 1385 amplectantur.

88 1397 179 1469 nditi
202 1412 237 1468 et
258 1396 409 1467 redemti
434 1418 567 1468 sumus.
1181 1394 1258 1467 Hac
1282 1420 1366 1465 vera
1393 1396 1638 1469 admonitione
1666 1404 1711 1469 de
1735 1401 1830 1476 dicto
1860 1402 1962 1474 Pauli
1997 1398 2067 1483 hoc

143 1496 192 1569 At
208 1497 340 1569 Patulus
361 1522 418 1567 res
439 1497 608 1565 maximas
628 1497 784 1569 breviter
805 1500 938 1589 attigit,
964 1524 1029 1569 nce
1080 1499 1158 1569 loco
1178 1498 1336 1568 contenti
1360 1497 1480 1567 simus.
1534 1498 1639 1571 Nunc
1668 1505 1850 1587 videamus
1884 1510 2063 1601 quomodo

88 1600 157 1671 luit
182 1613 321 1670 tantum
342 1600 529 1691 pueriliter
550 1594 781 1683 rhetoricari,
810 1605 870 1671 sed
893 1601 1029 1692 gravis-
1080 1622 1224 1672 coenam
1247 1598 1392 1671 Domini
1417 1601 1571 1677 ordinet.
2039 1598 2050 1677 .’

88 1725 134 1773 ne
155 1704 385 1773 concionatus
414 1716 466 1791 est
492 1703 535 1769 de
558 1702 723 1771 mirando
745 1702 887 1773 foedere
910 1717 945 1777 et
966 1726 1027 1773 or·
1183 1700 1344 1772 Primum
1368 1700 1445 1772 vult
1467 1728 1541 1774 esse
1562 1729 1808 1787 communem,
1840 1722 1875 1779 et
1898 1702 2066 1799 prohihet

88 1828 126 1873 ne
140 1800 227 1885 Dei,
249 1798 402 1885 Christi,
428 1802 534 1870 maris
550 1814 589 1872 et'
601 1804 787 1877 foeminae.
839 1800 915 1893 Ego
931 1829 1029 1877 sum·
1080 1804 1308 1897 particulares
1324 1826 1450 1872 coenas
1464 1804 1502 1871 in
1521 1808 1703 1882 unoloco.
1753 1806 1839 1879 Fuit
1865 1804 1975 1901 igitur
1992 1836 2064 1883 una

88 1906 362 1999 rreiutcunque
385 1906 556 1986 indicata,
582 1905 750 1975 le'ctor'trm
772 1902 964 1992 adhortor,
989 1920 1029 1978 ut
1081 1905 1280 1977 communis
1302 1928 1426 1983 coena,
1459 1918 1492 1974 et
1519 1931 1590 1975 non
1611 1910 1720 1983 nnius
1744 1910 1889 1981 oblatio.
1944 1910 2065 2001 Quare

118 2002 174 2077 his
205 2011 310 2079 rebus
339 2007 501 2077 maximis
531 2006 625 2098 piam
660 2002 927 2079 meditationem
964 2010 1027 2078 ad·
1081 2002 1149 2077 hoc
1176 2006 1378 2077 testimonio
1405 2006 1600 2096 improbari
1623 2012 1916 2081 consuetudinem
1944 2014 2066 2107 priva·

88 2111 173 2179 beat.
1081 2124 1137 2181 tae
1152 2108 1284 2180 Missae
1298 2120 1417 2199 postea
1432 2123 1569 2195 natam,
1597 2112 1903 2201 manifestumest.

254 2272 267 2297 ,
381 2270 393 2298 ,
444 2279 459 2297 ,
608 2278 626 2296 „
665 2273 675 2300 ,
797 2271 806 2297 ,
912 2274 923 2302 ,
987 2270 996 2297 ,
1184 2210 1308 2280 Postea
1333 2210 1409 2279 vult
1434 2211 1518 2279 addi
1542 2202 1766 2282 concionem.
1817 2212 1901 2285 ldeo
1926 2217 2061 2309 inquit:

88 2300 343 2402 qvepxopqmy
358 2299 488 2401 υῆων,
514 2274 555 2349 ἐν
578 2302 625 2369 τ’]
659 2279 831 2397 εκκληᾳῖῗ
846 2328 859 2361 ⁹
877 2378 883 2395 .
901 2302 1029 2387 “mm
1082 2310 1232 2401 Quoties.
1251 2311 1355 2382 editis
1379 2334 1505 2400 panem
1529 2309 1643 2400 hunc,
1667 2324 1703 2384 'ct
1722 2311 1792 2387 hoc
1811 2319 1978 2409 poculum
2001 2320 2063 2387 bi-

88 2402 605 2471 εσματαενυμινυπαρχειν.
641 2366 1029 2449 Converrrenltbusvo-
1080 2414 1194 2497 betis,
1220 2430 1371 2487 monem
1385 2410 1534 2485 Domini
1552 2418 1780 2489 ”unumpate-

88 2478 148 2552 ωε
182 2478 222 2551 in
252 2478 449 2566 E⁶⁶k⁸³⁸⁰³
496 2474 613 2549 ‘'udi‘’
640 2472 848 2551 “himma
883 2480 978 2551 inm
1181 2514 1306 2587 Tertio
1329 2515 1404 2585 vult
1425 2539 1550 2586 omnes
1572 2520 1711 2589 adferre
1731 2520 2006 2608 poenitentiam,
2030 2537 2063 2589 et

178 2692 181 2696 ,
461 2606 523 2651 ⁰⁰⁸
539 2604 626 2655 ‘⁸⁸⁶‘
1080 2614 1246 2710 prohibet
1259 2616 1569 2688 manducationem
1584 2621 1658 2689 fieri
1675 2622 1797 2701 abiis,
1822 2624 1884 2714 qui
1899 2646 2061 2713 perseve-

142 2718 287 2792 Dictttm
306 2734 501 2810 estsupra,
527 2718 642 2788 Deum
664 2718 772 2805 velle,
799 2716 1027 2793 tttliantho·
1079 2734 1161 2794 rant
1176 2721 1213 2789 in
1231 2719 1369 2791 delictis
1384 2732 1507 2791 contra
1522 2723 1786 2797 conscientiam.
1821 2722 1907 2793 Ideo
1927 2723 2062 2816 inquit:

88 2822 133 2894 sti
164 2844 371 2912 congressus
396 2822 553 2915 publici,
597 2822 634 2890 in
665 2822 796 2916 quibus
827 2837 929 2895 sonet
960 2849 1028 2894 vox
1080 2820 1155 2912 Qui
1177 2821 1323 2909 indigue
1344 2823 1553 2907 manducat,
1578 2848 1660 2894 reus
1683 2838 1734 2895 est
1755 2824 1913 2916 corporis
1931 2838 2062 2896 etsan·

88 2926 238 3015 angelii,
249 2941 280 2997 et
297 2950 447 2995 nervum
466 2938 668 2993 nostrorum
687 2947 936 3013 congressuum
955 2949 1028 2994 esse
1078 2924 1198 3014 guinis
1213 2920 1373 2999 Domini.
1425 2920 1533 2993 Item:
1560 2923 1694 2996 Probet
1707 2921 1815 2996 homo
1831 2918 2002 3018 seipsum,
2028 2943 2062 2999 ct

88 3052 187 3097 enam
210 3025 377 3104 Domini,
410 3028 491 3121 quia
516 3028 592 3097 vult
610 3026 704 3096 Deus
724 3022 918 3097 Ecclesiam
941 3052 1027 3096 con·
1078 3026 1129 3097 sic
1143 3029 1188 3097 de
1208 3048 1299 3117 pane
1319 3024 1522 3109 manducet,
1549 3040 1584 3097 et
1599 3029 1644 3096 de
1659 3027 1786 3119 poculo
1810 3029 1918 3100 bibat.
1970 3025 2062 3099 Cum

88 3130 128 3199 ici
152 3146 186 3202 et
216 3131 351 3212 audiri,
378 3143 416 3199 ut
438 3130 532 3197 filius
555 3128 593 3197 in
620 3141 693 3207 toto
718 3152 844 3218 genere
868 3124 1026 3199 humano
1078 3129 1175 3199 enim
1190 3126 1276 3199 haec
1291 3150 1399 3197 coena
1420 3128 1644 3212 nominetur,
1672 3142 1707 3199 et
1722 3130 1769 3199 sit
1784 3130 1873 3200 ritus
1888 3129 1974 3198 novi
1989 3128 2061 3199 Τε-

88 3247 269 3322 noscatur‚
296 3245 329 3302 et
355 3244 440 3301 uota
462 3232 532 3300 siut
554 3231 739 3310 beneficia,
767 3254 857 3324 quae
881 3245 1028 3322 propter
1078 3231 1261 3315 stameuti,
1286 3230 1325 3299 id
1348 3240 1417 3310 cst,
1449 3252 1563 3299 novae
1588 3231 1835 3320 promissionis
1855 3231 2061 3319 obsignatae

93 3360 153 3403 nm
177 3336 297 3426 generi
319 3330 477 3404 humano
496 3334 686 3403 donantur.
737 3330 813 3403 Hos
836 3334 944 3423 igitur
960 3356 1027 3423 pu·
1077 3346 1192 3405 morte
1216 3331 1282 3401 filii
1308 3330 1398 3416 Dei,
1448 3343 1483 3401 et
1506 3332 1551 3401 sit
1576 3333 1816 3403 testimonium
1843 3331 2062 3403 remissionis

88 3438 156 3505 'tros
177 3458 383 3529 congressus
408 3431 467 3504 hic
495 3435 637 3506 ordinat
663 3432 807 3507 Paulus.
858 3432 905 3504 Et
934 3459 1027 3532 quo-
1076 3450 1326 3527 peccatorum,
1379 3454 1445 3502 nec
1476 3433 1701 3507 remittantur
1730 3449 1869 3525 peccata
1900 3457 2061 3526 perseve-

88 3541 148 3608 tdo
169 3562 228 3609 eos
250 3542 409 3621 ordinet,
436 3549 469 3606 et
491 3538 671 3631 quomodo
686 3537 884 3609 discesserit
899 3538 944 3605 ab
959 3532 1025 3608 hac
1077 3539 1170 3608 ranti
1186 3538 1225 3606 in
1241 3535 1379 3607 delictis
1398 3547 1523 3605 contra
1546 3538 1819 3621 conscientiam,
1844 3548 1878 3607 et
1899 3528 2060 3608 contem-

88 3666 153 3709 ·ma
172 3641 272 3712 Pauli
291 3640 469 3711 recensior
484 3651 594 3723 aetas,
616 3652 733 3728 postea
751 3638 921 3712 dicemus.
1076 3640 1176 3710 nenti
1207 3638 1471 3720 remissionem,
1512 3639 1738 3712 manifestum
1766 3654 1833 3722 est,
1880 3642 2058 3710 contemni

143 3743 247 3814 Prius
268 3743 514 3814 admonendus
540 3755 590 3812 est
621 3742 729 3811 lector
752 3742 796 3809 de
817 3736 884 3810 hoc
910 3739 1024 3812 dicto:
1076 3736 1144 3813 hoc
1166 3738 1409 3812 testimonium
1433 3739 1651 3810 remissionis
1674 3766 1692 3810 a
1714 3740 1854 3813 talibus.
1898 3830 1901 3837 Ι
1951 3778 1960 3819 ;

88 3860 193 3916 tortet
219 3843 378 3916 haereses
397 3868 481 3917 esse.
533 3842 623 3912 Nota
642 3843 687 3914 sit
703 3844 864 3914 doctrina
888 3857 923 3915 et
943 3841 1024 3914 aliis
1177 3839 1301 3936 ltaque
1318 3841 1431 3911 sciant
1446 3840 1562 3911 bonae
1580 3856 1727 3927 mentes,
1751 3841 1836 3935 quid
1853 3838 1898 3912 sit
1914 3839 2059 3935 indigne

88 3949 334 4019 milestissimis
359 3945 588 4029 testimoniis,
614 3941 728 4014 Deum
752 3968 825 4017 non
844 3967 917 4014 esse
938 3968 1023 4015 cau·
1075 3944 1308 4029 manducare,
1334 3957 1369 4015 et
1388 3943 1503 4035 qualis
1520 3943 1714 4036 exploratio
1732 3942 1943 4036 requiratur.

88 4062 112 4117 rt
139 4052 289 4143 peccati,
324 4074 389 4119 nec
415 4047 506 4116 velle
528 4070 593 4117 nec
614 4048 834 4138 adprobare,
859 4070 924 4116 nec
946 4047 1021 4115 etti·
1175 4043 1296 4137 Digne
1317 4044 1528 4125 manducat,
1555 4046 1617 4139 qui
1638 4059 1786 4116 mortem
1802 4044 1867 4114 lilii
1882 4042 1947 4115 Dei
1964 4043 2059 4135 cogi-

88 4174 117 4220 te
133 4177 197 4223 nec
213 4155 380 4223 adiuvare
404 4163 561 4240 peccata,
588 4148 683 4218 iuxta
699 4149 809 4218 illud:
838 4144 933 4218 Deus
947 4173 1022 4219 non
1075 4163 1170 4235 tans,
1194 4146 1353 4239 agnoscit
1376 4145 1464 4215 iram
1481 4142 1549 4216 Dei
1573 4150 1742 4218 adversus
1764 4161 1884 4219 nostra
1907 4161 2060 4237 peccata,

87 4253 164 4323 lens
182 4257 396 4348 impietatem
420 4267 460 4321 tu
488 4274 535 4325 es.
587 4246 660 4320 Nec
679 4252 716 4319 in
734 4250 814 4321 Deo
830 4265 914 4320 sunt
935 4274 1020 4319 con·
1073 4251 1202 4342 etegit
1226 4248 1499 4341 poeniteutiam,
1525 4261 1559 4319 et
1575 4248 1681 4320 simul
1704 4248 1863 4339 agnoscit
1885 4249 2057 4341 placatam

88 4358 266 4427 rdictoriae
290 4357 509 4438 voluntates,
542 4353 629 4447 quia·
650 4376 754 4423 verax
779 4366 840 4425 est.
892 4350 937 4424 Et
962 4348 1021 4422 lo-
1072 4375 1147 4423 esse
1163 4353 1251 4422 iram
1274 4348 1361 4436 Dei,
1394 4364 1429 4422 et
1451 4350 1585 4420 remitti
1605 4363 1744 4443 peccata
1768 4362 1913 4442 propter
1934 4350 2060 4433 filium,

88 4459 167 4528 nnis
184 4461 217 4530 8.
234 4460 381 4528 dicitur:
415 4453 506 4526 Cum
527 4455 752 4526 mendacium
777 4454 953 4549 loquitur,
979 4478 1020 4525 ex
1073 4468 1106 4525 et
1124 4450 1217 4525 hauc
1233 4448 1432 4523 mirandam
1448 4448 1717 4542 promissionem
1740 4450 1807 4523 Dei
1831 4475 1905 4523 esse
1924 4476 2057 4522 novum

88 4563 188 4652 apriis
212 4562 381 4655 loquitur.
1072 4554 1354 4641 Testamentum,
1367 4552 1612 4625 confirmatum
1630 4568 1743 4627 morte
1758 4552 1822 4623 filii
1836 4552 1922 4641 Dei,
1945 4569 1980 4627 et
1993 4549 2059 4623 hac

139 4661 192 4733 Ex
216 4659 270 4731 his
292 4660 552 4740 lttndamentis,
580 4683 669 4753 quae
688 4672 772 4731 sunt
788 4656 970 4729 verissima
987 4671 1019 4727 et
1072 4658 1316 4729 consolatione
1339 4670 1492 4738 erectus,
1519 4656 1632 4729 credit
1653 4680 1690 4727 se
1706 4654 1836 4749 recipi,
1862 4668 1896 4727 et
1920 4656 2058 4747 placere

88 4764 256 4849 nissima,
282 4778 441 4833 sumatur
463 4762 707 4854 interpretatio
730 4761 831 4831 dictis
867 4757 1020 4852 Oportet
1071 4758 1161 4847 Deo,
1176 4776 1209 4832 et
1227 4756 1322 4829 hunc
1336 4759 1446 4830 ritum
1463 4758 1587 4831 statuit
1602 4759 1844 4832 testimouium
1860 4782 1932 4830 esse
1949 4748 2059 4827 huius

88 4890 196 4937 ereses
221 4882 304 4938 csse.
356 4864 586 4958 Nequaquam
605 4864 701 4933 enim
717 4864 947 4953 intelligenda
968 4874 1019 4932 est
1071 4861 1233 4933 beneficii
1254 4861 1381 4932 divini.
1795 4948 1799 4957 Ι

88 4973 223 5042 cessitas
243 4971 366 5053 aliter,
406 4967 477 5036 nisi
507 4967 550 5035 de
572 4966 778 5037 necessltate
801 4986 1021 5059 consequere.
1172 4962 1384 5057 Requiritur
1399 4984 1481 5055 ergo
1501 4976 1535 5033 et
1551 4958 1637 5034 haec
1659 4960 1843 5037 scrutatio:
1870 4962 1929 5031 An
1954 4962 2055 5035 sitin

88 5095 129 5159 e,
155 5074 307 5157 scilicet,
332 5072 414 5164 quia
434 5092 512 5137 cum
532 5066 696 5138 diabolus
709 5069 839 5137 ardens
855 5065 1018 5137 odiofilii
1070 5066 1175 5137 nobis
1192 5066 1324 5155 malum
1348 5063 1591 5163 propositum,
1610 5089 1676 5153 ,an
1688 5067 1733 5136 sit
1748 5054 1985 5157 poenitentia,
2009 5089 2056 5137 an

88 5173 123 5257 i,
149 5199 223 5244 non
248 5176 386 5244 desinat
409 5172 553 5263 turbare
569 5166 765 5251 Ecclesiae,
791 5184 826 5242 et
846 5168 937 5238 levia
961 5166 1017 5235 in·
1068 5168 1115 5239 sit
1131 5169 1235 5253 fides,
1260 5190 1329 5261 qua
1351 5166 1485 5239 remitti
1505 5164 1610 5239 nobis
1624 5164 1765 5260 peccata
1780 5180 1901 5237 nostra
1922 5178 2055 5239 statua-

88 5276 139 5345 ria
160 5277 264 5347 facile
286 5274 466 5367 impellat,
495 5276 571 5355 non
593 5284 730 5343 cessant
753 5294 876 5341 causae
898 5264 1016 5339 horsi·
1068 5294 1167 5360 mus,
1188 5282 1221 5340 et
1239 5293 1286 5339 an
1302 5264 1368 5341 hac
1386 5268 1629 5343 consolatione
1645 5267 1751 5341 crecti
1765 5268 1809 5339 ad
1825 5266 2056 5343 mediatorem

88 5378 164 5449 ium
192 5378 436 5449 dissidiorum·
508 5372 561 5444 lta
592 5374 768 5469 sequitur,
814 5384 856 5444 ut
883 5371 1016 5443 multae
1066 5375 1301 5445 accedamua'

88 5477 271 5550 Mensura.
290 5484 393 5551 Orra.
421 5474 508 5551 Vos.
525 5480 605 5552 XV.
1217 5470 1265 5543 71
