4522 5782
181 199 261 281 tto
356 264 362 277 .
486 262 489 269 .
798 182 1070 263 statuunt.
1096 180 1310 259 SCRIPTA
1334 176 1638 264 txaohrtcn
1762 194 1823 249 «ι
1854 192 1886 259 ,s
1974 186 2040 257 'tt
2090 186 2236 265 ,om

188 381 237 452 ita
253 372 513 451 subiiciuntur,
537 376 578 435 ut
592 362 687 435 dicat
702 358 835 433 Paulus
857 384 917 433 eoa
940 359 1209 445 condemnarit
1237 379 1363 447 opera,
1394 368 1431 428 et
1454 356 1600 450 quidem
1624 382 1710 453 prae
1724 363 1955 446 ceremoniis,
1979 356 2229 439 athairot„

159 483 219 559 ‚si
249 502 324 549 non
355 477 615 561 obtemperant.
677 464 747 537 Sed
770 465 954 536 sciendum
979 476 1051 547 est,
1084 466 1180 556 quod
1236 458 1396 531 iudicate
1414 460 1551 551 pupillo
1568 473 1634 535 etc.

187 585 333 653 libertas
351 570 547 668 spiritualis
562 592 636 640 non
652 561 1182 654 excludithancobligationem‚
1337 560 1408 633 Sed
1424 558 1482 631 hic
1497 565 1697 657 quaeritur,
1713 563 1754 638 Si
1770 566 1922 638 violatio
1936 567 2056 660 legum
2071 566 2224 641 civilium

184 708 275 779 quae
293 692 412 750 manet
427 686 575 768 propter
591 672 699 741 vitam
717 670 948 760 corporalem.
982 668 1181 738 Liberi'sn-
1234 677 1287 736 est
1308 664 1459 735 mortale
1482 681 1682 754 peccatum,
1716 670 1803 761 quid
1828 671 2056 742 sentiendum
2084 686 2155 758 est,
2184 676 2222 744 de

185 808 267 857 mus
285 807 304 853 a
322 783 417 870 lege,
435 775 533 871 quod
550 774 676 844 attinet
692 773 736 841 ad
755 769 1038 841 iustificationem
1055 771 1094 838 in
1108 768 1181 857 spi·
1234 765 1429 837 violatione
1444 766 1757 839 ecclesiasticarum
1776 773 2031 856 traditionum,
2047 770 2221 867 quaerunt
2248 820 2250 833 .

165 890 281 977 ‘ritu,
307 885 433 970 idest,
470 876 695 949 sentiendum
712 887 763 943 est
782 873 885 942 nobis
902 872 1036 962 ignosci
1057 885 1092 942 et
1116 895 1181 940 nos
1233 868 1398 938 conditae
1415 868 1460 938 ab
1475 866 1684 962 Episcopisi
1709 870 1946 964 Respondeoe
1976 874 2142 947 Primum
2157 891 2218 949 tn.

185 987 344 1080 reputari
369 986 497 1063 iustos,
531 1001 607 1046 non
629 988 773 1069 propter
795 975 927 1064 legem,
958 975 1020 1043 sed
1038 987 1183 1065 propter
1233 969 1453 1053 ditionibus,
1478 995 1568 1063 quae
1586 989 1746 1063 pugnant
1762 1000 1842 1045 cum
1856 980 2026 1048 mandato
2041 976 2131 1063 Dei,
2153 1003 2216 1050 noo

186 1088 383 1167 Christum.
440 1081 490 1154 Et
522 1093 639 1150 tamen
661 1079 796 1147 interea
818 1076 1021 1147 obedientia
1046 1077 1084 1144 in
1109 1077 1181 1146 vita
1234 1083 1286 1141 est
1307 1074 1567 1158 obediendum,
1607 1077 1681 1145 sive
1704 1079 1776 1147 sint
1798 1091 1938 1148 ortaea
1963 1081 2215 1168 magistratum

185 1191 363 1285 corporali
380 1182 575 1256 necessaria
590 1194 654 1252 est.
703 1175 769 1249 Est
783 1179 878 1247 enim
897 1179 1091 1269 corporalis
1108 1177 1181 1247 vita
1233 1175 1439 1262 gerentibus
1454 1175 1634 1267 gladium,
1659 1179 1734 1248 sive
1751 1181 1796 1249 ab
1812 1177 2021 1273 Episcopis,
2050 1183 2135 1275 quia
2151 1181 2214 1256 Deo

186 1297 342 1369 subiecta
362 1282 772 1373 ordinationibus,quae
787 1282 831 1350 ad
847 1302 974 1372 corpus
990 1281 1180 1369 pertinent,
1233 1278 1417 1366 magisest
1441 1278 1701 1361 obediendum,
1736 1305 1843 1374 quarn
1871 1278 2100 1355 hominibus.
2153 1278 2214 1356 Ta.

185 1396 374 1476 ridelicet,
408 1402 446 1460 ut
461 1386 601 1474 legibus
628 1382 794 1468 medicis,
826 1383 1096 1472 coniugalibus,
1128 1383 1177 1454 ita
1234 1378 1284 1448 les
1301 1392 1418 1449 autem
1435 1394 1520 1450 sunt
1540 1382 1749 1453 traditiones
1764 1385 1808 1454 de
1826 1385 2023 1477 coelibatu,
2053 1388 2100 1455 de
2115 1387 2214 1458 abusu

186 1501 289 1574 ‘liam
313 1488 639 1584 ligibssstlillibffl·
1235 1480 1449 1567 Missarum,
1475 1484 1520 1551 de
1535 1483 1762 1555 invocatione
1785 1500 2001 1557 sanctorum.
2051 1488 2103 1560 Et
2117 1512 2216 1583 quan.

287 1596 427 1668 Deinde
441 1588 689 1682 amplificanda
704 1599 754 1658 est
772 1581 858 1657 haec
882 1584 1065 1675 obligatio.
1117 1581 1181 1655 Et·
1205 1624 1209 1693 t
1234 1607 1340 1676 quam
1355 1605 1436 1653 esus
1454 1584 1637 1670 carnium,
1669 1602 1703 1659 et
1721 1589 1789 1658 alia
1809 1591 1985 1681 quaedam
2012 1590 2144 1661 similia
2165 1614 2216 1685 per

186 1703 281 1774 enim
298 1701 329 1768 si
346 1723 404 1768 rea
418 1693 459 1766 lit
479 1690 714 1770 conscientia,
741 1689 903 1783 sequitur
919 1687 1122 1757 maledictio
1147 1698 1182 1757 et
1205 1696 1209 1757 l
1234 1707 1271 1752 se
1288 1700 1372 1757 aunt
1388 1683 1606 1776 adiaphora,
1627 1703 1745 1761 tamen
1761 1691 1843 1782 quia
1864 1691 2137 1782 praecipiuntur
2149 1716 2216 1765 mm

188 1808 241 1876 ira
258 1799 346 1885 Dei,
362 1821 452 1893 quae
467 1794 571 1865 affert
587 1804 788 1882 praesentes
805 1813 939 1883 poenas
958 1805 992 1862 et
1009 1802 1179 1863 aeternas.
1205 1764 1210 1889 i
1234 1786 1343 1878 impia
1357 1787 1553 1879 opinione,
1581 1806 1616 1862 et
1631 1793 1674 1860 ad
1691 1793 1923 1863 stabiliendos
1948 1794 2085 1884 impios
2098 1796 2216 1867 aulem:

187 1906 288 1979 Sicut
322 1899 507 1972 manifeste
536 1895 699 1964 videmus
729 1906 848 1962 sontes
874 1894 1032 1984 elapsos,
1064 1905 1182 1963 tamen
1236 1888 1316 1958 ideo
1335 1891 1600 1977 rectasaeiunt,
1626 1893 1782 1987 quinon
1798 1897 1993 1982 obediunt,
2023 1898 2117 1970 sicut
2135 1911 2217 1969 neta

137 2066 140 2071 .
187 2006 363 2080 divinitus
392 2004 436 2070 ad
471 2019 605 2098 poenas
629 1988 773 2069 retrahi.
831 1993 919 2067 Item
945 2006 1183 2079 contumace,
1235 1991 1413 2064 iaciebant
1435 1993 1563 2063 iratres
1587 1996 1625 2065 in
1650 1991 1796 2066 historia
1818 1994 2135 2085 Maccahaeorum,
2162 2000 2218 2094 qui

188 2108 326 2182 etiamsi
343 2128 416 2174 non
432 2111 580 2194 possunt
597 2098 636 2167 in
654 2097 850 2189 praesentia
867 2096 1037 2180 coirccri,
1063 2111 1182 2167 tamen
1235 2093 1407 2164 nolebant
1431 2118 1556 2167 carnea
1576 2099 1699 2168 suillas
1722 2101 1836 2168 edere.
1888 2096 2031 2171 Debent
2054 2103 2148 2171 enim
2167 2124 2218 2172 aa·

188 2224 307 2305 postea
325 2208 481 2276 incidere
497 2203 535 2270 in
559 2200 699 2291 aliquos
724 2200 888 2290 laqueos,
919 2211 960 2269 ut
986 2200 1072 2269 dent
1097 2221 1183 2290 poe·
1235 2209 1311 2266 tare
1327 2197 1745 2288 exempla-confessionis,
1762 2202 1825 2271 ubi
1844 2202 1973 2273 tradita
1991 2215 2044 2273 est
2060 2203 2217 2290 doctrina,

189 2336 269 2385 nas:
309 2311 400 2380 sicut
421 2304 570 2386 Clodio,
602 2300 795 2385 Catilinae,
828 2299 1010 2391 Antonio,
1045 2313 1080 2371 et
1101 2300 1182 2369 aliis
1235 2298 1326 2369 sicut
1343 2312 1378 2369 et
1396 2296 1528 2370 Paulus
1545 2303 1663 2373 noluit
1680 2301 1804 2373 Titum
1824 2303 2046 2377 circumcidi.

188 2414 334 2496 accidit,
360 2409 421 2505 qui
438 2405 592 2476 subinde
606 2425 717 2473 novos
732 2403 906 2475 tumultus
930 2403 1182 2476 excitaverant.
1340 2398 1526 2483 Secundo,
1559 2405 1588 2473 si
1612 2417 1696 2475 sunt
1718 2405 1930 2475 traditiones
1952 2408 1998 2477 de
2021 2406 2152 2478 mediis
2170 2426 2218 2477 aa.

188 2514 237 2590 Et
252 2512 349 2586 Deos
365 2511 492 2587 talium
509 2505 667 2576 consiliis
688 2518 723 2575 et
746 2506 897 2593 negotiis
918 2504 1118 2587 maledicit,
1143 2516 1185 2574 ut
1234 2504 1322 2586 bus,
1349 2518 1382 2575 et
1399 2504 1508 2573 iactae
1523 2521 1669 2598 propter
1686 2508 1870 2598 politicum
1888 2508 2014 2593 linem,
2049 2523 2090 2581 ut
2109 2510 2217 2580 obus.

188 2635 308 2692 tamen
324 2626 431 2685 ruant
446 2611 484 2679 in
507 2607 629 2677 civiles
653 2619 687 2678 et
710 2621 873 2678 aeternas
895 2629 1036 2696 poenas.
1086 2603 1184 2676 Haec
1235 2605 1333 2675 vatio
1367 2605 1456 2676 certi
1478 2606 1571 2690 diei,
1611 2623 1645 2680 et
1668 2624 1783 2682 certae
1807 2604 1977 2681 historiae
2008 2611 2134 2696 lectio,
2169 2611 2217 2681 di.

189 2719 310 2793 omnia
325 2711 571 2806 complectitor
587 2707 739 2794 Paulus,
765 2733 846 2780 cum
870 2707 1005 2804 inquit:
1032 2705 1184 2804 Propter
1235 2708 1358 2778 scendi
1375 2729 1491 2780 causa.
1552 2707 1691 2781 Harum
1707 2712 1940 2782 traditionum
1962 2712 2115 2786 violacio
2137 2726 2217 2784 ,xm

191 2817 459 2897 &mimim-
1234 2833 1355 2879 casum
1379 2809 1540 2879 scandali
1566 2827 1714 2883 nonest
1738 2826 1920 2905 peccatum
1944 2816 2117 2900 mortale,
2148 2810 2217 2908 quia

293 2921 418 3014 Neque
434 2940 516 2987 vero
534 2911 621 2985 haec
639 2926 775 2984 tantum
793 2909 974 3002 pertinent
989 2913 1034 2982 ad
1060 2911 1184 2982 subdi·
1236 2910 1372 2980 Paulus
1406 2911 1510 2983 dicit:
1549 2910 1662 2985 Nemo
1697 2941 1759 2986 vos
1792 2929 1916 3005 arguat
1953 2918 1992 2986 in
2025 2933 2127 3009 pam
2158 2914 2216 2988 did

190 3043 267 3112 tos,
308 3020 495 3093 sedetiam
521 3019 565 3087 ad
591 3016 855 3104 magistratum,
898 3014 960 3105 qui
991 3036 1071 3082 eum
1094 3014 1185 3084 fiunt
1235 3013 1401 3085 iestiete.

191 3127 357 3225 tyranni,
382 3147 458 3192 non
481 3120 600 3189 minus
625 3118 799 3208 dissipant
822 3115 1086 3185 ordinationem
1106 3113 1185 3199 Dei,
1339 3114 1410 3187 Sed
1441 3110 1500 3185 hic
1532 3114 1746 3207 proponitur
1767 3119 1967 3212 exemplum
1993 3119 2156 3191 civilium
2178 3120 2218 3187 10.

191 3255 299 3326 qoam
321 3225 492 3297 seditiosi.
554 3218 637 3289 ldeo
663 3233 697 3289 et
720 3219 880 3310 ipsorum
906 3218 1120 3289 conscientia
1146 3218 1186 3288 fit
1236 3240 1341 3307 gum,
1374 3212 1519 3288 curbae
1535 3216 1645 3305 magis
1671 3218 1851 3305 obligant,
1885 3246 1993 3317 quam
2018 3221 2217 3293 ecclesiasti·

193 3358 271 3410 rea,
306 3329 388 3422 quia
406 3349 481 3394 non
505 3323 678 3392 obediunt
701 3319 923 3391 ordinationi
939 3318 1026 3399 Dei,
1060 3321 1186 3409 idest,
1236 3320 1322 3389 cae?
1352 3315 1578 3410 ¹Respondeo
1604 3320 1886 3408 simplicissime,
1917 3322 2103 3415 Scriptum
2125 3322 2218 3394 eradit

68 3422 73 3437 ⁸
192 3435 349 3523 legibus,
384 3428 514 3522 quibus
537 3426 668 3494 debent
690 3445 825 3514 parere.
878 3419 963 3490 ldeo
989 3421 1185 3490 commina-
1238 3416 1331 3490 hanc
1348 3421 1606 3491 diversitatem:
1643 3421 1736 3491 clare
1749 3423 1847 3508 dicit,
1863 3422 2219 3515 polluiconacientias.

193 3539 309 3610 tiones
325 3528 384 3601 hic
401 3521 533 3618 positae
550 3526 656 3597 etiam
672 3525 717 3594 ad
732 3524 827 3615 ipsos
843 3522 1033 3611 pertinent.
1084 3520 1185 3594 Sicut
1242 3523 1273 3591 si
1297 3521 1376 3616 quis
1399 3547 1474 3593 non
1498 3523 1640 3593 obediat
1660 3525 1881 3614 magistratui
1904 3529 2041 3615 gerenti
2064 3529 2218 3618 gladium.

194 3637 281 3710 alibi
299 3631 417 3727 inquit
433 3629 623 3720 scriptura:
656 3626 739 3696 Non
760 3619 917 3694 hominis
941 3625 1108 3695 exercetis
1129 3625 1186 3695 io·
1241 3621 1287 3696 Et
1304 3647 1427 3696 rursus
1441 3625 1534 3695 clare
1548 3625 1650 3695 dicit:
1677 3622 1759 3695 Non
1775 3628 1888 3720 pollui
1905 3631 2140 3700 conscientias
2154 3630 2218 3699 vio·

194 3741 349 3816 dicium,
374 3734 434 3804 sed
457 3729 626 3802 Domini:
653 3727 835 3820 Quicquid
860 3726 1120 3812 iudicaveritis,
1147 3728 1186 3796 in
1239 3727 1372 3797 latione
1394 3727 1648 3809 traditionum,
1680 3751 1768 3819 quas
1795 3732 1955 3801 condunt
1971 3728 2162 3824 Episcopi,
2183 3738 2219 3800 u
2249 3772 2254 3825 q

194 3866 259 3912 vos
282 3835 509 3910 redundabit.
561 3831 711 3921 Semper
731 3830 825 3898 enim
849 3827 911 3897 illa
931 3828 1103 3901 sententia
1129 3829 1187 3897 in·
1240 3842 1413 3899 testantur
1427 3829 1523 3900 dicta
1542 3830 1586 3900 ad
1606 3826 1687 3898 Gal.
1713 3845 1745 3902 et
1763 3827 1842 3907 Cot.
1893 3831 1994 3904 Haec
2019 3834 2112 3906 ratio
2135 3830 2254 3911 soih-l

193 3945 326 4018 tuenda
343 3953 413 4024 est,
425 3933 534 4031 «quod
551 3934 674 4024 politia
695 3933 742 4003 ait
763 3931 943 4002 ordinatio
959 3928 1039 4003 Dei.
1091 3930 1186 4021 Ergo
1238 3931 1309 4002 ciat
1324 3932 1404 4022 piis.
2252 3944 2254 4005 3

195 4044 355 4142 quisquis
370 4041 498 4117 violat,
524 4038 598 4106 aive
616 4035 784 4117 inferior,
810 4032 883 4101 sive
898 4034 1078 4122 superior,
1104 4057 1187 4123 pec·
1339 4032 1410 4104 Sed
1439 4045 1596 4126 opponat
1618 4031 1766 4125 aliquia,
1807 4030 1868 4105 Au
1897 4037 2013 4107 maior
2036 4031 2219 4105 reverent'u
2252 4022 2254 4113 ff

195 4162 268 4232 cat,
304 4159 337 4216 et
352 4142 452 4215 dabit
466 4140 543 4212 Deo
557 4158 707 4231 poenas,
737 4134 877 4206 utsiin
895 4131 1187 4226 temploconcul-
1239 4134 1390 4205 debetur
1418 4136 1583 4226 potestati
1614 4135 1736 4205 civili?
1776 4134 1853 4207 lmo
1873 4140 2025 4209 maxima
2051 4132 2219 4208 Ecclesiae
2252 4120 2254 4127 ’

196 4261 291 4322 “fil
306 4256 537 4317 ’mamenti-
1239 4249 1273 4308 et
1290 4237 1462 4307 ministris
1477 4234 1665 4328 Evangelii
1678 4239 1848 4325 debetur,
1879 4252 1913 4310 ct
1928 4240 2005 4310 sine
2019 4239 2096 4311 ulla
2122 4236 2218 4308 dubi·
2252 4228 2255 4237 '

299 4347 423 4441 ltaque
437 4340 545 4415 huius
562 4338 719 4410 mandati
728 4336 1188 4422 severitasmoveatomnes,
1238 4339 1372 4408 tatione
1393 4352 1540 4430 peccant
1565 4341 1763 4411 mortaliter
1788 4365 1934 4426 omnes,
1976 4342 2038 4436 qui
2056 4364 2130 4411 non
2146 4341 2219 4410 ohe.

196 4477 243 4525 ne
257 4451 488 4523 violationem
504 4443 641 4536 politici
657 4455 766 4514 status
778 4452 905 4532 putent
920 4461 993 4507 esse
1009 4439 1087 4509 leve
1104 4462 1185 4527 pec·
1237 4441 1344 4511 diunt
1374 4444 1502 4526 verbo,
1542 4443 1639 4532 quod
1667 4455 1718 4513 est
1751 4446 2039 4516 commendatum
2067 4438 2219 4534 potestati

81 4640 84 4647 ,
197 4568 328 4627 catum.
379 4548 427 4620 Et
444 4545 778 4617 econtradiacamus
792 4564 899 4632 opera
915 4540 1006 4612 vitae
1022 4540 1188 4629 politicae
1238 4542 1502 4613 ecclesiasticae.
1553 4542 1720 4614 Secundo
1735 4559 1880 4634 peccant
1899 4546 2100 4619 mortaliter
2114 4546 2219 4627 etiarn,

198 4671 235 4728 et
254 4653 500 4727 oeconomicae
528 4646 568 4717 in
592 4640 648 4716 his
672 4643 735 4737 qni
756 4646 906 4714 credunt
929 4642 968 4712 in
992 4638 1187 4724 Christum,
1238 4645 1300 4735 qui
1317 4645 1356 4715 in
1375 4667 1458 4716 casu
1473 4645 1630 4730 scandali
1646 4644 1783 4716 violant
1804 4661 1985 4738 pastorum
2009 4647 2220 4719 andnim

198 4781 273 4831 esse
288 4759 383 4827 bona
396 4773 502 4846 opera
518 4763 554 4820 et
566 4749 681 4819 cultus
697 4744 788 4830 Dei,
807 4769 872 4815 nec
887 4758 1025 4816 tantum
1042 4767 1187 4815 asseres
1238 4743 1288 4818 Ut
1301 4746 1331 4816 si
1346 4746 1427 4839 quis
1443 4746 1602 4839 exemplo
1618 4770 1682 4816 suo
1704 4749 1742 4816 in
1762 4744 1920 4819 Ecclesia
1943 4764 2037 4821 recte
2061 4751 2220 4830 instituta,

198 4854 419 4954 prophanas,
443 4853 526 4949 quia
543 4851 624 4922 ideo
639 4849 881 4921 conservanda
897 4859 948 4918 est
964 4846 1128 4926 societas,
1147 4859 1188 4918 ut
1238 4847 1366 4920 invitet
1380 4848 1468 4917 alios
1484 4850 1529 4918 ad
1547 4862 1764 4920 contemtum
1783 4852 1966 4922 doctrinae
1989 4865 2024 4922 et
2047 4853 2221 4923 minim.

197 4961 349 5037 Deusin
367 4959 631 5029 eainnoteacat.
680 4948 1078 5021 Hicfinisnonestres
1102 4973 1187 5039 pro·
1238 4973 1339 5036 rum,
1377 4952 1439 5021 aad
1461 4949 1600 5020 violans
1625 4950 1702 5020 ,ine
1726 4954 1946 5025 contumaci,
1975 4966 2009 5024 e,
2037 4954 2118 5026 ,ine
2136 4952 2219 5024 ml,

199 5063 338 5156 phana,
365 5076 711 5154 quarecumomncs
734 5050 889 5122 actiones
908 5051 1001 5122 vitae
1023 5051 1188 5140 politicae
1238 5050 1417 5141 exemplo,
1451 5075 1525 5121 non
1550 5066 1670 5143 peccat
1692 5054 1901 5129 mortaliter.
1959 5054 2067 5127 Hane
2089 5056 2221 5126 liberta.

199 5170 271 5239 sint
289 5165 477 5236 distinctae
493 5160 538 5229 ad
555 5152 652 5226 hunc
667 5155 785 5237 finem,
799 5150 896 5222 Deus
910 5151 1026 5223 voluit
1040 5174 1099 5223 eas
1114 5175 1189 5223 esse
1239 5166 1311 5224 tem
1325 5148 1489 5225 Christus
1503 5154 1542 5223 in
1558 5153 1712 5226 Ecclesia
1729 5156 1877 5226 existere
1894 5171 1928 5227 et
1943 5158 2098 5248 intelligi
2114 5157 2199 5230 vult.

201 5267 364 5338 exercitia
378 5259 629 5341 confessionis,
661 5269 696 5326 et
711 5266 858 5346 propter
872 5247 968 5323 hunc
989 5253 1094 5324 tinem
1120 5278 1188 5323 no·
1339 5252 1495 5327 Possunt
1510 5254 1617 5327 etiam
1642 5257 1798 5326 rationes
1824 5260 1943 5348 colligi
1965 5282 2008 5330 ex
2029 5259 2223 5330 diffamat.

199 5369 255 5438 bia
271 5365 455 5460 proposuit
468 5385 523 5437 es.
575 5357 662 5433 ldeo
676 5350 875 5449 Prophetae
892 5353 1081 5450 requirunt
1102 5352 1188 5435 haec
1237 5368 1460 5450 potestatum.
1524 5353 1622 5431 Deua
1654 5359 1833 5432 commisit
1858 5361 2144 5455 magistratibus,
2188 5374 2224 5432 ot
