4522 5782
51 183 140 279 Μ

198 367 320 452 Dedit
331 367 425 470 filio
446 373 561 447 sitem
580 368 716 446 habers
739 372 781 446 ia
792 394 891 448 sess.

152 521 205 599 Et
217 541 268 599 est
287 522 466 620 emphasis
486 526 524 596 in
546 520 617 598 hoc
640 525 755 613 dicto,
778 526 888 596 vitam
911 518 1043 595 babere

48 626 201 719 iusese,
227 628 266 699 id
284 641 356 716 est,
374 630 446 701 alio
467 631 594 714 modo,
619 653 726 723 quarn
751 639 950 713 creaturae,
976 639 1042 696 an-

49 732 118 825 geli
133 743 171 802 et
187 726 366 806 homiues.
415 727 535 803 Habet
556 731 650 800 enim
669 727 765 800 Deus
779 730 886 801 vitam
902 730 940 798 in
955 751 1041 813 sese,

47 832 219 905 videlicet
243 846 442 918 aeternam,
468 845 501 904 et
524 855 615 926 quae
637 831 738 902 nullo
755 832 861 901 modo
883 830 1041 920 extingui

48 946 184 1031 potest,
203 935 279 1005 imo
296 934 363 1019 sic,
386 946 427 1007 ut
441 933 520 1004 aliis
536 935 642 1005 etiam
659 933 855 1026 impertiat,
880 932 1041 1021 Angelus

48 1032 208 1108 etlroum
228 1059 304 1107 non
325 1048 439 1129 potest
460 1035 514 1106 rei
534 1050 696 1108 mortuae
718 1035 826 1106 vitam
847 1033 1040 1124 impertire.

47 1136 146 1211 naec
158 1151 300 1209 tanturn
315 1149 399 1208 sunt
414 1150 562 1208 naturae
578 1137 849 1231 omnipotentis:
877 1160 956 1207 cum
973 1135 1040 1225 igi-

48 1246 106 1315 tor
124 1239 226 1312 filins
246 1238 293 1312 ait
317 1239 562 1325 resuscitator,
586 1262 725 1311 necesse
741 1253 793 1309 est
814 1238 1040 1328 omnipoten-

467 181 552 262 xn
605 177 909 271 nuenario
932 179 985 260 tn
1009 175 1198 271 uranu.
1225 173 1446 271 ussus,
1491 129 1599 261 cnr.
1625 181 1677 258 v.-

1095 352 1156 425 sed
1173 353 1240 424 fide
1252 376 1330 425 eam
1350 355 1500 448 accipit,
1532 369 1568 429 et
1591 354 1697 430 sentit
1717 378 1755 428 se
1776 349 1844 430 hac
1863 380 1951 430 voce
1966 357 2088 433 lucem
2122 388 2132 405 ‚

1094 469 1129 527 et
1144 455 1253 526 vitam
1269 457 1466 552 concipere.
1514 457 1630 530 Audit
1649 483 1768 531 vocem
1785 472 1820 531 et
1835 462 2000 552 populna,
2021 467 2086 549 sed

1093 556 1204 648 fugit,
1238 571 1273 629 et
1296 552 1469 630 sustinere
1489 583 1568 630 eam
1590 584 1664 632 non
1688 573 1814 655 potest.
1868 559 1949 633 lure
1972 565 2084 656 igitur
2113 619 2115 623 -

1093 658 1257 749 gloriatio
1275 659 1487 733 ludaeorum
1500 674 1657 748 taxatur,
1684 662 1747 756 qui
1767 686 1803 734 se
1825 676 1970 757 propter
1990 661 2087 749 hanc,

1093 763 1373 852 praerogativam
1401 765 1664 835 contendebant
1693 788 1766 834 esse
1787 761 1981 835 Ecclesiam
2000 765 2086 859 Dei,

1093 864 1187 954 quod
1225 888 1346 935 vocem
1391 866 1583 937 audissent.
1651 865 1799 938 Refutat
1833 889 1893 936 eos
1921 864 2084 938 Christus

1092 964 1230 1034 etiamsi
1246 965 1360 1035 vocati
1383 967 1483 1052 estis,
1515 979 1631 1038 tamen
1650 991 1727 1037 non
1750 969 1989 1056 auscultastis,
2016 991 2083 1041 au-

1092 1065 1169 1134 dire
1190 1088 1256 1137 nec
1279 1068 1463 1160 potuistis,
1495 1092 1560 1139 nec
1583 1069 1761 1141 voluistis:
1793 1069 1931 1141 Audire
1953 1094 2082 1142 sonum

1091 1166 1214 1254 illum,
1239 1192 1313 1238 nou
1329 1168 1415 1240 facit
1429 1194 1490 1239 vos
1505 1172 1676 1261 populum
1693 1170 1780 1251 Dei,
1806 1171 1898 1243 sicut
1914 1173 2006 1244 infra
2024 1173 2082 1243 di-

1092 1282 1145 1340 cet
1159 1295 1234 1361 cap.
1250 1270 1305 1346 8.:
1333 1269 1408 1359 Qui
1424 1284 1475 1341 est
1491 1270 1631 1352 exDeo.
1654 1274 1762 1343 verba
1771 1270 1836 1343 nei
1852 1274 1964 1350 audit.
1995 1272 2086 1357 Ideo

47 1355 118 1417 tem
140 1364 230 1414 esse.
287 1337 384 1413 Haec
407 1341 492 1412 satis
512 1341 766 1431 sitannotasse
780 1342 824 1410 de
837 1351 908 1433 tam
926 1339 1040 1408 subli-

47 1445 167 1515 mibus
190 1442 317 1525 dictis,
350 1443 549 1537 dequibus
572 1443 757 1536 praecipue
783 1436 851 1511 hoc
867 1441 1039 1511 memine-

48 1542 114 1634 ris,
142 1546 243 1641 quod
267 1544 338 1617 sint
362 1545 565 1617 testimonia
587 1543 785 1616 divinitatis
810 1543 887 1613 filii.

1091 1395 1154 1441 vos
1168 1396 1243 1441 non
1255 1371 1406 1455 auditis,
1431 1374 1515 1465 quia
1538 1398 1579 1443 ex
1593 1370 1669 1444 Deo
1685 1399 1759 1444 non
1776 1375 1879 1447 estis:
1905 1374 1945 1447 si
1961 1376 2085 1453 essetis¹

1092 1475 1245 1564 populus
1266 1471 1351 1557 Dei,
1382 1488 1468 1544 tunc
1499 1476 1544 1543 ad
1563 1488 1721 1545 montem
1746 1474 1833 1547 Sina
1858 1477 2082 1547 audivissetis

1091 1572 1207 1644 Deum
1224 1576 1439 1668 loquentem,
1465 1577 1525 1647 sed
1541 1591 1581 1647 ut
1595 1593 1679 1647 tunc
1695 1578 1895 1667 fugiebatis‚
1921 1578 1969 1648 ita
1984 1603 2083 1649 nunc

92 1674 96 1679 ’
148 1678 278 1752 Postea
307 1679 346 1750 io
373 1678 444 1750 bne
472 1679 573 1752 addit
601 1679 904 1770 obiurgationem,
943 1679 1039 1774 quod
1090 1676 1229 1766 fugitis,
1253 1701 1327 1745 non
1350 1677 1466 1766 igitur
1481 1678 1564 1750 estis
1586 1679 1737 1770 populus
1753 1679 1842 1762 Dei,
1872 1703 1937 1749 nec
1958 1704 2084 1763 vocem

50 1780 231 1873 baptistae
245 1781 446 1853 testificanti
460 1782 506 1852 de
520 1782 598 1871 ipso
613 1805 687 1851 non
711 1781 940 1855 crediderint.
991 1777 1040 1852 Et
1091 1777 1162 1848 Dei
1178 1779 1320 1849 curatis.
1374 1776 1432 1849 Sic
1457 1779 1564 1869 igitur
1586 1780 1807 1871 intelligatur
1832 1775 1890 1850 bic
1913 1781 2080 1852 totnslo·

49 1880 293 1959 utEcclesiam
309 1884 451 1955 abunde
466 1884 663 1970 confirmet,
688 1882 816 1972 allegat
830 1906 904 1951 uon
923 1883 1039 1952 solum
1091 1903 1169 1965 cus,
1194 1882 1289 1975 quod
1309 1881 1498 1967 damnetur
1518 1881 1641 1974 opinio
1656 1881 1869 1953 Pontificum
1890 1896 1923 1952 et
1939 1881 2090 1955 Princi·.

49 1983 230 2079 Baptistae
244 1984 460 2069 testimonia,
476 1986 536 2055 sed
553 1986 658 2055 etiam
672 1985 805 2055 aeterni
821 1986 930 2074 patris
946 1984 1039 2054 dicta
1090 2005 1197 2073 pnm,
1219 1983 1280 2075 qui
1298 1981 1543 2070 gloriabantur
1555 2007 1592 2053 se
1607 2006 1680 2052 esse
1688 1981 1880 2055 Ecclesiam
1889 1981 1968 2065 Dei,
1995 2009 2081 2077 pro·

52 2086 293 2173 etmiracula,
318 2110 409 2179 quae
423 2106 489 2155 nos
506 2099 618 2158 certos
639 2087 795 2157 reddunt
809 2079 906 2154 huuc
923 2082 1039 2154 Iesum
1089 2095 1169 2175 pter
1190 2078 1282 2153 banc
1306 2085 1581 2175 praerogativam
1606 2085 1820 2171 vocationis,
1860 2109 1940 2156 cum
1962 2101 2082 2177 tamen

51 2189 162 2260 flium
177 2184 248 2260 Dei
274 2185 491 2259 etMessiam
508 2211 600 2274 esse,
626 2190 685 2258 sed
710 2187 1039 2260 durissimeobiur·
1089 2208 1164 2254 non
1195 2185 1378 2255 crederent
1404 2186 1482 2256 voci
1508 2185 1594 2273 Dei,
1633 2200 1667 2258 et
1690 2189 1786 2280 quod
1810 2187 1934 2259 audire
1959 2212 2081 2259 vocem

52 2292 142 2383 gotio
157 2289 321 2385 sequitur
334 2284 391 2359 bis
405 2290 538 2362 verbis:
1089 2283 1156 2356 Dei
1172 2286 1218 2356 sit
1232 2288 1337 2358 corde
1354 2288 1513 2370 credere,
1538 2302 1572 2362 et
1587 2289 1655 2358 fide
1677 2312 1806 2358 novam
1832 2287 1947 2360 lucem
1968 2304 2004 2362 et
2025 2289 2079 2358 vi-

1090 2401 1162 2458 tam
1179 2390 1383 2480 concipere,
1405 2388 1495 2461 sicut
1508 2413 1615 2483 supra
1630 2388 1764 2461 dictum
1779 2403 1842 2467 est.

95 2453 228 2560 Neque
243 2481 360 2533 vocem
373 2453 643 2548 sius-audistis,
668 2479 780 2559 neque
794 2457 945 2559 speciem
961 2455 1039 2530 eius

148 2557 310 2637 vidistis.
1141 2551 1221 2654 Qui
1242 2557 1349 2629 verbo
1365 2555 1462 2649 Dei,
1488 2568 1520 2629 et
1535 2554 1646 2630 credit
1661 2558 1695 2630 ei
1707 2559 1774 2658 qui
1789 2558 1890 2629 misit
1906 2579 1978 2644 me,
2005 2551 2079 2627 iso·

1191 2657 1287 2730 tabit
1310 2661 1424 2730 velam
1445 2671 1647 2744 aeternam,
1684 2671 1716 2731 et
1741 2661 1781 2730 in
1804 2656 1980 2731 iudicium
2004 2683 2078 2730 non

118 2696 259 2770 V‘fflm
275 2710 346 2781 ⁰⁸¹2
370 2694 487 2767 ΒΜ
509 2717 547 2766 ⁸⁰
561 2695 647 2765 ‘⁰¹3⁸
661 2693 820 2788 ''affibm
841 2689 950 2767 haim
973 2721 1040 2789 ⁹⁰·
1193 2761 1306 2845 venit,
1330 2759 1398 2833 sed
1411 2761 1588 2834 transibit
1604 2786 1650 2834 ex
1665 2772 1779 2832 morte
1793 2762 1832 2832 in
1852 2761 1975 2836 vitam.

53 2801 125 2896 poli
146 2800 352 2892 patefecisse
375 2799 469 2869 clara
493 2821 598 2879 voce,
625 2811 659 2868 et
679 2811 771 2867 certa
792 2799 925 2888 specie,
949 2799 1040 2868 sicut

51 2908 92 2975 de
111 2901 219 2974 Mose
240 2901 412 2991 scriptum
436 2912 509 2984 est,
539 2902 635 2992 quod
661 2898 790 2968 viderit
812 2897 927 2968 Deum
951 2899 1039 2969 facie
1162 2897 1299 2969 Similis
1311 2911 1362 2970 cst
1379 2899 1569 2992 disputatio
1593 2904 1636 2971 de
1651 2898 1806 2970 Ecclesia
1829 2899 1996 2970 omnibus
2019 2921 2080 2968 ae-

51 3004 243 3079 sdfariem.
297 3003 443 3073 Certum
468 3003 777 3073 estetiamrocem
795 3015 979 3070 sonantem
999 3001 1037 3070 in
1090 3000 1230 3071 tatibus.
1281 2998 1335 3070 Ita
1359 3025 1455 3072 nunc
1477 3026 1620 3096 quoqne
1645 3003 1828 3094 disputant
1851 2996 2018 3092 Episcopi
2042 3011 2077 3069 et

50 3108 133 3182 Sina
155 3107 205 3176 ad
224 3104 431 3176 universum
453 3103 625 3194 populum
647 3103 755 3175 fuisse
782 3103 1038 3181 testimonium,
1089 3103 1364 3191 gubernatores,
1389 3126 1426 3173 se
1442 3128 1515 3174 esse
1530 3105 1716 3195 praecipua
1731 3104 1888 3173 membra
1899 3098 2078 3171 Ecclesiae
2164 3183 2166 3187 ¹

48 3233 117 3305 qno
139 3207 244 3279 Deus
267 3218 412 3278 testatus
439 3217 508 3290 est,
543 3199 611 3276 hoc
635 3207 782 3273 verbum
813 3207 907 3297 qnod
941 3203 1038 3274 Mosi
1088 3200 1176 3289 Dei,
1200 3217 1347 3296 propter
1368 3206 1621 3276 successionem
1638 3203 1986 3296 ordinariaquuia
2008 3200 2077 3284 illi,

47 3310 261 3394 tradiderat,
284 3331 389 3378 suum
403 3329 476 3378 esse
494 3307 660 3389 verbum,
684 3308 745 3375 sed
762 3318 881 3374 tamen
899 3306 1036 3376 infinita
1090 3306 1219 3399 quibus
1235 3301 1392 3375 humano
1408 3332 1505 3377 more
1526 3320 1784 3390 successerunt,
1809 3302 2000 3392 audierunt
2012 3328 2077 3373 vo-

48 3411 248 3487 difiercntia
261 3424 314 3481 est
327 3411 421 3480 inter
442 3408 627 3488 noticiam,
654 3432 723 3500 qua
744 3407 839 3476 lilius
860 3408 962 3478 novit
982 3431 1037 3477 es-
1088 3432 1163 3478 cem
1189 3403 1341 3488 Christi,
1374 3407 1454 3479 ideo
1474 3410 1723 3500 promissiones
1742 3411 1786 3477 ad
1804 3431 1840 3478 se
1854 3407 2079 3500 detorquent,

10 3584 12 3593 ,
48 3515 195 3587 seutiam
211 3513 346 3583 aeterni
364 3511 493 3603 patris,
517 3522 553 3580 et
575 3510 668 3579 inter
689 3510 766 3578 illas
787 3509 957 3580 revelatas
973 3535 1037 3579 vo·
1088 3513 1149 3581 sed
1164 3511 1287 3580 eodem
1302 3512 1411 3580 modo
1425 3512 1604 3582 refutandi
1622 3523 1714 3582 sunt.
1748 3508 1825 3581 Soli
1842 3503 1979 3578 hisuut
1997 3507 2078 3576 vira

10 3604 14 3619 ’
49 3642 120 3702 tes,
156 3615 253 3685 sicut
274 3609 438 3686 Christus
460 3611 648 3706 aliquoties
670 3606 802 3682 Mattb.
822 3615 896 3683 11.:
922 3609 1035 3682 Nemo
1087 3613 1245 3682 membra
1260 3608 1454 3698 Ecclesiae,
1488 3612 1551 3706 qui
1575 3636 1695 3683 vocem
1711 3611 1779 3682 Dei
1799 3611 1871 3701 fide
1888 3608 2078 3701 accipiunt,

10 3748 12 3817 t
48 3719 145 3793 norit
166 3729 326 3808 patrem,
349 3713 544 3799 nisifilius3
576 3727 610 3786 et
634 3715 672 3780 in
689 3707 758 3783 hoc
780 3711 1041 3803 cap.loan.5.:'
1087 3727 1123 3785 et
1149 3714 1188 3783 in
1218 3715 1324 3784 corde
1354 3739 1482 3784 novam
1511 3715 1626 3784 lucem
1658 3729 1693 3786 et
1716 3715 1825 3783 vitam
1856 3711 2076 3807 concipiunt.

10 3822 14 3905 l
47 3819 229 3918 Quicquid
246 3819 342 3889 videt
362 3817 457 3887 lilius
478 3828 612 3907 patrem
636 3814 841 3900 facientem,
864 3839 955 3908 quae
974 3814 1036 3885 ille
1087 3814 1189 3886 Certe
1208 3811 1247 3884 hi
1265 3839 1338 3885 non
1354 3828 1437 3886 sunt
1450 3817 1607 3884 membra
1624 3816 1747 3908 populi
1762 3814 1846 3895 Dei,
1873 3812 1937 3907 qui
1954 3809 2076 3883 Evan-

10 3922 12 4001 Ῑ
48 3926 145 4008 lacit,
172 3921 342 3992 similiter
362 3933 396 3989 et
417 3918 511 3988 lilius
537 3916 632 3990 facit.
691 3914 812 4005 Quare
835 3918 879 3986 de
904 3917 1035 3988 noticia
1087 3917 1441 4008 gelioadversantur,
1465 3914 1650 3989 utPaulus
1667 3918 1798 4010 inquit:
1825 3912 1960 4007 Siquis
1976 3913 2076 3983 aliud

50 4026 217 4097 assutiae
230 4047 306 4093 non
322 4033 373 4091 est
388 4020 558 4104 dubium,
586 4018 674 4111 quin
699 4043 819 4088 vocem
835 4031 869 4088 et
883 4017 1034 4108 speciem
1087 4016 1322 4108 Evangelium
1344 4021 1464 4104 docet,
1498 4017 1684 4090 anathema
1710 4020 1773 4102 sit;
1804 4019 1865 4085 sed
1888 4016 1932 4083 de
1950 4011 2074 4087 Eccle-

50 4154 117 4200 non
132 4127 263 4199 norint
278 4137 477 4202 creaturae,
500 4121 590 4190 sicut
605 4120 697 4191 filius
712 4121 821 4192 novit.
861 4119 935 4190 Nec
948 4145 1033 4191 vero
1087 4122 1137 4192 sia
1153 4135 1272 4214 postea
1287 4144 1389 4213 saepe
1404 4123 1559 4204 dicetur,
1584 4123 1690 4192 redeo
1706 4122 1752 4189 ad
1765 4130 1909 4188 textum.

49 4233 237 4303 dicendum
262 4240 348 4317 puto
368 4226 412 4296 de
434 4218 501 4293 bac
520 4245 647 4292 arcana
675 4220 805 4291 noticia
836 4216 904 4291 hoc
937 4222 1033 4293 loco:
1495 4230 1497 4234 ’

48 4331 131 4405 Nam
149 4331 277 4402 ludaei
294 4351 366 4398 non
381 4326 627 4416 gloriabantur
651 4318 777 4393 dehac
798 4323 949 4409 noticia,
972 4326 1032 4395 sed

50 4439 88 4509 de
102 4433 340 4516 revelatione,
356 4453 441 4522 ¹qua
465 4425 562 4496 Deus
585 4438 682 4496 certo
705 4437 848 4496 testatus
871 4438 964 4509 erat,
997 4448 1034 4496 se
1071 4460 1073 4465 ·
1186 4424 1302 4506 Antea
1331 4428 1452 4498 citavit
1480 4426 1680 4499 testimonia
1704 4423 1978 4505 miraculorum,
2011 4427 2073 4496 sed

10 4574 12 4581 ·
49 4529 332 4634 recepissehunc
352 4528 538 4629 populum.
590 4526 687 4597 Haec
703 4527 943 4619 praerogativa
958 4526 1034 4597 sine
1085 4529 1114 4598 si
1139 4529 1309 4615 miracula
1338 4529 1547 4599 dissentiant
1569 4554 1587 4596 a
1613 4529 1721 4598 verbo
1748 4527 1852 4611 Dei,
1884 4528 1982 4596 iuhct
2001 4523 2073 4597 'lex

10 4632 13 4739 i
50 4644 115 4716 ulla
136 4636 367 4714 dubitatione
385 4633 571 4723 superabat
592 4629 752 4701 omnium
776 4630 934 4718 gentium
956 4630 1034 4717 glo·
1084 4632 1189 4703 Dent.
1207 4633 1264 4702 ts.
1285 4630 1451 4701 anteferri
1474 4633 1619 4701 verbum
1636 4629 1722 4716 Dei,
1753 4645 1789 4701 et
1803 4623 1958 4699 detrahit
1972 4643 2073 4699 auto-

10 4798 12 4815 ,
50 4746 159 4831 fiam:
191 4755 229 4813 et
257 4739 302 4809 de
322 4733 389 4806 hac
409 4731 651 4826 praerogativa
681 4731 838 4821 disputat
859 4726 1034 4811 Christus,
1086 4736 1224 4805 ritatem
1242 4734 1432 4802 miraculis.
1485 4730 1570 4804 Ideo
1598 4731 1761 4805 Christus
1787 4733 1835 4801 ita
1858 4730 1942 4798 citat
1964 4730 2093 4799 mira·-

1337 4287 1569 4363 Scrutamini
1586 4287 1804 4386 scripturas.

10 4858 13 4869 '
51 4848 142 4940 qussi
162 4845 276 4918 dicat:
310 4836 543 4909 Verissimum
567 4847 639 4919 est,
665 4846 698 4903 et
721 4831 953 4903 certissimum
971 4856 1034 4902 vos
1085 4835 1183 4919 cula,
1207 4848 1247 4903 ut
1265 4834 1372 4903 simul
1387 4849 1532 4906 testetur
1552 4858 1744 4924 congruere
1760 4858 1799 4904 ea
1816 4854 1896 4903 cum
1912 4826 2073 4921 Prophe-

10 4872 19 5039 i
50 4945 370 5022 Dcirocerocatns
390 4961 483 5018 esse,
507 4937 569 5006 sed
594 4961 656 5006 vos
676 4957 752 5005 eam
776 4958 851 5003 non
874 4933 1034 5018 audistis,
1085 4949 1201 5005 tarum
1224 4934 1343 5005 dictis:
1382 4936 1495 5026 Impia
1519 4937 1710 5026 pertinacia
1741 4949 1885 5006 estnon
1909 4932 2072 5002 assentiri

53 5052 230 5131 videlicet,
268 5046 375 5117 corde
403 5064 479 5110 non
506 5037 703 5129 accepistis,
748 5037 854 5107 verba
875 5035 1035 5121 audistis,
1085 5037 1360 5127 congruentibus
1382 5038 1592 5108 testimoniis
1618 5033 1875 5128 Prophetarum
1907 5046 1943 5103 et
1964 5034 2073 5107 mira-,

54 5157 103 5227 ted
131 5177 211 5226 nou
243 5144 476 5228 vivificantia,
516 5165 590 5210 non
618 5130 755 5229 accepta
779 5141 897 5212 corde.
949 5135 1033 5206 ldco
1084 5139 1261 5211 culorum.
1314 5137 1506 5210 Testantur
1520 5153 1637 5208 autern
1653 5153 1688 5210 et
1703 5132 1899 5229 Prophetae
1914 5147 1947 5203 et
1963 5134 2073 5217 mira-

10 5260 12 5265 ’
57 5256 223 5330 &mestis
243 5249 357 5320 Exod.
376 5246 437 5318 22.
488 5240 570 5329 Non
595 5242 762 5334 loquatur
784 5240 889 5308 nobis
916 5239 1033 5309 domi·
1084 5241 1183 5325 cula,
1222 5264 1278 5311 me
1307 5265 1328 5308 a
1351 5238 1425 5312 Deo
1453 5241 1597 5311 missum
1634 5264 1726 5324 esse,
1767 5254 1800 5310 et
1823 5260 1903 5305 vera
1937 5235 2074 5304 docere.

59 5379 133 5452 nus,
166 5381 215 5431 oe
243 5350 457 5434 moriamur,
490 5344 591 5419 audit
610 5365 731 5417 vocem
751 5336 820 5413 Dei
842 5335 1035 5432 Abrabam,
1085 5337 1258 5436 Oportuit
1285 5342 1394 5434 igitur
1422 5365 1547 5414 omnes
1575 5365 1674 5414 meae
1705 5341 1782 5412 voci
1813 5339 1973 5425 credere,
2011 5341 2071 5408 sed
