4522 5782
80 174 118 257 rt
202 172 307 257 aut.
357 178 397 255 3.
420 174 787 255 conunurtuu
811 174 864 255 ru
892 170 1053 258 arur.
1072 170 1224 253 raom
1247 169 1318 293 an
1342 168 1612 263 nouenos.
1662 176 1778 261 car.
1803 164 1906 259 viu
1995 182 2075 271 sas

80 352 274 445 3331315333
305 376 385 426 non
404 355 516 427 modo
539 352 660 425 incost
678 349 943 439 obedientiam,
969 349 1031 425 sed
1080 347 1276 428 mittuntur
1287 352 1379 425 iscla
1393 364 1516 427 conus
1532 352 1802 445 morcinum,
1824 369 1980 431 autenm
1994 381 2070 431 non

80 456 145 531 ism
157 456 304 531 subiicit
315 480 384 529 nos
396 455 621 541 obedientiae
638 477 721 547 erga
738 451 868 530 Deum.
1080 467 1301 545 repugnatur
1315 454 1449 527 vitioso
1467 457 1631 544 affectui,
1661 456 1753 533 tiunt
1770 474 1913 555 pestus
1935 474 2070 535 mortr-

1078 552 1141 632 lis.
1184 554 1258 628 llic
1272 559 1403 649 gradus
1418 560 1627 633 manifestus
1639 574 1704 634 est.
1839 586 1842 591 ·

1181 656 1253 731 Sed
1267 660 1357 731 citra
1372 656 1468 733 hunc
1480 664 1630 754 gradum
1641 663 1747 735 etism
1765 664 1932 741 incidunt
1944 628 2065 761 tapam

135 757 383 851 Propositioni
398 760 497 832 sddit
513 760 603 831 dnss
623 757 790 836 rationes.
841 757 962 830 Prima
977 771 1030 829 est
1077 756 1319 850 obscuriores,
1343 787 1497 857 qnorum
1510 766 1615 837 multi
1630 765 1719 839 dunt
1733 768 2065 860 peccatamurtslis,
2126 800 2131 805 ·

79 875 152 933 ants
168 887 189 935 a
204 862 342 956 poenis.
390 857 441 935 Et
456 858 516 934 hic
533 860 634 934 locus
647 884 690 933 en
708 862 952 933 observandus
966 873 1029 947 est,
1077 884 1169 954 quos
1197 865 1290 936 ratio
1319 888 1393 936 non
1417 867 1504 941 satis
1525 868 1683 940 indicare
1703 883 1838 959 potest,
1869 871 1975 966 quale
1995 871 2067 945 luit

89 980 276 1039 tenesmos
291 962 483 1036 discrimen
499 962 634 1057 peccati
649 964 829 1050 mortalis,
855 981 890 1036 et
904 962 1024 1033 venia·
1076 958 1226 1037 Desidia
1244 980 1422 1055 erratum,
1451 973 1597 1065 quando
1623 970 1725 1043 iussit
1745 973 1927 1045 numerari
1950 996 2066 1067 popu·

118 614 227 699 Nom
242 616 490 697 sisenandum
504 643 651 694 earnem
667 616 856 711 vixeritis,
883 629 947 697 etc.

79 1092 147 1155 rm,
173 1061 242 1139 boc
255 1080 326 1153 est,
350 1067 496 1158 talium,
530 1088 623 1160 qnae
644 1067 799 1139 esistunt
821 1066 859 1138 in
884 1064 1026 1140 sanctis.
1075 1065 1166 1142 lum.
1215 1065 1351 1142 Verum
1365 1064 1453 1142 ethi
1470 1073 1590 1165 lapsus
1609 1075 1862 1148 condonantur·
1880 1076 2066 1149 mmai.
2215 1124 2221 1133 .

79 1169 132 1241 uis
146 1170 245 1239 enim
261 1169 399 1263 inquit:
426 1169 467 1241 Si
481 1169 639 1241 actiones
652 1191 775 1240 carnes
789 1169 916 1262 spirito
929 1191 1026 1239 mor·
1076 1168 1143 1238 bns
1156 1169 1201 1240 ad
1216 1170 1341 1255 fidem,
1362 1174 1424 1244 sed
1439 1173 1553 1246 donec
1566 1190 1686 1248 manet
1698 1178 1920 1269 propositum
1935 1175 2066 1269 agendi

79 1272 234 1356 lesbitis,
259 1271 404 1358 vivetis,
430 1284 578 1343 testatur
592 1271 720 1342 esseio
743 1272 876 1344 sanctis
889 1270 1025 1366 aliquas
1076 1282 1199 1343 contra
1214 1274 1485 1364 conscientiam,
1500 1301 1574 1347 non
1591 1290 1708 1371 potest
1724 1282 1844 1351 adesse
1862 1281 1966 1365 tides,
1981 1279 2065 1373 quia

79 1372 195 1447 tiones
221 1373 386 1460 vitiosas,
418 1373 584 1446 videlicet
611 1373 958 1466 concupiscentiam,
990 1384 1026 1442 et
1075 1370 1293 1465 impossibile
1308 1377 1481 1450 estfidem
1498 1380 1646 1451 existere
1661 1404 1742 1453 cum
1765 1383 1858 1453 mala
1881 1382 2066 1452 conscien-

79 1476 200 1549 tiosos
215 1473 371 1565 affecturi
402 1475 637 1569 multiplices,
684 1476 947 1549 dubitationem
979 1475 1025 1545 de
1075 1473 1138 1549 tia.
1188 1474 1294 1548 Fides
1308 1479 1404 1549 enim
1426 1492 1478 1551 est
1491 1483 1650 1568 2fiducia,
1682 1485 1937 1578 quas-statuit,
1968 1485 2065 1577 quod

79 1602 133 1663 ro,
171 1601 251 1648 non
277 1581 402 1651 ardere
422 1579 550 1650 timore
570 1576 656 1665 Dei,
693 1578 783 1665 fide,
823 1577 1025 1663 dilectione,
1074 1572 1153 1649 Deo
1169 1578 1370 1671 placeamus
1392 1595 1538 1675 propter
1550 1578 1745 1663 Christum.
1794 1583 1892 1658 Huic
1912 1585 2065 1667 fiducias

79 1680 221 1773 pnitiem
239 1680 277 1750 in
293 1680 520 1755 invocatione
535 1677 650 1775 (quod
666 1681 721 1751 illi
738 1694 911 1753 vocarunt
934 1674 1025 1772 ἀκη-
1076 1696 1250 1772 repugnat
1274 1684 1368 1753 mals
1390 1685 1625 1773 conscientia,
1658 1710 1764 1781 quam
1788 1689 1883 1784 parit
1903 1687 2068 1783 proposi-

79 1780 142 1874 ev)
156 1781 433 1875 impatientiam,
453 1785 614 1854 flammas
624 1784 840 1866 libidinum,
866 1805 942 1855 non
957 1782 1025 1853 ob·
1076 1795 1153 1854 tum
1171 1785 1299 1873 agendi
1317 1801 1440 1858 contra
1455 1790 1621 1858 mandata
1635 1786 1717 1865 Dei.
2011 1852 2022 1873 ,

79 1908 233 1979 operm
260 1885 526 1980 superioribus,
559 1885 705 1958 incendi
720 1885 916 1980 cupiditate
941 1882 1024 1953 sin·
1177 1882 1276 1958 Hsec
1306 1889 1351 1958 de
1376 1889 1582 1960 discrimine
1606 1906 1830 1983 peccatorum
1854 1888 1987 1964 Paulus
2008 1884 2068 1962 hic
2106 1878 2110 1885 ¹

78 2000 169 2075 ctae,
193 1986 300 2073 odio,
326 1989 474 2060 avaritia
489 2004 556 2066 etc.
611 1988 718 2061 Tales
736 1988 857 2059 morbi
878 1988 917 2057 in
942 2009 1025 2056 ssn·
1075 1985 1236 2061 tradidit.
1287 1987 1408 2079 Quare
1424 1987 1520 2061 hunc
1535 1993 1653 2063 locum
1678 1994 1869 2084 diligenter
1893 1992 2069 2065 memine-

81 2113 117 2177 s,
144 2089 211 2161 etsi
226 2103 310 2162 suot
324 2112 387 2161 sus
401 2104 529 2163 natura
543 2105 684 2183 peccata
698 2090 881 2172 mortalia,
906 2090 1027 2174 idest,
1077 2089 1211 2175 rimus,
1235 2101 1273 2160 et
1286 2115 1490 2180 caveamus,
1514 2118 1560 2164 ne
1578 2096 1708 2166 amisso
1731 2095 1902 2167 beneficio
1917 2090 2067 2180 Christi,

78 2214 144 2285 gns
160 2205 275 2262 morte
288 2204 455 2285 aeterna,
481 2208 599 2267 tamen
613 2195 842 2266 credentibus
860 2193 899 2262 in
915 2185 1026 2262 Chri·
1076 2214 1222 2262 ruamus
1235 2192 1274 2261 in
1297 2194 1461 2278 esitium,
1502 2198 1590 2267 sicut
1616 2211 1648 2269 et
1666 2195 1792 2269 Petrus
1815 2198 1949 2291 inquita
1983 2195 2069 2269 Stu-

78 2318 130 2367 sm
145 2295 416 2376 condonantur,
442 2297 505 2390 qui
528 2311 561 2370 et
582 2310 782 2390 repugnant
801 2291 859 2365 his
880 2293 1026 2377 morbis,
1076 2294 1155 2364 dcte
1177 2294 1314 2366 firmam
1335 2300 1448 2368 iacere
1471 2299 1694 2370 vocationem
1717 2316 1753 2372 et
1775 2302 1983 2371 electionem
2006 2320 2069 2371 ve-

100 2397 173 2468 ude
192 2393 466 2488 apprehendunt
485 2401 715 2472 mediatorem
738 2394 940 2478 Christum,
974 2396 1026 2466 sic
1075 2409 1204 2482 stram,
1229 2396 1267 2466 id
1284 2413 1354 2481 est,
1381 2416 1603 2493 perseverate
1618 2404 1655 2472 in
1671 2398 1736 2473 hac
1752 2404 1928 2487 novitate,
1960 2423 2067 2495 quam

78 2512 125 2573 int
142 2498 317 2586 venialia,
341 2499 379 2569 id
397 2515 468 2585 est,
494 2504 706 2578 condonata,
1074 2499 1254 2571 consecuti
1284 2503 1388 2588 estis,
1432 2526 1478 2572 ns
1508 2505 1647 2576 vocatio
1679 2517 1713 2576 et
1746 2505 1888 2589 electio,
1928 2527 1998 2598 qna
2027 2523 2071 2573 er

136 2596 295 2673 &antra
328 2623 414 2674 sero
443 2606 606 2676 mortalia
630 2607 738 2692 liunt,
776 2626 857 2675 com
879 2601 925 2689 ii,
962 2597 1025 2695 qui
1074 2602 1211 2673 mundo
1227 2604 1395 2694 segregati
1412 2606 1514 2691 estis,
1539 2608 1585 2678 ab
1602 2607 1722 2699 impiis
1732 2630 1861 2678 ¹rursus
1875 2608 1937 2680 fiat
1952 2604 2067 2719 irrita.

78 2717 178 2775 erant
192 2704 418 2786 sanctificati,
444 2705 632 2797 indulgent
644 2720 679 2779 et
703 2708 950 2798 obtemperant
971 2717 1026 2774 ta-

78 2805 348 2888 intellectibus,
374 2831 440 2876 nec
456 2824 655 2898 repugnant
675 2823 711 2882 et
732 2823 817 2882 sunt
841 2808 918 2879 sine
940 2829 1025 2899 poe-

78 2908 199 2983 tentis.
250 2907 357 2977 Tales
373 2908 468 2979 enim
484 2912 652 2983 amittunt
674 2913 780 2982 fidem
804 2924 837 2981 ct
851 2908 1025 3001 Spiritum
1175 2902 1339 2979 Alterum
1354 2923 1600 2998 argumentum
1621 2933 1642 2981 a
1658 2933 1762 2982 cansa
1778 2902 1959 2982 efficiente?
1969 2930 2069 2981 tum·

78 3023 216 3094 octum,
246 3021 282 3079 et
304 3009 523 3083 damnantur
541 3026 683 3084 aeterna
707 3027 840 3093 morte,
871 3011 942 3080 nisi
969 3033 1025 3080 re-
1074 3022 1149 3081 tum
1165 3024 1228 3082 est.
1279 3006 1434 3100 Spiritus
1449 3026 1589 3083 sanctus
1607 3026 1665 3085 est.
1681 3011 1804 3082 eiticsx
1826 3013 1864 3079 in
1887 3012 1951 3103 iis,
1985 3008 2067 3102 qui-

78 3112 487 3203 esntsdpoeniteotiam.
538 3113 639 3187 Sicut
654 3113 770 3187 David
788 3116 901 3185 iactus
921 3111 1025 3182 adul·
1074 3110 1142 3182 bu’s
1172 3112 1347 3183 donatur:
1391 3110 1465 3181 Vos
1486 3114 1669 3206 accepistis
1691 3113 1865 3205 Spiritum
1892 3126 2067 3199 sanctum,

78 3227 203 3303 r,erat
216 3215 293 3284 sine
305 3214 375 3286 lide
390 3229 425 3288 et
436 3214 513 3286 siue
523 3215 662 3309 Spiritu
677 3230 818 3302 sancto,
838 3230 876 3289 ot
899 3212 1025 3305 periis-
1072 3209 1171 3301 Ergo
1201 3212 1248 3283 sit
1279 3212 1318 3280 in
1342 3213 1445 3283 vobis
1465 3216 1598 3290 cilicas.
1656 3214 1830 3286 Maiorem
1856 3210 1915 3284 hic
1934 3212 2068 3285 Paulus

78 3331 107 3405 t,
131 3316 202 3387 nisi
219 3329 339 3416 postea
353 3341 417 3409 per
431 3319 686 3411 poenitentiam
702 3321 886 3392 restitutus
900 3330 1001 3389 esset.
1074 3315 1217 3386 recitat:
1244 3312 1460 3408 Quicunque
1476 3318 1658 3388 ducuntur
1670 3317 1798 3407 spiritu
1813 3314 1902 3401 Dei,
1926 3312 2066 3388 bisunt

136 3417 220 3489 Huc
234 3419 388 3511 pertinet
403 3421 538 3491 dictum
554 3417 623 3493 hoc
643 3424 740 3495 loco:
765 3422 806 3495 si
829 3419 1025 3491 secundnm
1074 3416 1140 3487 filii
1155 3414 1237 3491 Dei.
1286 3411 1422 3511 Estque
1436 3442 1521 3489 usus
1550 3420 1660 3490 verbo
1674 3415 1790 3505 Duri,
1818 3431 1860 3492 ut
1887 3419 2067 3507 intelliga-

1299 2763 1380 2866 Qui
1394 2768 1530 2867 spiritu
1545 2768 1626 2843 Dei
1640 2766 1837 2848 ducuntur.

78 3520 373 3607 roemvireritis,
397 3523 518 3606 idest,
552 3524 583 3593 si
604 3523 899 3618 obtemperabitis
919 3521 1026 3592 vitio-
1072 3541 1154 3589 mus
1168 3519 1344 3589 efficacem
1368 3543 1443 3591 esse
1458 3520 1634 3613 Spiritum
1660 3534 1841 3607 sanctum,
1869 3546 1945 3593 non
1970 3522 2065 3592 otio-

77 3623 319 3706 tatiectibus,
353 3623 569 3697 moriemini.
629 3624 677 3699 Et
706 3629 829 3697 eadem
853 3623 1026 3695 sententia
1074 3644 1167 3694 sum.
1219 3618 1340 3709 Quare
1353 3645 1428 3693 uon
1443 3638 1495 3694 cst
1515 3626 1790 3717 repugnandum
1808 3621 2066 3716 moventiSpi-

77 3747 138 3819 epe
150 3725 324 3815 repetitur
342 3725 379 3794 in
396 3726 600 3818 scripturis,
626 3724 759 3802 Matth.
776 3724 830 3802 6.:
867 3722 946 3796 Nisi
964 3726 1028 3795 sb-
1075 3723 1161 3821 ritpi
1178 3736 1312 3796 sancto.

77 3828 226 3898 udaverit
257 3826 397 3899 iusticia
430 3844 543 3901 vestra
574 3822 877 3920 superJiusticiam
899 3822 1028 3897 Phari·

78 3953 199 4001 soruru
225 3944 291 4003 etc.
346 3934 380 4006 1.
405 3930 569 4003 tonna:
604 3928 736 4004 Omnis
761 3932 918 4026 quinon
944 3929 1028 4000 iacit

78 4033 230 4118 stiriam,
264 4047 413 4106 nonest
436 4057 477 4103 ex
499 4034 587 4107 Deo.
642 4037 675 4111 1.
696 4029 861 4109 Corinth.
885 4031 940 4106 6.:
972 4030 1027 4101 Ne
1177 4030 1305 4103 Postea
1328 4032 1503 4119 declarat,
1529 4036 1652 4128 quales
1677 4036 1748 4105 sint
1770 4046 1887 4104 motus
1907 4030 2066 4133 Spiritus

78 4135 181 4219 retis,
221 4149 451 4216 scortatores,
493 4137 667 4207 idolatrae
696 4154 762 4211 etc.
792 4157 941 4225 regnum
957 4132 1027 4203 Dei
1076 4136 1209 4220 sancti,
1236 4135 1455 4205 etdiscernit
1478 4131 1546 4206 hoc
1569 4162 1703 4207 novum
1730 4137 1899 4221 verbum,
1932 4135 2067 4207 scilicet

77 4262 110 4307 tn
148 4236 393 4328 possidebunt.
464 4236 582 4312 Galat.
615 4238 668 4315 6.:
713 4239 818 4311 Talia
848 4237 1027 4321 iacientes,
1074 4233 1312 4327 Evangelium
1335 4235 1478 4325 oLege.
1538 4236 1630 4309 Nam
1652 4240 1729 4330 lege
1751 4238 2009 4329 perterrefacti,
2036 4237 2066 4307 si

77 4362 187 4431 gnum
209 4336 277 4417 Dei
300 4364 374 4411 non
396 4341 659 4436 possidebunu
687 4339 824 4416 Coloss.
846 4339 903 4413 S:
935 4336 1027 4409 Pro·
1075 4362 1149 4410 non
1168 4342 1310 4410 accedat
1332 4340 1547 4425 consolatio,
1579 4356 1690 4413 ruunt
1713 4342 1751 4409 in
1772 4341 2068 4432 desperationem,

77 4464 223 4537 erquae
238 4442 336 4513 venit
350 4442 402 4512 ira
419 4439 485 4511 Dei
500 4466 607 4535 super
623 4445 870 4516 inobedientes
885 4456 951 4514 etc.
1075 4441 1219 4533 fugiunt
1235 4438 1369 4526 Deum,
1396 4464 1470 4510 non
1487 4441 1668 4513 invocant.
1717 4440 2067 4523 Hostemores‚du·

138 4544 212 4617 Sed
233 4539 292 4615 hic
307 4546 492 4638 quaeritur
507 4547 554 4616 de
570 4547 700 4636 gratim
731 4545 887 4636 Quando
909 4548 1027 4636 lapsus
1074 4546 1287 4615 bitationem
1312 4557 1346 4614 et
1369 4545 1490 4633 sugam
1513 4558 1613 4615 vocat
1629 4543 1805 4636 Spiritum
1823 4545 2002 4618 servitutis
2026 4544 2065 4613 in

79 4647 217 4718 iliunt
246 4649 409 4720 mortalia
434 4649 596 4737 peccata?
628 4648 791 4721 Primum
815 4644 875 4718 hic
895 4649 1026 4738 gradus
1075 4647 1252 4719 timorem.
1310 4643 1465 4715 Ecootra
1497 4668 1581 4714 vero
1611 4656 1692 4717 cum
1714 4642 1911 4737 Evangelio
1942 4662 1976 4719 et
1997 4647 2067 4716 fide

77 4751 133 4820 uad
149 4748 258 4819 dubie
273 4764 325 4820 est
341 4762 519 4842 peccatum
536 4752 709 4843 mortale,
735 4776 816 4824 cum
833 4766 942 4825 ruunt
960 4746 1027 4819 ho-
1075 4750 1264 4838 eriguntur
1295 4748 1427 4833 animi,
1468 4747 1679 4847 concipiunt
1701 4748 1875 4840 Spiritum
1904 4766 2065 4822 sunctum

76 4854 153 4924 ines
169 4867 291 4923 contra
307 4853 560 4922 conscientiam
577 4856 746 4926 adversus
763 4853 1024 4927 mandataDei:
1074 4851 1333 4934 vivificantem,
1373 4863 1406 4921 et
1432 4866 1630 4940 agnoscunt
1655 4852 1724 4921 iam
1746 4849 1862 4923 Deum
1886 4852 2063 4942 placatum

76 4978 189 5050 eoque
205 4953 336 5025 Paulus
360 4956 581 5038 describens,
607 4958 723 5051 qualis
737 4957 784 5030 sit
799 4959 870 5030 vita
886 4971 1026 5028 sancto·
1076 4975 1166 5033 esse,
1200 4964 1235 5022 et
1259 4953 1349 5021 velle
1370 4953 1548 5027 exarrdice.
1610 4951 1675 5024 llla
1700 4978 1785 5024 vero
1809 4953 2006 5024 consolatio
2027 4953 2065 5019 in

77 5084 136 5148 m,
171 5057 355 5129 constituit
385 5054 481 5128 liunc
508 5060 674 5145 gradum,
707 5084 754 5131 ne
773 5075 880 5152 agant
901 5073 1025 5130 contra
1075 5055 1170 5127 veris
1182 5055 1394 5148 pavoribus,
1428 5068 1481 5126 est
1495 5069 1611 5125 motus
1635 5070 1669 5127 et
1690 5056 1932 5127 testimonium
1951 5053 2068 5144 Spiri-

77 5159 302 5233 nscientism.
356 5162 388 5234 1.
405 5158 501 5230 Tim.
519 5166 573 5233 1.:
606 5159 752 5233 Summa
776 5163 937 5235 mandati
962 5173 1026 5239 est,
1076 5172 1134 5231 tus
1149 5157 1273 5229 sancti.
1325 5155 1442 5229 Sentit
1458 5180 1540 5246 ergo
1558 5155 1689 5227 Paulus
1707 5157 1804 5228 aliud
1824 5157 1971 5226 verbum
1994 5157 2066 5224 iam

76 5262 182 5335 lectio
196 5284 239 5330 ex
254 5263 361 5331 corde
374 5287 481 5356 puro,
513 5262 729 5334 conscientia
753 5267 866 5347 bona,
899 5278 934 5335 et
955 5265 1028 5334 tide
1075 5260 1266 5330 revelatam
1283 5283 1376 5344 3333,
1401 5284 1472 5352 quo
1490 5259 1663 5329 efficimur
1682 5260 1764 5348 lilii,
1791 5261 1920 5328 donata
1943 5261 2068 5330 remis-

76 5390 108 5437 m
123 5364 215 5437 nen.
266 5358 363 5455 Ergo
381 5388 462 5437 cnm
480 5368 648 5437 adversus
663 5368 830 5442 mandata
846 5366 913 5439 Dei
929 5390 1027 5443 com·
1076 5362 1178 5435 sione
1191 5376 1438 5458 peccatorum,
1463 5375 1497 5433 et
1510 5362 1644 5433 donato
1662 5360 1800 5453 Spiritu
1815 5374 1951 5434 sancto.

1112 3884 1203 3967 Non
1223 3890 1319 3963 enim
1335 3891 1525 3991 accepistis
1539 3892 1712 3994 spiritum
1727 3893 1932 3969 servitutis.
1959 3890 2031 3966 313.ι
