4522 5782
88 192 167 273 sss
216 202 224 211 ·
251 142 372 274 'rit'
415 194 452 271 s
478 188 845 271 conmmanit
868 190 923 271 m
946 184 1105 273 sinn
1128 188 1279 270 naun
1306 190 1665 272 annonarios
1714 139 1821 277 can.
1845 196 1951 279 xrrr.
2050 200 2130 279 ru
2244 286 2246 290 ,

92 360 602 461 ΜΡωΙωΙιίείηάἰάἰί.
654 362 1084 460 Obserreutitcm,qno·
1135 365 1222 436 tiam
1247 368 1427 457 regulam,
1459 366 1642 440 ridelioet:
1677 366 1784 459 Quod
1800 367 2027 445 Christianus
2048 398 2125 447 non

89 468 202 539 modo
215 468 388 539 diluenda
403 469 551 554 sintss,
585 483 676 564 quae
691 469 912 541 obiiciantur
932 468 977 538 de
1000 491 1083 561 pro-
1133 468 1180 538 sit
1201 468 1366 558 alligatus
1388 471 1432 540 ad
1455 471 1616 562 politiam
1633 468 1848 561 Mossicsm,
1880 477 1940 544 sed
1964 476 2068 548 liceat
2089 477 2124 546 ei

91 563 271 643 bibitione
284 571 465 643 vindictae
478 584 513 643 et
530 572 612 647 alia.
1132 570 1185 640 nti
1214 570 1353 660 legibus
1382 573 1543 641 omnium
1571 573 1749 665 gentium,
1784 598 1874 668 quae
1896 578 2124 651 consentiunt

194 669 399 750 constitute
414 686 530 744 antem
547 669 613 744 hac
631 670 885 767 propositione,
904 670 999 766 quod
1018 693 1082 761 po·
1132 694 1213 742 cum
1235 675 1385 747 ratione.
1447 671 1522 744 lmo
1548 676 1639 745 sicut
1662 677 1766 746 debet
1788 674 2012 750 Christianus
2034 681 2121 752 obe-
2188 689 2196 695 ’

90 771 191 844 litiae
205 774 279 847 sint
296 798 352 845 res
366 776 498 860 bonae,
525 799 613 868 quas
628 774 724 847 Deus
737 786 773 845 et
787 773 941 844 instituit
963 786 997 843 et
1018 795 1082 864 ap-
1131 773 1301 844 dientiam
1325 777 1502 867 praesenti
1524 776 1761 864 magistratui,
1794 792 1834 849 ut
1857 804 1963 872 supra
1985 781 2120 854 dictum

89 877 239 968 probat,
264 877 425 972 sequitur
441 877 510 947 iarn
526 878 705 948 conclusio
723 873 842 944 Pauli:
869 873 977 965 Quod
993 875 1081 943 obe-
1132 877 1237 946 estin
1254 876 1443 968 particula:
1470 877 1695 966 Magistratui
1714 879 1777 973 qui
1799 895 1948 972 praeest:
1985 885 2034 955 ita
2057 885 2120 955 de·
2240 966 2244 973 ¹

88 978 266 1049 diendnsn
284 980 525 1070 magistratui,
560 981 643 1074 quis
668 975 764 1048 Deus
788 978 873 1048 velit
897 1000 997 1075 suam
1020 999 1081 1045 or·
1131 978 1190 1048 bet
1203 981 1443 1051 obedientiam
1458 980 1702 1072 praesentibus
1718 981 1856 1072 legibus
1877 981 2120 1077 comisatione

88 1080 314 1153 dimotionem
343 1104 419 1152 non
445 1083 584 1151 violari.
632 1079 679 1153 lit
703 1079 824 1150 addita
847 1091 899 1149 est
923 1078 1015 1149 ratio
1036 1079 1080 1146 de
1130 1083 1419 1169 congruentibus.
1472 1080 1592 1171 Quare
1609 1083 1690 1152 licet
1703 1085 1799 1155 sures
1813 1088 2048 1177 suspendere,
2072 1087 2119 1156 li·

88 1204 227 1275 pens,
242 1205 333 1277 quae
347 1185 451 1255 debet
467 1182 617 1273 intelligi
632 1205 706 1255 nou
722 1194 860 1252 tantum
874 1183 919 1250 de
935 1181 978 1249 iis
995 1202 1080 1272 poe·
1131 1179 1732 1254 cethaereditatesdividerenostris
1742 1186 1888 1274 legibus,
1904 1185 2120 1281 quiaEvau·

88 1284 168 1367 nh,
201 1308 288 1378 quas
303 1285 437 1375 irrogat
462 1287 706 1376 magistratus,
739 1285 801 1354 sed
825 1283 864 1352 in
888 1306 1015 1373 genere
1035 1282 1081 1351 de
1130 1284 1260 1373 gelium
1277 1310 1350 1355 non
1365 1287 1548 1357 constituit
1562 1310 1690 1356 novam
1708 1288 1867 1377 politiam
1885 1292 2118 1374 mundanam,

88 1385 261 1457 mnibus
275 1388 419 1479 poenis,
434 1389 472 1457 in
489 1412 576 1482 quas
590 1388 754 1458 incidunt
768 1385 925 1455 seditiosi
940 1398 975 1455 et
992 1405 1080 1453 con·
1130 1387 1189 1455 sed
1208 1388 1439 1458 concionatur
1452 1390 1496 1458 de
1514 1390 1584 1459 vita
1609 1402 1750 1459 aeterua
1775 1404 1808 1460 ct
1829 1390 2019 1482 spirituali.
2070 1387 2119 1464 Et

88 1501 265 1561 tumaces:
298 1490 383 1581 quia
415 1490 589 1562 divinitus
613 1484 909 1560 retrahuntur‘ad
936 1506 1080 1577 poenas,
1130 1486 1263 1558 interea
1281 1490 1363 1560 sinit
1381 1515 1445 1559 nos
1459 1491 1513 1562 uti
1530 1492 1679 1560 diversis
1695 1491 1851 1581 politiis,
1884 1492 1975 1565 sicut
1998 1493 2118 1564 diver·

88 1588 232 1663 etiarnsi
249 1585 341 1660 nibil
357 1592 503 1682 periculi
518 1584 1081 1684 impendetamagistratu,sicut
1130 1589 1178 1659 sis
1198 1592 1319 1681 spatiis
1341 1592 1492 1666 dierum.
1556 1591 1651 1682 Quia
1677 1594 1771 1661 enim
1796 1595 2012 1686 praecipitur
2029 1597 2117 1666 obe·
2197 1624 2208 1637 ·

90 1690 211 1788 inquit
226 1691 416 1764 Salomon:
440 1693 522 1764 Non
540 1710 590 1766 est
605 1694 722 1764 evasio
739 1693 849 1784 impio
864 1714 906 1761 er
924 1690 1028 1761 bello.
1129 1692 1263 1763 dientia
1301 1717 1381 1784 erga
1416 1709 1633 1785 praesentes,
1667 1694 1882 1785 praecipitur
1911 1696 2036 1783 etiam,
2077 1711 2118 1768 ut

192 1791 375 1867 Hactenus
402 1797 551 1869 tradidit
581 1800 669 1866 duas
699 1797 854 1885 regulas,
902 1792 1078 1891 videlicet,
1128 1797 1375 1886 praesentibus
1390 1796 1527 1884 legibus
1545 1814 1700 1866 utamur.
1739 1793 1787 1867 Et
1803 1795 1921 1867 Lucae
1935 1801 1971 1873 8.
1986 1822 2117 1891 appro-

88 1896 189 1991 quod
212 1897 436 1987 magistratus
452 1923 513 1968 seu
532 1900 655 1989 politia
670 1900 715 1970 sit
730 1920 786 1969 res
808 1897 923 1980 bona,
954 1908 988 1965 et
1012 1917 1077 1984 ep·
1129 1899 1235 1966 batur
1267 1895 1431 1969 Romana
1463 1898 1602 1968 militia.
1670 1894 1918 1975 Ernesto.
1952 1900 2118 1991 Apostoli

88 1997 382 2090 probataaDco.
437 1998 542 2082 Item,
569 2003 664 2095 quod
683 2001 728 2070 sit
744 2000 996 2098 obediendum,
1015 1996 1079 2065 ubi
1129 1995 1322 2089 prohibent
1340 2012 1460 2091 gentes
1484 2001 1625 2069 onerari
1647 2000 1770 2092 politia
1791 1999 1898 2071 Mosi.
1949 1997 1996 2074 Et
2022 1999 2119 2072 Peu-

88 2100 220 2171 sdiecit
232 2102 434 2172 doctrinam
454 2103 498 2172 dc
513 2127 646 2192 poena,
672 2127 778 2195 qnam
796 2114 915 2193 postea
931 2112 1077 2191 repetet.
1127 2100 1183 2170 lus
1205 2102 1307 2174 dicit:
1351 2103 1394 2173 ln
1415 2097 1559 2174 Christo
1581 2126 1696 2197 neque
1721 2115 1773 2174 est
1798 2100 1967 2189 iudaeus,
2001 2126 2118 2198 neque

90 2198 233 2273 luteres
264 2202 389 2275 inserit
417 2206 689 2296 descriptionem
715 2207 959 2296 magistratus,
991 2200 1076 2295 quid
1129 2198 1298 2276 Graecus.

89 2304 154 2389 sit,
182 2299 253 2375 boc
269 2308 391 2377 modo:
430 2309 654 2397 magistratus
674 2319 726 2377 est
746 2307 907 2375 minister
923 2301 987 2374 Dei
1012 2327 1078 2371 uo-

90 2405 148 2477 bis
160 2408 208 2477 sd
226 2408 380 2492 bonurn,
412 2410 598 2479 vindexad
616 2409 838 2479 defendenda
856 2419 952 2476 recte
976 2407 1078 2488 facta,

1128 2364 1220 2442 Ideo
1235 2358 1371 2468 siporlct
1387 2365 1544 2454 obedire,
1557 2394 1631 2441 non
1648 2366 1770 2442 solum
1783 2381 1932 2472 propter
1947 2369 2117 2444 iramelc.

88 2508 324 2600 rtpunienda
342 2510 468 2584 delicte
483 2511 622 2602 gladio,
648 2513 775 2593 idest,
808 2509 935 2604 poenis
950 2531 1077 2600 corpo·
1227 2512 1340 2582 Addit
1369 2524 1556 2604 praecepto
1584 2512 1629 2581 de
1658 2511 1861 2581 obedientia
1887 2511 2117 2584 necessariam

88 2610 237 2685 ralibus.
1129 2615 1421 2694 declarationem,
1445 2627 1485 2687 ut
1499 2614 1586 2682 sciat
1600 2609 1777 2697 Ecclesia,
1801 2614 1915 2707 qualis
1929 2614 2117 2688 necessitas

192 2709 291 2783 Haec
304 2713 464 2787 definitio
478 2729 530 2786 est
546 2715 701 2807 integra,
713 2714 842 2785 melior
857 2715 1077 2808 etiamquarn
1128 2719 1173 2788 sit
1189 2717 1352 2801 obedire,
1371 2728 1419 2789 ,et
1436 2717 1539 2808 quale
1562 2728 1740 2805 peccatum
1765 2714 1811 2785 sit
1835 2739 1908 2785 uon
1932 2716 2117 2808 obtempe-

90 2811 336 2903 dristotelics,
369 2842 461 2914 quae
475 2819 524 2887 sic
538 2833 658 2889 sonat:
692 2816 923 2908 Magistratus
947 2829 998 2887 est
1017 2838 1078 2884 cu·
1129 2842 1227 2903 rare,
1252 2818 1335 2912 quia
1351 2840 1452 2908 saepe
1467 2817 1687 2908 disputatur,
1721 2831 1841 2888 utrum
1864 2820 1910 2887 sit
1934 2831 2116 2909 peccatum
2174 2822 2194 2875 -'

89 2931 163 2990 stos
179 2917 312 3007 legum.
365 2919 498 2990 Paulus
512 2922 607 2989 enim
624 2922 762 2991 addidit
778 2920 983 2988 efficientem
995 2941 1077 2985 cau·
1129 2922 1295 3005 mortale,
1321 2944 1395 2988 non
1409 2920 1555 2989 obedire
1574 2919 1806 3007 magistratui.
1859 2914 1907 2988 Et
1927 2919 2017 2990 ratio
2039 2920 2116 3011 ogi-

90 3044 184 3101 am,
212 3021 363 3102 willeri,
398 3023 493 3115 quod
516 3023 560 3093 sit
584 3023 766 3094 institutus
791 3019 913 3094 aDeo.
966 3016 1012 3088 Et
1038 3018 1076 3086 in
1129 3036 1241 3107 tatur,
1261 3046 1339 3092 cum
1356 3020 1585 3110 Magistratus
1599 3044 1672 3089 nou
1692 3022 1800 3111 possit
1815 3021 2012 3110 intelligere
2029 3045 2115 3118 poe-

90 3146 195 3194 unsa
215 3123 314 3192 finali
340 3126 439 3195 addit
461 3124 634 3194 illustrem
664 3125 890 3216 particulam:
925 3120 1008 3190 Tibi
1033 3123 1077 3189 ad
1129 3151 1211 3196 uam
1227 3140 1424 3207 aeternam,
1451 3123 1617 3193 videntur
1634 3146 1697 3191 nec
1711 3123 1824 3193 edicta
1846 3126 2115 3212 magistratuum

89 3225 246 3310 bonum,
261 3227 322 3296 ubi
340 3226 507 3296 discernit
521 3239 712 3320 tyrannum
730 3251 749 3295 a
764 3249 846 3297 vero
863 3223 1082 3313 magistratm
1128 3228 1288 3318 obligare
1303 3227 1369 3295 sub
1384 3250 1497 3317 poena
1512 3241 1667 3298 aeterua.
1732 3254 1735 3259 ·

89 3322 317 3399 Debetenim
342 3330 566 3419 magistratus
587 3329 637 3398 sic
661 3330 810 3412 sentire,
846 3351 883 3396 se
906 3325 1078 3396 divinitus
1231 3327 1301 3400 Sed
1317 3328 1355 3397 in
1373 3323 1439 3398 bac
1455 3329 1590 3397 ratione
1609 3350 1681 3395 uon
1699 3326 1821 3397 vident
1845 3326 1917 3411 illi,
1950 3328 2012 3421 qni
2036 3350 2114 3398 eam

89 3427 128 3498 in
145 3426 680 3516 hocolliciocollocatumesse,
711 3444 752 3500 ut
773 3431 909 3499 alienae
932 3427 1078 3497 utilitati
1128 3445 1344 3526 sequuntur,
1379 3453 1417 3499 se
1440 3431 1516 3499 falli
1538 3431 1576 3497 in
1598 3422 1683 3509 hoc,
1715 3432 1811 3522 quod
1836 3452 1946 3519 poena
1971 3443 2113 3501 aeterna

88 3526 272 3618 consulat,
297 3533 388 3604 sicut
402 3532 609 3605 Aristoteles
623 3530 1015 3611 munetAlcxandrum‚
1038 3541 1078 3598 nt
1129 3536 1322 3622 irrogatur,
1360 3545 1506 3622 propter
1538 3531 1766 3601 violationem
1796 3531 1912 3600 divini
1942 3533 2114 3616 mandati,

88 3637 218 3725 cogitet
232 3634 422 3725 imperium
438 3636 506 3704 sibi
526 3635 713 3724 contigisse
728 3636 771 3705 ad
787 3633 1076 3704 benefaciendum
1129 3640 1223 3730 quod
1242 3636 1412 3727 praecipit
1427 3632 1679 3706 obedientiam.
1730 3630 1826 3703 Deus
1843 3634 1938 3702 enim
1962 3632 2113 3703 subiecit
2136 3701 2142 3714 ,

89 3740 156 3810 toti
172 3737 296 3830 generi
311 3734 485 3826 humano,
518 3760 592 3805 non
619 3738 721 3807 utin
745 3739 832 3805 alios
857 3735 1019 3826 petulum
1044 3744 1079 3800 el
1128 3760 1195 3809 nos
1213 3736 1449 3827 magistratui,
1484 3750 1518 3806 et
1534 3736 1633 3805 addit
1648 3736 1873 3820 mandatum,
1906 3748 1947 3805 ut
1967 3735 2114 3804 obedia·

91 3840 370 3911 contumeliosus
383 3840 434 3910 sit·
443 3833 550 3933 (πρὸς
566 3835 779 3938 εὐεργεσίαν
795 3833 840 3909 οὐ
848 3831 1077 3933 epistilium)
1128 3864 1207 3911 ntus
1223 3840 1366 3910 illorum
1382 3838 1529 3926 legibus.
1582 3834 1630 3907 Et
1644 3837 1771 3906 adiecit
1787 3837 1830 3905 de
1846 3859 1977 3928 poena,
1993 3860 2030 3905 se
2045 3858 2113 3928 pu-

94 3937 144 4012 Et
161 3940 291 4012 Daniel
314 3942 432 4036 inquit
455 3944 498 4011 ad
517 3964 652 4031 regern:
689 3940 817 4012 Libera
840 3954 915 4010 tea
937 3950 1077 4030 peccato
1128 3943 1289 4013 niturum
1307 3963 1380 4010 esse
1396 3939 1551 4034 eos,qui
1568 3963 1642 4008 non
1659 3939 1843 4011 obediunt.
1883 3935 2113 4009 Constituen-

91 4066 159 4137 pcr
170 4044 364 4129 iusticiam,
392 4060 426 4115 et
441 4044 621 4113 benefacta
638 4066 718 4133 erga
735 4044 892 4114 miseros.
936 4036 985 4110 Et
998 4039 1077 4108 lau·
1128 4048 1214 4115 dum
1232 4058 1284 4114 est
1299 4044 1425 4133 igitur,
1446 4034 1542 4135 duod
1558 4065 1632 4109 non
1645 4040 1790 4110 obedire
1810 4039 2030 4128 magistratui
2046 4062 2113 4131 po·

89 4147 197 4218 datur
219 4146 310 4216 illud
332 4141 598 4237 Xenophontis:
623 4143 746 4215 Bonus
765 4146 927 4237 princeps
943 4137 1078 4210 nihils
1128 4148 1226 4218 litico
1249 4170 1311 4217 scu
1333 4147 1468 4235 gerenti
1491 4142 1666 4233 gladium,
1699 4145 1836 4234 dequo
1862 4137 1919 4211 bic
1942 4140 2113 4234 loquitur,

91 4249 189 4319 bono
220 4263 320 4339 patre
341 4248 472 4321 differt.
528 4248 581 4317 lta
605 4248 732 4318 sentiet
755 4247 977 4337 magistratus
1008 4242 1077 4312 sibi
1128 4252 1172 4319 sic
1193 4263 1372 4340 peccatum
1395 4246 1555 4316 mortale.
1607 4242 1700 4333 Quia
1722 4244 1850 4314 diserte
1882 4240 2113 4335 inquitPau-

91 4349 649 4442 οθῐὶῑῑέῑθῦθῑῑῦΡθΓῑῦῐῐὶ’(ἒῑῦΡθὸ,
679 4374 754 4419 ¹¹⁰ss
779 4364 819 4419 ul
841 4347 1077 4417 eiwbulalur
1127 4349 1381 4422 lusz‘Necesse
1398 4363 1447 4418 est
1465 4347 1629 4429 obedire,
1660 4359 1693 4415 et
1707 4345 1825 4414 addit:
1861 4342 2010 4432 Propter
2024 4368 2112 4414 con-

91 4454 135 4524 sd
149 4453 343 4541 explendas
358 4453 567 4541 cupiditates
583 4474 681 4536 suas,
707 4455 765 4521 sed
788 4465 828 4521 ut
848 4449 959 4541 possit
979 4470 1077 4516 com·
1128 4455 1320 4526 scientiam.
1376 4449 1470 4538 Ergo
1493 4451 1599 4518 sentit
1622 4448 1853 4517 conscientias
1874 4447 1951 4515 lieri
1972 4468 2049 4516 ress
2071 4445 2111 4514 in

91 4555 196 4627 muni
210 4555 358 4627 utilitati
371 4554 575 4637 consulere,
608 4576 648 4622 ac
670 4556 762 4625 tueri
786 4568 881 4622 recte
905 4553 1014 4633 lacta,
1038 4549 1076 4616 id
1100 4607 1104 4661 p
1128 4550 1205 4639 his,
1229 4556 1289 4647 qui
1304 4556 1498 4624 detrectant
1523 4550 1722 4641 imperium.
1773 4547 1871 4618 Haec
1892 4562 2009 4618 autem
2030 4561 2113 4618 sunt

90 4671 154 4746 est,
174 4679 279 4726 veros
297 4657 411 4727 cultus
428 4654 508 4744 Dei,
524 4655 759 4744 disciplinam,
776 4655 924 4738 iudicia,
943 4674 1074 4741 pacem·
1127 4672 1265 4748 peccata
1283 4653 1463 4738 usortalia,
1487 4676 1576 4746 quae
1590 4651 1839 4721 conscientiam
1856 4671 1950 4719 reem
1965 4649 2112 4733 iaciunt,

193 4758 264 4830 Sed
288 4752 414 4831 inhac
434 4759 639 4826 definitione
663 4759 860 4849 quaeritur,
892 4757 988 4824 unde
1009 4754 1077 4820 sci·
1128 4772 1162 4828 et
1179 4759 1359 4828 excutiunt
1378 4756 1494 4825 iidem.
1547 4753 1606 4826 Sic
1623 4754 1731 4842 igitur
1748 4753 1901 4824 declarat
1921 4751 2111 4821 necessita-

90 4883 190 4948 rnus,
214 4885 305 4953 quae
328 4861 399 4929 sint
422 4873 515 4929 recte
536 4858 648 4931 lacta?
679 4857 912 4959 liesppndeoa
944 4854 1077 4925 Paulus
1127 4875 1218 4943 tem,
1254 4873 1293 4929 ut
1315 4858 1534 4945 intelligatur
1558 4860 1602 4926 de
1625 4856 1843 4944 obligatione
1865 4852 2110 4935 conscientiae,

88 4961 149 5035 lsic
162 4963 301 5034 omittit
314 4963 509 5052 longiorem
526 4962 821 5050 disputationem,
855 4973 887 5030 ct
912 4960 991 5028 ideo
1015 4980 1076 5049 ge·
1127 4976 1160 5032 et
1174 4965 1218 5031 de
1233 4960 1383 5032 aeternis
1397 4959 1532 5049 poenis.
1565 4957 1656 5047 Quis¹
1672 4974 1788 5028 autern
1803 4981 1877 5026 non
1895 4955 1990 5024 videt
2005 4952 2111 5045 quale

89 5067 262 5140 neraliter
277 5065 454 5159 loquitur,
478 5077 518 5133 nt
532 5064 623 5153 leges
644 5065 805 5134 omnium
829 5063 987 5151 gentium
1010 5083 1076 5157 ap·
1126 5066 1266 5133 frenum
1285 5060 1342 5133 hic
1357 5061 1537 5131 iniiciatur
1553 5061 1719 5151 omnibus
1736 5054 1942 5130 bominibus
1954 5055 1999 5123 ad
2020 5076 2108 5124 cou-

93 5170 221 5263 probet
237 5168 281 5236 de
296 5167 460 5236 civilibus
476 5167 643 5254 negotiis,
669 5166 697 5234 si
715 5180 832 5236 tamen
852 5160 1076 5234 consentiant
1124 5167 1332 5236 servandam
1348 5164 1583 5234 obedientiam
1600 5185 1680 5252 erga
1695 5156 1925 5253 potestatem?

88 5294 174 5344 cnm
193 5272 271 5359 lege
285 5282 444 5341 naturae.
496 5266 586 5336 Nam
604 5263 689 5336 hinc
713 5267 862 5337 iudicari
884 5266 961 5334 vult
982 5277 1074 5334 recte
1227 5268 1326 5338 Alibi
1343 5267 1492 5337 dicitur:
1519 5262 1710 5335 Credentes
1732 5285 1804 5332 esse
1825 5261 1957 5330 liberos
1977 5280 1998 5328 a
2019 5257 2105 5349 lege.

88 5375 184 5447 decta
199 5372 250 5442 in
274 5371 439 5443 civilibus
456 5369 617 5461 negotiis.
677 5368 804 5444 Tradit
822 5390 905 5462 ergo
921 5362 981 5438 bic
1000 5378 1074 5439 ter·
1124 5368 1195 5444 llic
1216 5392 1301 5445 sero
1324 5368 1565 5462 subiiciuntur
1594 5365 1732 5457 legibus
1755 5362 2041 5454 magistratuum,
2072 5373 2110 5431 et
