4522 5782
175 176 247 267 aar

173 373 263 446 quae
280 345 401 419 statuit
417 368 480 417 nos
499 355 641 439 propter
664 336 761 413 hunc
785 342 1056 435 pmpiciatorem
1077 343 1163 412 mis-

173 478 252 524 sum
270 477 288 520 a
305 446 403 534 Deo,
429 446 536 539 recipi
557 461 590 517 et
604 444 753 532 salvari,
786 471 860 515 non
884 447 961 526 lex,
995 469 1068 514 non
1088 446 1163 515 cul·

173 570 231 627 tus
246 576 407 651 operum,
434 574 508 620 non
523 550 671 622 virtutes
688 541 863 619 hnmanae
879 550 1034 619 liberant
1049 574 1066 615 a
1083 572 1164 639 pec·

173 671 250 729 cato
267 669 301 724 et
316 678 334 721 a
349 653 471 745 poenis
488 650 660 733 externis,
693 650 832 720 etiamsi
853 651 966 745 aliqui
990 651 1165 718 excellen-

174 775 227 828 tes
245 770 276 825 et
295 751 430 825 heroici
448 754 515 822 viri
533 750 665 823 babent
687 753 823 842 egregia
847 754 995 836 decora,
1028 754 1164 820 etiamst

174 855 385 929 Pharisaeus
407 869 559 947 praestat
581 855 702 924 multis
721 854 822 944 aliis,
847 868 987 938 tamen,
1013 853 1095 946 quia
1114 864 1165 921 est
1190 850 1196 985 ἶ

175 965 252 1031 sine
269 961 356 1038 lide,
384 983 457 1028 riori
476 959 588 1049 placet
604 957 703 1039 Deo,
736 981 810 1025 non
828 957 999 1025 liberatur
1016 980 1035 1024 a
1052 969 1165 1025 morte

176 1076 337 1144 aeterna,
365 1076 505 1133 econtra
522 1057 649 1128 misera
666 1058 794 1127 mulier
817 1058 1008 1147 peccatrix,
1035 1072 1095 1125 aut
1111 1058 1164 1126 la-

177 1180 234 1235 tro
269 1165 428 1254 pendens
457 1163 495 1233 in
516 1184 636 1244 cruce,
667 1161 729 1228 etsi
756 1183 829 1228 non
852 1159 1005 1229 afferunt
1029 1162 1167 1243 merita,

107 1256 110 1261 ¹
176 1282 295 1337 tamen
314 1266 395 1357 quia
413 1264 451 1331 in
468 1262 684 1354 poenitentia
700 1262 768 1331 lide
785 1260 995 1347 confugiunt
1009 1263 1053 1330 ad
1070 1256 1166 1331 hunc

177 1367 388 1451 dominum,
421 1389 503 1453 vere
533 1379 798 1456 consequuntur
820 1364 1064 1433 remissionem
1086 1388 1167 1455 pec-

178 1484 336 1539 catorum
361 1480 395 1536 et
418 1467 526 1537 vitam
550 1480 739 1538 aeternam.
810 1464 852 1535 ln
877 1464 977 1550 aliis,
1008 1465 1070 1535 ubi
1094 1488 1166 1534 non

178 1585 230 1641 est
260 1569 392 1659 agnitio
423 1594 483 1639 seu
519 1568 605 1639 tides
635 1567 935 1639 reconciliationis
975 1567 1168 1658 promissae
1194 1582 1197 1615 ⁵

177 1688 322 1765 propter
339 1668 434 1743 hunc
450 1671 693 1754 mediatorem,
715 1694 854 1739 necesse
871 1683 924 1739 est
939 1670 1038 1762 sequi
1055 1683 1167 1738 acter-

178 1899 325 1944 manum
359 1898 565 1965 oppressum
597 1887 649 1943 est
672 1887 832 1965 peccato,
871 1888 1024 1944 etreum
1051 1896 1168 1942 coram

177 1970 270 2061 Deo,
292 1974 523 2047 sicntPaulns
538 1976 672 2068 inquit:
699 1973 849 2045 Eramus
864 1986 989 2045 natura
1004 1976 1067 2043 lilii
1086 1976 1168 2047 irae.

179 2076 291 2149 ltem:
320 2074 457 2147 Omnes
473 2092 720 2167 peccaverunt,
746 2101 807 2146 seu
824 2078 876 2147 rei
892 2090 992 2161 sunt,
1017 2091 1052 2147 ct
1067 2100 1169 2169 prae-

179 2194 274 2251 terea
292 2180 425 2249 accedit
439 2178 680 2262 incredulitas,
701 2203 791 2271 qnae
807 2180 963 2249 cumulat
978 2193 1171 2269 peceatum,

179 2296 215 2356 et
230 2283 390 2373 impedit,
417 2306 488 2373 quo
507 2282 625 2349 minus
643 2282 906 2365 reconciliatio,
933 2305 994 2350 seu
1009 2280 1169 2350 remissio

179 2385 290 2474 accipi
309 2383 431 2475 possit,
483 2382 573 2457 Nam
600 2381 637 2450 in
653 2377 729 2467 his,
758 2383 821 2475 qui
846 2385 1019 2468 credunt,
1048 2406 1170 2473 pecca-

180 2499 257 2554 tum
277 2487 346 2554 iam
365 2485 549 2553 remissum
574 2497 643 2568 est,
673 2498 708 2555 et
728 2487 822 2577 quod
848 2486 1025 2578 reliquum
1051 2480 1172 2553 haeret

180 2588 220 2657 in
239 2600 383 2668 natura,
411 2587 544 2674 regitur
559 2587 646 2669 lide,
658 2600 710 2675 lut
725 2612 799 2656 non
815 2588 979 2677 damnet,
1001 2586 1092 2656 sicut
1109 2609 1171 2656 sn·

180 2690 395 2781 pradictum
414 2703 478 2757 est:
506 2686 581 2777 Qui
599 2689 713 2759 credit
730 2689 768 2757 in
783 2688 914 2773 filium,
941 2712 1015 2758 non
1035 2687 1171 2757 iudica-

180 2805 253 2863 tur.
303 2788 476 2873 Econtra,
509 2803 549 2860 ut
569 2788 644 2857 illic
666 2791 811 2859 dicitnr:
855 2788 928 2878 Qui
952 2814 1025 2861 non
1050 2790 1173 2873 credit,

179 2893 251 2961 iam
272 2892 446 2965 iudicatus
467 2905 536 2971 est,
570 2893 653 2984 quia
676 2917 749 2962 non
772 2893 884 2963 credit
906 2893 944 2960 in
965 2892 1078 2961 lilium
1094 2890 1172 2965 Dei.
1226 2930 1229 2937 ·

180 2992 235 3065 lta
255 2988 313 3062 hic
331 2995 394 3062 ait:
424 2992 470 3065 ¹Si
495 3016 569 3062 non
597 2980 840 3079 credideritis,
873 2997 970 3088 quod
993 3017 1056 3085 ego
1080 3016 1172 3075 snm,

144 3098 154 3120 ⁶
181 3096 387 3167 moriemini
402 3095 438 3171 in
457 3110 597 3190 peccato
613 3111 740 3175 vestro.

302 3404 306 3415 ,
372 3327 562 3400 Dicebant
581 3328 713 3424 igitur:
740 3328 802 3402 Tu
818 3330 983 3430 quises?

285 3499 498 3589 Intelligunt
519 3494 704 3573 Pharisaei
726 3497 909 3573 Christum
933 3502 1116 3593 magnifice
1130 3504 1174 3572 de

182 3626 258 3674 sese
285 3603 405 3696 loqui,
439 3602 627 3673 audierant
655 3607 750 3695 quod
778 3606 885 3691 dixit,
926 3627 963 3675 se
984 3605 1175 3677 missuma

182 3719 294 3799 patre.
346 3702 452 3788 item,
478 3726 551 3773 esse
567 3706 610 3772 de
626 3707 807 3795 supernis,
834 3708 988 3801 denique
1010 3731 1089 3777 cnm
1116 3709 1174 3775 in-

183 3809 280 3901 quit:
315 3804 393 3879 Nisi
412 3805 651 3888 credideritis,
679 3811 774 3900 quod
792 3832 968 3899 egestam,
993 3810 1175 3881 moriemi-

182 3911 222 3979 ni
241 3909 277 3977 in
296 3922 437 4002 peccato
456 3920 583 3981 vestro.
634 3906 737 3978 Hanc
755 3935 837 3980 vero
855 3912 1015 3983 iudicant
1030 3935 1103 3980 non
1123 3914 1175 3980 le-

182 4014 334 4081 rendam
350 4034 423 4080 esse
441 4010 699 4098 arrogantiam,
730 4014 813 4104 quia
838 4036 911 4084 sese
935 4013 1050 4103 palam
1074 4029 1175 4082 ante-

182 4114 273 4183 ferat
287 4115 454 4189 omnibus
472 4112 617 4204 reliquis
632 4114 849 4199 doctoribus,
875 4111 1073 4204 Prophetis,
1102 4116 1173 4186 imo

183 4214 254 4307 ipsi
270 4212 364 4283 Mosi
379 4228 413 4284 et
428 4214 598 4305 patribus.
650 4211 728 4284 Etsi
749 4231 866 4286 autem
881 4217 1041 4287 iudicant
1055 4242 1174 4286 vocem

184 4339 258 4385 esse
283 4312 544 4404 blasphemam,
584 4329 702 4385 tamen
735 4323 854 4409 potins
883 4321 1019 4389 ducunt
1043 4320 1117 4389 risu
1140 4333 1175 4389 et

184 4412 367 4489 cachinnis
385 4440 457 4487 csse
482 4416 753 4506 explodendam.
803 4419 923 4508 Quare
941 4423 985 4488 ad
1003 4421 1078 4488 eius
1093 4444 1173 4508 gra·

183 4518 364 4587 vissimam
386 4516 615 4602 concionem,
645 4521 757 4612 quasi
787 4523 975 4611 indignum
1004 4545 1173 4613 responso

183 4615 276 4691 nihil
295 4620 392 4689 aliud
416 4618 629 4706 subiiciunt,
663 4648 769 4714 quam
796 4620 888 4693 hanc
911 4647 1048 4695 vocem:
1083 4623 1174 4713 Quis

185 4721 301 4795 estu?
351 4718 485 4813 Estque
517 4716 602 4791 baec
634 4725 708 4815 ipsa
733 4750 800 4793 vor
828 4724 921 4795 nibil
952 4728 1068 4809 alind,
1104 4726 1174 4795 nisi

184 4824 393 4916 significatio
410 4847 471 4913 pec
484 4823 680 4895 ludibrium
708 4827 959 4912 irridentium,
994 4828 1095 4922 quasi
1117 4829 1174 4896 di-

184 4940 281 4996 cant:
309 4922 447 5018 Ecquid
467 4926 532 4995 tibi
549 4927 684 4995 sumis?
716 4952 788 4997 non
815 4932 923 5020 pudet
945 4944 979 4998 te
1003 4953 1172 5019 arrogan-

183 5029 277 5101 tiae?
311 5051 355 5095 an
377 5052 460 5095 vero
485 5030 592 5097 audes
616 5032 813 5119 postulare,
849 5044 890 5099 ut
915 5031 981 5098 tibi
1009 5034 1174 5102 credatur

184 5145 255 5200 tam
272 5131 424 5199 absurda
441 5129 598 5197 dicenti?
651 5126 701 5199 Hi
719 5143 801 5200 sunt
817 5126 981 5199 cachinni
1003 5157 1078 5201 non
1099 5136 1172 5202 dis-

184 5233 317 5303 similes
359 5231 530 5308 illorum,
589 5229 651 5322 qui
702 5247 937 5325 conspuentes
975 5229 1172 5321 Christum,

183 5346 304 5424 postea
320 5332 473 5407 salutant
488 5353 618 5425 regem.

769 166 896 253 Plllb.
923 165 1040 249 ritib
1062 166 1274 277 SCiilPTd
1300 162 1602 263 Exhaltnca

1379 335 1591 443 Principio,
1611 336 1717 449 quod
1730 351 1762 413 et
1778 339 1911 443 loquor
1927 339 2043 419 cobis.
2093 386 2096 391 -

2131 171 2207 283 lii

1319 472 1449 548 Aliena
1478 491 1529 550 est
1560 473 1628 548 hoc
1657 478 1734 549 loco
1766 477 2013 569 interpretatio
2044 478 2213 551 vocabuli

1215 579 1457 672 principium,
1494 582 1539 651 de
1570 581 1759 651 divinitate
1778 575 1936 675 Christi,
1974 595 2053 651 orta
2076 605 2119 651 ex
2138 606 2216 651 non

1191 688 1195 769 ξ
1217 681 1303 754 satis
1326 682 1464 754 erudita
1485 682 1658 756 versione.
1709 681 1800 752 Nam
1816 696 1932 753 textus
1945 705 2020 753 uon
2037 678 2108 753 hoc
2120 683 2215 781 vult,

1215 785 1312 876 quod
1335 778 1500 855 Christus
1522 809 1559 854 se
1581 796 1682 855 vocet
1711 784 1948 875 principium,
1991 787 2052 854 scd
2075 782 2215 855 Graece

1217 898 1269 957 est
1284 887 1412 957 usitata
1430 880 1569 977 phrasis
1591 888 1630 955 iu
1648 910 1732 955 soce
1754 880 1822 979 τὴν
1839 880 1979 978 ἀρχὴν,
2008 911 2100 979 quae
2122 887 2214 959 solet

1191 988 1196 1091 l
1217 1012 1282 1080 pro
1298 987 1468 1057 adverbio
1485 990 1668 1079 usurpari,
1697 1002 1738 1058 ut
1758 1011 1823 1057 nos
1837 990 2007 1059 dicimus:
2035 987 2214 1081 principio

1191 1102 1280 1183 lant
1301 1089 1488 1180 inprimis,
1520 1114 1581 1159 seu
1604 1105 1686 1160 ante
1710 1090 1853 1175 omnia,
1886 1113 1948 1161 seu
1970 1114 2140 1182 prorsus,
2163 1090 2212 1161 ita

1218 1187 1276 1261 hic
1294 1216 1437 1284 quoqne
1451 1192 1645 1285 accipiatur
1669 1191 1868 1283 principio,
1896 1187 1964 1261 hoc
1988 1192 2108 1285 ipsum
2134 1214 2213 1261 sum

1219 1297 1313 1386 quod
1338 1294 1487 1384 loquor,
1512 1294 1614 1387 quasi
1636 1294 1743 1365 dicat:
1771 1292 1933 1365 Rideatis
1949 1317 2052 1379 sane,
2077 1316 2143 1385 ego
2160 1307 2214 1365 ta·
2249 1294 2253 1299 “

1218 1420 1301 1463 rnen
1326 1396 1466 1463 affirmo
1488 1398 1591 1466 vobis
1613 1419 1670 1465 me
1701 1419 1774 1465 esse
1803 1390 1899 1465 hunc
1931 1394 2068 1487 ipsum,
2108 1420 2214 1489 quern

1220 1498 1311 1565 dixi:
1338 1495 1416 1566 lloc
1437 1511 1519 1567 ante
1540 1499 1661 1567 omnia
1682 1497 1784 1567 vobis
1805 1499 1982 1585 agendum
2007 1511 2076 1588 est,
2103 1513 2144 1568 ut
2160 1521 2214 1566 me

1219 1599 1415 1687 agnoscatis
1438 1622 1511 1668 esse
1526 1603 1706 1669 doctorem
1722 1600 1868 1669 missum
1888 1623 1908 1668 a
1923 1612 2040 1691 patre,
2061 1598 2213 1668 afferen-

176 1798 261 1844 nam
279 1775 387 1852 iram,
421 1772 503 1863 quia
527 1785 561 1841 et
584 1772 718 1864 alioqui
741 1773 945 1843 urdvcrsum
968 1794 1077 1861 genus
1100 1768 1168 1840 bu-
1193 1724 1197 1823 Ι
1219 1715 1290 1769 tem
1313 1696 1460 1769 verbum
1483 1715 1517 1771 εἰ
1544 1702 1749 1770 mandatum
1773 1712 1901 1792 ΡΜ
1927 1716 1966 1770 m
1987 1696 2077 1768 m¹h¹
2094 1703 2214 1770 creda·

1220 1804 1274 1872 tis.
1328 1798 1408 1871 Iloc
1421 1805 1569 1871 verbum
1586 1806 1742 1895 primum
1765 1801 1985 1873 audiendum
2005 1817 2077 1887 est,
2105 1818 2140 1873 et
2156 1826 2214 1872 ac-

1220 1904 1424 2003 cipiendum
1438 1904 1528 1989 fide,
1555 1905 1603 1975 ita
1620 1908 1763 1977 demum
1779 1904 1999 1994 cognoscetis
2014 1906 2097 1998 quis
2111 1904 2191 1979 aim.
2248 1908 2253 1915 '

1324 2034 1421 2119 Haec¹
1438 2046 1490 2106 est
1512 2035 1743 2117 meoiudicio
1762 2034 2021 2124 simplicissima
2041 2034 2215 2106 sententia

1221 2134 1329 2209 huius
1353 2138 1458 2224 dicti,
1483 2161 1630 2229 prorsus
1652 2160 1752 2222 sum,
1786 2139 1882 2231 quod
1909 2136 2055 2230 loquor,
2089 2138 2213 2226 idest,
2252 2184 2257 2197 ·

1220 2266 1300 2310 sum
1332 2262 1483 2331 persona
1515 2241 1685 2334 loquens,
1727 2240 1877 2309 afferens
1899 2242 2047 2308 verbum
2076 2238 2215 2310 aeterni

1221 2342 1308 2424 Dei,
1336 2345 1431 2435 quod
1449 2343 1592 2435 quidem
1612 2342 1720 2411 tradit
1735 2340 1858 2410 utilem
1877 2342 2088 2413 doctrinam.
2142 2338 2215 2412 Re·
2250 2404 2259 2431 ,Ι

1223 2458 1325 2515 vocat
1342 2468 1406 2513 nos
1419 2441 1582 2515 Christus
1599 2447 1643 2513 ad
1662 2445 1828 2527 verbum,
1852 2453 1887 2512 et
1906 2444 2008 2512 docet
2030 2443 2078 2515 ita
2102 2467 2140 2514 se
2157 2466 2216 2513 co·
2251 2496 2257 2535 ¹.

1223 2546 1363 2636 gnosci,
1389 2547 1417 2614 si
1434 2542 1517 2617 huic
1541 2546 1621 2615 voci
1643 2547 1846 2629 credamus,
1880 2568 1970 2636 quae
1996 2559 2047 2615 est
2070 2546 2215 2618 allatas
2251 2598 2257 2637 ·.

1223 2649 1297 2717 filio
1315 2646 1404 2732 Dei,
1427 2661 1462 2717 et
1482 2664 1693 2739 propagatur
1715 2670 1777 2738 per
1799 2646 2035 2715 ministerium
2050 2644 2216 2736 Evange-

1224 2750 1278 2820 lii.
1330 2748 1413 2817 Non
1428 2750 1505 2821 vult
1527 2774 1593 2817 nos
1614 2748 1713 2843 sequi
1736 2744 1908 2817 humanas
1933 2749 2215 2839 imaginationes,

1224 2865 1286 2922 aut
1309 2852 1481 2921 indicium
1506 2852 1698 2943 sapientiae
1719 2850 1923 2934 rationalis,
1964 2854 2009 2920 de
2031 2852 2215 2922 voluntate

1225 2967 1260 3024 et
1284 2956 1452 3044 operibus
1469 2953 1553 3036 Dei,
1586 2978 1651 3023 nec
1673 2976 1842 3046 quaerere
1862 2953 1948 3021 alias
1973 2954 2215 3038 revelationes,
2256 2982 2259 2987 ·

1224 3071 1284 3126 aut
1300 3055 1580 3125 illuminationes
1604 3069 1698 3124 extra
1723 3056 1891 3139 verbum,
1923 3056 1985 3123 sed
2007 3056 2130 3146 alligat
2152 3074 2216 3125 nos

1225 3160 1269 3227 ad
1286 3182 1406 3227 vocem
1417 3154 1667 3246 Evangelii-de
1681 3152 1845 3240 Christo,
1880 3180 1970 3248 quae
1990 3156 2097 3230 habet
2121 3170 2215 3228 certa

1230 3274 1265 3330 et
1287 3259 1389 3328 lirma
1411 3259 1612 3329 testimonia
1635 3261 1821 3329 universae
1835 3254 2030 3343 Ecclesiae,
2056 3261 2143 3329 inde
2158 3258 2216 3331 usss

1226 3386 1294 3452 que
1321 3363 1366 3429 ab
1396 3361 1501 3431 initio
1533 3363 1678 3446 mundi,
1731 3358 1896 3445 Patrurn,
1942 3356 2215 3451 Prophetarum,

1225 3459 1361 3533 Christi
1383 3477 1417 3533 et
1432 3462 1696 3554 Apostolorum.
1748 3460 1911 3554 Denique
1936 3466 2144 3535 confirmata
2166 3476 2215 3535 est

1225 3566 1437 3635 testimoniis
1451 3566 1705 3635 miraculorum
1729 3564 1828 3633 missi
1843 3562 1998 3655 Spiritus
2012 3566 2126 3637 sancti
2151 3578 2213 3637 etc.

1225 3665 1282 3738 Ad
1314 3664 1399 3736 haec
1421 3668 1621 3737 testimonia
1646 3667 1722 3736 vult
1741 3664 1839 3735 Deus
1865 3668 2038 3759 respicere
2059 3668 2156 3760 pios,
2181 3680 2214 3737 et

1226 3770 1273 3837 ita
1288 3774 1432 3839 demum
1446 3766 1726 3860 apprehenditur
1743 3780 1776 3837 et
1796 3773 2017 3856 agnoscitur,
2043 3794 2126 3840 curn
2139 3792 2213 3841 cro·
2257 3832 2259 3844 .

1226 3871 1343 3940 dimus
1368 3867 1452 3939 huic
1480 3874 1606 3949 verbo,
1647 3874 1741 3961 quod
1770 3869 1872 3939 affert
1899 3870 1994 3941 filius
2019 3868 2105 3952 Dei,
2152 3894 2213 3965 pec

1226 3977 1321 4067 qnod
1337 3974 1457 4042 efficax
1475 3986 1525 4042 est
1540 3972 1695 4063 Spiritus
1710 3986 1850 4041 sanctus
1867 3972 1905 4039 in
1928 3975 2131 4059 mentibus,
2156 3998 2213 4045 ac·

1226 4076 1345 4145 cendit
1365 4098 1494 4143 novam
1520 4074 1655 4158 lucem,
1697 4088 1732 4145 et
1760 4074 1878 4142 erudit
1907 4075 1983 4165 pias
2012 4090 2147 4146 mentes
2171 4078 2213 4145 de

1224 4191 1374 4270 utraque
1392 4202 1446 4261 re,
1473 4177 1655 4260 videlicet,
1681 4179 1725 4245 de
1740 4177 1792 4243 ira
1807 4173 1874 4243 Dei
1897 4179 2066 4247 adversus
2090 4202 2213 4270 pecca·

1225 4292 1319 4357 tum,
1349 4294 1380 4347 et
1395 4303 1516 4347 rursus
1532 4282 1576 4348 de
1591 4279 1761 4347 immensa
1776 4277 2038 4365 misericordia,
2058 4304 2141 4351 curn
2157 4282 2214 4349 in·

1225 4395 1372 4450 tuentur
1387 4381 1634 4450 admirandum
1653 4380 1840 4449 consilium
1859 4378 1945 4466 Dei,
1981 4384 2077 4474 quod
2099 4383 2214 4453 lilium

1226 4483 1339 4552 voluit
1358 4482 1535 4552 victimam
1551 4482 1626 4550 lieri
1643 4506 1705 4571 pro
1726 4482 1876 4581 peccatis
1890 4485 2030 4570 generis
2050 4478 2214 4555 humani.

1226 4580 1323 4653 Haec
1340 4599 1391 4654 est
1415 4609 1496 4654 vera
1520 4598 1555 4655 et
1578 4585 1774 4675 spiritualis
1798 4584 1930 4654 noticia
1952 4584 2039 4665 Dei,
2072 4601 2106 4656 et
2129 4578 2215 4656 haec

1225 4687 1310 4754 fides
1327 4688 1364 4753 in
1381 4688 1472 4755 veris
1488 4688 1741 4758 certaminibus
1766 4685 1868 4753 allert
1891 4687 2029 4759 lirmam
2050 4691 2216 4759 consola·

1226 4790 1376 4871 tionem,
1402 4805 1435 4858 et
1452 4790 1554 4877 erigit
1570 4808 1720 4871 mentes,
1753 4804 1793 4859 ut
1815 4790 1994 4859 excutiant
2018 4791 2216 4861 dubitatio·

1226 4914 1328 4974 rrenr,
1358 4903 1392 4957 et
1407 4892 1549 4959 vincant
1564 4904 1738 4977 terrores,
1763 4909 1796 4961 et
1813 4893 1939 4975 corda,
1965 4904 2134 4984 concepta
2150 4888 2215 4963 hac

1225 4991 1303 5059 luce
1317 5006 1349 5061 et
1366 4994 1626 5074 consolatione,
1652 4994 1722 5063 iam
1744 4993 1920 5084 incipiunt
1943 5018 2024 5063 vere
2046 4994 2214 5065 invocare

1224 5091 1359 5178 Deum,
1381 5108 1415 5164 et
1427 5109 1608 5185 praestant
1626 5118 1727 5165 veros
1744 5096 1858 5165 cultus
1874 5096 2089 5185 spirituales.

1325 5228 1482 5307 Econtra
1499 5230 1562 5301 ubi
1577 5244 1711 5301 mentes
1730 5228 1886 5319 neglecta
1908 5224 1975 5301 hac
1989 5254 2075 5301 voce
2092 5226 2216 5305 Evan-

1223 5332 1306 5427 gelii
1333 5346 1506 5425 vagantur
1541 5333 1613 5415 suis
1644 5332 1979 5429 imaginationibus,
2023 5347 2058 5406 et
2086 5334 2145 5414 rel
2173 5358 2216 5405 cx
