4522 5782
181 200 260 281 „a
364 259 367 263 ,
687 183 1619 268 ‚effluunuscmarenxanarrcn
1747 192 1810 259 ns.
1959 152 1965 159 ’
2094 192 2228 295 ysen-

287 372 471 445 Poetremo
500 367 591 438 illud
620 364 894 437 deliramentum
920 384 1067 456 prorsus
1091 361 1177 434 reii-
1226 385 1351 436 rursus
1380 365 1583 442 sumendae.
1633 363 1729 438 Sunt
1755 365 1866 458 igitur
1884 366 1977 440 duae
1999 372 2150 441 ιιιιιιιιΙ
2178 369 2222 443 in'

187 478 353 551 ciendum
371 486 444 559 est,
468 472 564 567 quod
583 493 626 539 er
643 464 805 539 hocloco
820 461 1178 538 finxerunthomines
1226 460 1384 549 Christo,
1402 467 1528 538 divina
1545 491 1620 540 non
1635 469 1804 557 moriens,
1825 482 1861 543 et
1874 463 2222 559 humans-moriens,

188 579 354 663 fanatici,
378 577 539 649 futurum
564 572 604 641 iu
624 573 761 641 mundo
782 585 864 642 ante
880 569 1176 640 resurrectionem
1227 592 1319 663 quae
1335 592 1355 639 a
1372 569 1495 640 divina
1513 586 1639 644 natura
1656 571 1819 643 invitam
1832 586 2030 650 rerumne.
2073 573 2224 655 illustre

187 695 412 754 mortuorum
437 676 647 771 imperium,
684 675 823 769 inquo
856 673 970 744 sancti
1001 671 1177 764 oppressis
1226 670 1472 743 testimonium
1496 687 1568 755 est,
1593 686 1630 747 et
1650 676 1856 747 addendum
1879 678 1925 746 ad
1945 691 2102 761 meten,
2127 702 2223 775 quae

186 784 309 879 impiis
331 779 550 854 dominatori
575 778 664 862 sint,
696 799 836 846 summa
858 775 1048 845 concordia
1073 797 1177 843 verae
1226 775 1316 844 duas
1324 787 1469 845 naturas
1486 776 1526 845 in
1535 772 1960 865 Christoesseaffirmant,
1973 794 2014 853 ut
2028 782 2068 850 in
2080 782 2111 856 1.
2120 802 2224 874 capet

187 886 382 965 doctrinae,
408 899 443 956 et
463 881 613 954 iusticia.
669 875 830 963 Christus
844 872 932 949 haec
948 876 1078 948 refutat
1094 900 1175 948 cum
1229 874 1271 946 ln
1287 878 1464 969 principio
1480 892 1555 950 erat
1570 880 1730 966 verbum,
1745 882 1939 955 etdeinde:
1961 881 2121 954 Verbum
2136 907 2222 957 cetu

108 986 114 1009 “’
189 991 257 1061 ait:
283 985 363 1060 Erit
384 987 475 1057 sicut
499 986 539 1053 in
561 984 686 1054 diebus
709 980 825 1066 Noae,
848 995 913 1052 etc.
965 978 1071 1050 Item:
1098 977 1176 1049 Nisi
1227 979 1356 1050 iactum
1370 995 1433 1052 est.
1485 978 1684 1055 Tribuatur
1696 1007 1780 1075 ergo
1795 984 2045 1057 immortalitas
2059 985 2220 1074 divinoe,

189 1091 387 1162 abbreviati
408 1101 523 1160 essent
545 1087 603 1157 isti
619 1086 716 1169 dies,
741 1107 815 1152 non
832 1083 930 1153 fieret
946 1082 1042 1151 salva
1058 1082 1176 1152 omnis
1227 1104 1319 1176 quae
1349 1096 1497 1154 vocatur
1513 1081 1692 1167 Verbum,
1724 1087 1922 1159 mortalitas
1950 1110 2036 1160 vero
2068 1102 2221 1173 naturae

188 1216 282 1265 caro.
308 1190 469 1282 Ingentia
486 1190 641 1281 pericula
653 1187 758 1258 nobis
773 1184 1048 1270 denunciantur,
1065 1206 1176 1277 quare
1227 1178 1426 1272 humanae,
1451 1198 1491 1256 ut
1507 1198 1593 1258 tunc
1608 1200 1692 1258 erat.
1742 1184 1791 1260 Et
1805 1189 1855 1259 sic
1870 1189 1960 1261 dixit
1980 1190 2220 1263 eruditissime

188 1296 299 1367 simus
314 1295 510 1385 vigilantes,
533 1305 569 1363 et
583 1289 737 1381 mitigari
752 1289 968 1359 calamitates
981 1300 1016 1358 et
1030 1285 1177 1379 reprimi
1229 1284 1412 1375 henaena,
1437 1282 1621 1361 Christum
1636 1312 1776 1383 passum
1793 1314 1866 1362 esse
1879 1293 2121 1386 requiescente
2140 1317 2220 1365 ver·

188 1420 337 1483 errores,
364 1419 453 1491 quos
466 1396 600 1487 spargit
616 1407 651 1465 et
666 1393 851 1463 confirmat
866 1390 1031 1462 diabolus
1049 1391 1088 1459 in
1102 1404 1177 1462 toto
1228 1390 1275 1459 bo
1283 1439 1295 1475 ‚
1322 1404 1362 1461 ut
1379 1390 1534 1482 cruciligi
1551 1405 1586 1463 et
1600 1393 1692 1463 mori
1707 1407 1835 1486 posset.
1875 1392 1961 1465 Post
1975 1390 2069 1465 banc
2081 1395 2219 1467 miran-

186 1501 291 1581 orbe,
316 1521 469 1571 oremus.
1228 1491 1310 1561 dam
1326 1493 1552 1580 concionem,
1575 1508 1775 1590 sequuntur
1790 1498 1927 1568 diversa
1942 1497 2087 1568 iudicia.
2139 1497 2222 1570 Ati-

361 1658 561 1767 nam
574 1675 681 1766 „a
694 1659 823 1759 ana
938 1670 1001 1737 a.
1227 1619 1357 1768 til:
1371 1598 1571 1772 tlibi
1584 1599 1860 1773 :attilii
1874 1596 2221 1776 {abstante}

287 1805 388 1878 Haec
406 1820 458 1876 est
480 1802 653 1874 sententia
670 1802 789 1872 arcani
807 1801 948 1871 consilii
963 1799 1052 1886 Dei,
1078 1802 1174 1895 qnod
1227 1795 1465 1872 Daemonium
1481 1795 1597 1874 habet.
1638 1800 1787 1874 Nullum
1804 1818 1856 1876 est
1871 1805 1988 1875 maius
2002 1804 2220 1880 convicinmt

186 1910 346 1982 enarrari
360 1928 435 1978 non
450 1897 583 1998 potest,
606 1906 651 1976 de
664 1905 772 1974 modo
785 1904 1017 1976 redemtionis
1038 1904 1177 1994 generis
1228 1900 1362 1972 Moniti
1379 1918 1496 1974 autem
1514 1898 1571 1976 his
1593 1906 1781 1996 exemplis,
1805 1906 1956 1978 sciamus
1977 1920 2129 2001 propter
2149 1908 2220 1979 im-

185 2008 357 2097 humani,
382 2012 442 2080 sed
465 2007 581 2101 aspice
604 2022 722 2080 tamen
745 2001 815 2077 hoc
830 2006 982 2078 dietum:
1010 2004 1177 2078 Affirmat
1227 2005 1369 2095 piorum
1393 2006 1546 2092 iudicia,
1579 2031 1655 2077 non
1677 2008 1918 2079 abiiciendum
1947 2033 2022 2081 esse
2049 2007 2218 2101 Evange-

186 2138 290 2187 suum
308 2110 518 2184 sacrificium
535 2111 674 2203 placere
692 2109 803 2201 patri,
830 2108 901 2180 imo
918 2133 955 2180 se
971 2108 1072 2201 diligi
1090 2134 1175 2201 pro·
1226 2107 1334 2189 lium,
1370 2108 1464 2181 sicut
1494 2111 1699 2182 consolatur
1725 2134 1792 2181 nos
1815 2106 1938 2183 Esaias
1960 2107 2132 2207 cap.5f.:
2162 2111 2219 2185 Ne

184 2231 264 2310 pter
280 2211 372 2288 hanc
387 2213 647 2304 obedientiam,
673 2212 755 2307 qnia
772 2223 881 2305 ponat
897 2212 1052 2283 animam
1075 2233 1174 2283 suam
1226 2208 1347 2282 timete
1360 2212 1491 2304 probra
1506 2206 1714 2299 hominnm,
1734 2227 1800 2290 etc.
2178 2222 2181 2227 '

184 2344 251 2421 pro
267 2318 405 2391 ovibus.
448 2314 561 2406 lgitur
577 2316 769 2385 immensus
785 2338 886 2384 amor
901 2327 954 2385 est
970 2314 1079 2407 patris
1093 2336 1174 2405 erga

184 2443 273 2505 nos,
296 2418 454 2490 nolentis
473 2440 541 2487 nos
563 2416 699 2510 perire,
729 2416 819 2487 sicut
840 2417 927 2487 alias
948 2415 1080 2512 inquit:
1113 2414 1174 2488 sic

184 2521 283 2594 Deus
297 2519 423 2592 dilexit
435 2521 622 2606 mnndum,
645 2533 685 2590 ut
698 2519 811 2590 filium
829 2541 931 2590 suum
947 2518 1173 2610 unigenitum
1330 2517 1456 2589 Mense
1468 2516 1662 2590 Novembri
1678 2521 1736 2591 die
1752 2520 2073 2617 vicesimoquinto,
2098 2525 2164 2618 qui
2177 2524 2220 2595 in

1435 2372 1559 2453 Facta
1574 2390 1662 2454 sunl
1678 2392 1800 2455 aulem
1817 2383 2006 2462 encoenia.
2106 2378 2110 2383 ¹

7 2722 10 2729 Ι
68 2618 84 2669 .·
185 2624 341 2710 dederit,
364 2636 429 2694 etc.
480 2619 599 2694 Huius
620 2621 784 2692 immensi
808 2621 938 2692 amoris
962 2621 1174 2713 cogitatione
1226 2618 1449 2694 Calendariis
1477 2621 1617 2692 usitatis
1648 2618 1863 2694 Catharinae
1895 2625 1971 2695 dies
1997 2638 2069 2708 est,
2110 2624 2219 2698 ludas

184 2729 417 2800 accendamus
432 2738 573 2818 pectora
588 2736 727 2811 nostra,
750 2737 790 2795 ut
805 2720 882 2796 Deo
895 2726 1091 2811 credamus,
1116 2723 1173 2821 in·
1227 2722 1462 2796 Maccabaeus
1501 2724 1672 2816 templum
1713 2727 1953 2818 recuperavit,
2002 2740 2044 2798 ut
2086 2728 2222 2819 legitur

183 2851 350 2900 vocemus
368 2851 471 2913 enm,
497 2841 718 2920 expectemus
734 2826 779 2897 ab
799 2849 840 2897 co
860 2827 1031 2909 salutern,
1058 2840 1174 2900 etnos
1229 2828 1262 2898 1.
1280 2825 1439 2898 Maccab.
1455 2823 1489 2896 4.
1514 2840 1547 2914 et
1568 2826 1668 2899 addit
1693 2822 1861 2914 historia,
1897 2828 2100 2900 institutum
2128 2854 2218 2919 esse,

182 2931 215 3003 ei
231 2931 472 3003 subiiciamus.
1228 2942 1269 3002 ut
1284 2943 1369 3001 tunc
1386 2929 1551 3000 encaenia
1561 2931 1753 3023 quotannis
1776 2932 2039 3003 celebrarentur
2059 2932 2219 3005 octiduo.

1226 3030 1301 3104 Nec
1316 3055 1399 3101 vero
1414 3044 1545 3102 temere
1560 3032 1716 3117 addidit,
1743 3037 1838 3128 qood
1853 3034 2073 3125 recuperatio
2089 3036 2218 3143 templi

1227 3135 1395 3206 convenit
1414 3134 1460 3203 ad
1483 3147 1643 3224 tempus,
1667 3160 1739 3229 quo
1762 3149 1843 3236 post
1867 3137 2020 3207 reditum
2037 3160 2079 3206 ex
2094 3133 2218 3234 Baby-

285 3235 386 3306 Duae
410 3235 567 3326 insignes
584 3235 780 3306 sententiae
800 3230 870 3304 hoc
887 3235 965 3305 loco
984 3234 1174 3306 continen—
1226 3237 1310 3307 lone
1326 3237 1416 3307 iacta
1440 3250 1523 3307 sunt
1542 3238 1773 3308 fundamenta
1799 3239 1940 3329 templi,
1966 3238 2133 3313 videlicet
2157 3240 2218 3311 die

184 3355 260 3414 tur:
286 3338 385 3431 prior
406 3339 450 3407 de
472 3350 588 3408 morte
608 3352 823 3427 spontanea,
848 3337 956 3408 altera
978 3339 1023 3408 de
1046 3349 1175 3407 natura
1225 3339 1393 3410 vicesimo
1410 3353 1535 3432 quarto
1548 3337 1779 3426 Novembris,
1806 3355 1845 3413 ut
1863 3335 2057 3411 Zachariae
2071 3342 2111 3416 2.
2127 3342 2217 3432 legi-

184 3443 308 3514 divina
331 3440 369 3509 in
390 3435 557 3514 Christe·
594 3437 730 3524 Nemo,
764 3438 901 3532 inquit,
937 3440 1054 3512 aufert
1075 3464 1095 3510 a
1115 3462 1174 3509 me
1225 3455 1297 3515 tur.
1338 3439 1423 3511 ldeo
1439 3441 1606 3511 encaenia
1623 3443 1842 3514 arbitrantur
1855 3443 2024 3512 nonnulli
2040 3442 2218 3517 celebrata

185 3545 361 3627 animam,
387 3543 424 3611 id
448 3555 517 3633 est,
543 3542 608 3612 etsi
624 3541 759 3612 morior
773 3564 837 3631 pro
857 3537 1082 3628 hominibus,
1119 3554 1174 3612 ta-
1224 3544 1352 3629 fuisse,
1377 3543 1578 3613 etiamante
1594 3542 1843 3634 Maccabaeos,
1870 3544 1931 3614 sed
1942 3545 1988 3616 ab
2003 3557 2086 3615 utra
2103 3540 2217 3618 histo·

184 3671 268 3718 men
286 3645 409 3713 volens
427 3644 465 3712 id
488 3644 634 3730 faciam,
655 3645 791 3713 nullius
812 3657 992 3715 creaturae
1013 3644 1172 3737 potentia
1225 3647 1277 3718 ria
1293 3644 1435 3719 initium
1452 3658 1505 3716 est
1521 3648 1792 3729 encaeniorum,
1816 3662 1956 3738 tempus
1971 3648 2154 3738 congmit,
2175 3662 2215 3720 ut

183 3751 222 3819 vi
242 3742 333 3817 mihi
358 3746 514 3817 animam
540 3746 675 3839 eripere
697 3759 833 3838 posset,
860 3744 951 3817 sicut
972 3743 1095 3818 Esaias
1110 3745 1173 3821 58.
1225 3748 1318 3835 dixi,
1340 3760 1375 3818 et
1391 3760 1504 3819 textus
1519 3749 1736 3820 mentionem
1751 3750 1834 3821 facit
1849 3745 1987 3821 hiemis.

184 3851 318 3947 inquit:
346 3845 501 3921 Oblatus
518 3865 586 3934 est,
612 3849 695 3943 quia
712 3849 836 3920 voluit.
876 3845 922 3921 Et
935 3850 979 3919 ad
994 3846 1128 3941 Philip.
1136 3852 1173 3924 2.
1326 3848 1449 3939 Quare
1463 3851 1551 3922 utile
1566 3865 1616 3920 est
1633 3852 1836 3922 meminisse
1852 3875 1923 3944 qno
1939 3874 2061 3922 mense
2080 3852 2218 3925 fuerint

183 3956 331 4026 dicitur:
366 3950 530 4043 Seipsum
556 3952 768 4035 exinanivit,
793 3952 945 4021 formam
965 3952 1060 4021 servi
1080 3952 1172 4022 aeci·
1224 3946 1406 4051 iyxoe'ato,
1431 3952 1816 4027 videlicetNovembri.
1856 3949 2217 4048 Fuitquchaecprd-

72 4056 76 4061 ’
165 4058 304 4150 piens,
337 4051 543 4125 humiliavit
573 4078 628 4136 se,
661 4055 773 4125 factus
799 4054 969 4124 obediens
990 4076 1103 4148 usque
1125 4055 1170 4123 ad
1224 4057 1318 4125 xima
1335 4050 1449 4124 hiems
1464 4068 1544 4124 ante
1559 4056 1757 4147 passionem
1775 4052 1923 4130 Christi.

181 4172 345 4230 mortem.
418 4153 456 4227 Ο
489 4151 883 4249 incomprehensibilem
918 4149 1169 4229 humilitatem.
1325 4155 1445 4248 lpsum
1461 4180 1544 4227 vero
1562 4157 1690 4228 festum
1707 4158 1908 4230 institutum
1923 4171 1996 4246 est,
2021 4169 2063 4229 ut
2075 4180 2216 4239 ,memo-

396 3094 517 3175 Nemo
531 3097 632 3172 lollii
648 3121 729 3170 eom
747 3123 773 3170 a
787 3121 863 3182 me,
889 3108 952 3174 etc.

74 4311 76 4316 a
182 4259 297 4331 Filius
311 4258 378 4329 Dei
401 4261 558 4354 aequalis
579 4273 722 4330 aeterno
739 4260 832 4350 patri
856 4258 999 4329 subiicit
1013 4283 1050 4331 se
1067 4259 1171 4352 patri,
1224 4260 1276 4330 ria
1309 4259 1547 4333 celebraretur
1578 4283 1640 4330 seu
1675 4260 1882 4346 instaurati,
1921 4284 1984 4332 scu
2016 4260 2217 4353 recuperati

182 4363 320 4433 derivat
335 4361 375 4428 in
390 4384 426 4430 se
440 4363 529 4432 iram
546 4360 613 4432 Dei
627 4365 795 4435 adversus
809 4374 928 4432 nostra
943 4375 1094 4453 peccata,
1118 4361 1171 4431 ia·
1224 4360 1365 4453 templi,
1400 4362 1440 4431 in
1460 4386 1529 4454 qua
1556 4363 1709 4433 docendi
1732 4377 1834 4435 erant
1863 4358 2044 4445 homines,
2074 4385 2217 4457 semper

183 4478 237 4535 cet
255 4475 451 4555 prostratus
467 4489 585 4534 coram
600 4465 694 4552 Deo,
719 4466 820 4561 qnasi
842 4464 1103 4535 contaminatus
1117 4487 1172 4533 es-
1222 4464 1434 4536 mirabiliter
1459 4460 1652 4534 Ecclesiam
1675 4466 1786 4537 aDeo
1804 4468 1985 4538 defensam
2009 4480 2045 4538 et
2067 4466 2217 4538 restitu-

182 4581 234 4638 set
259 4565 332 4634 illis
354 4566 440 4655 ipsis
463 4567 673 4654 sceleribus,
701 4592 792 4662 quae
816 4590 880 4637 uns
903 4567 1067 4637 fecimusz
1103 4561 1171 4636 hoc
1223 4581 1293 4638 tam
1311 4590 1403 4653 esse,
1428 4579 1463 4638 ct
1480 4561 1668 4653 hortandi,
1696 4582 1735 4640 ut
1751 4582 1894 4660 agerent
1908 4569 2038 4659 gratias
2053 4566 2150 4655 Deo,
2180 4580 2222 4649 et:

181 4692 272 4740 onus
297 4668 411 4738 rnulto
434 4670 549 4740 maius
575 4671 644 4741 fuit
668 4683 781 4740 morte
807 4669 976 4762 corporis.
1027 4666 1170 4759 Cogite·
1223 4683 1381 4762 peterent
1400 4669 1693 4758 gubernationem
1709 4685 1743 4742 et
1763 4671 2006 4742 defensionem
2021 4666 2216 4747 Ecclesiec.

182 4793 262 4842 mus
285 4792 368 4861 ergo
389 4796 496 4865 quam
515 4773 638 4863 procul
661 4797 697 4843 se
715 4772 881 4843 deiecerit
905 4773 999 4842 tilius
1017 4769 1104 4856 Dei,
1129 4785 1171 4843 ut
1325 4771 1422 4841 Haec
1448 4772 1616 4841 encaenia
1648 4785 1682 4843 et
1705 4788 1791 4844 tunc
1819 4768 1984 4845 Christus
2011 4772 2216 4859 celebravit,

181 4895 412 4965 agnoscamus
427 4878 589 4964 magnam
608 4899 682 4945 esse
705 4876 794 4945 iram
814 4875 881 4946 Dei
896 4878 1066 4946 adversus
1087 4897 1170 4965 pec·
1221 4869 1319 4945 haud
1347 4873 1454 4944 dubie
1478 4873 1609 4964 gratias
1637 4896 1744 4965 agens
1767 4872 1866 4961 Deo,
1898 4875 1996 4969 quod
2016 4870 2215 4947 Ecclesiam

180 4990 317 5054 catum,
342 4997 384 5047 nc
399 4978 529 5067 gratias
550 4979 741 5051 redemtori
757 5000 919 5067 agamus,
945 4991 981 5048 et
997 5000 1064 5047 nos
1080 5001 1171 5069 quo-.
1223 4990 1402 5046 aeternam
1420 4999 1461 5044 ex
1490 4998 1617 5064 genere
1641 4972 1801 5050 humano
1825 4978 1990 5068 elegerit,
2016 4978 2116 5073 quod
2137 4994 2215 5050 non

92 5138 94 5142 .
179 5103 250 5173 que
283 5078 363 5150 Deo
399 5081 645 5169 subiiciamus,
677 5080 740 5175 qui
771 5101 903 5172 poenas
927 5079 1173 5171 multipliciter
1223 5102 1369 5172 prorsus
1383 5076 1550 5148 abiecerit
1566 5101 1678 5166 genus
1691 5076 1889 5151 humanum
1905 5094 1986 5173 post
1998 5081 2153 5174 lapsum,
2175 5096 2217 5155 ut

179 5181 385 5265 meruimus.
1222 5180 1387 5252 diabolus
1403 5191 1454 5250 est
1468 5180 1644 5268 abiectus,
1670 5185 1767 5277 quod
1780 5183 1992 5254 mediatoris
2013 5206 2136 5273 preces
2148 5206 2216 5255 su·

280 5280 402 5356 Altera
425 5309 506 5378 pars
522 5284 607 5355 dicti
631 5296 682 5356 est
706 5283 948 5356 testimonium
972 5284 1017 5353 de
1037 5278 1169 5357 Christi
1224 5284 1348 5376 dierit,
1375 5283 1470 5377 quod
1488 5306 1627 5376 semper
1639 5283 1833 5356 Ecclesiam
1856 5286 2070 5357 mirabiliter
2095 5308 2217 5357 serva·

178 5381 383 5459 divinitate:
410 5386 536 5461 Habeo
552 5388 754 5460 facultatem
770 5389 955 5480 ponendae
969 5387 1120 5473 animae,
1136 5399 1172 5459 et
1215 5387 1316 5459 verit.
1349 5384 1534 5476 Cogitabat
1548 5387 1656 5458 etiam
1670 5383 1834 5460 Christos
1847 5389 1967 5460 futura
1985 5412 2069 5460 vera
2085 5382 2214 5486 iyzus'·
