4522 5782
92 214 172 297 sss
275 214 379 299 xnt.
429 218 857 302 sconouwen
883 224 1296 335 transumunt
1325 226 1394 303 au
1420 223 1685 307 nouenos.
1736 210 1843 315 car.
1870 234 1936 316 111.
2048 238 2127 319 sss
2204 170 2207 175 ⁵

93 390 248 463 ludaeos
269 392 375 465 etiam
398 396 639 484 ceremoniae,
674 423 759 469 nam
788 403 882 489 apud
913 402 993 471 illos
1021 398 1087 472 hae
1137 398 1271 473 tionem
1297 402 1423 488 talem,
1449 403 1488 473 io
1514 427 1584 497 qua
1608 402 1697 473 iram
1719 402 1786 477 Dei
1809 412 1978 484 adversus
2009 438 2130 507 pecco·
2206 422 2209 435 '

94 490 655 589 quoquehabebantmantlatum
673 501 752 576 Dei.
806 501 925 590 Quare
941 521 1086 578 senten·
1135 518 1211 575 tum
1242 505 1465 599 agnoscimus
1492 519 1527 578 et
1554 530 1637 577 vere
1670 514 1940 600 expavescimus.
2015 514 2063 591 Et
2085 514 2125 593 hi

90 596 140 666 lia
162 594 300 667 Psalmi
324 613 358 670 et
377 596 480 671 Pauli
513 601 763 675 trniversaliter
793 605 1015 697 intelligatur
1040 612 1085 678 de
1133 622 1287 678 terrores
1312 632 1393 676 vere
1415 608 1507 680 liunt
1522 630 1618 679 mors
1635 626 1798 698 aeterna,
1822 617 1860 685 in
1879 612 1946 704 his,
1970 621 2033 715 qui
2049 646 2124 695 uon

92 700 262 770 omnibus
277 696 483 774 bominibus
500 718 533 774 et
550 707 594 775 de
609 708 778 777 omnibns
802 710 989 800 operibus,
1019 734 1083 780 nec
1132 712 1319 800 eriguntur
1341 734 1405 801 per
1418 706 1666 801 Evangelium.
1714 710 1780 786 Est
1802 716 1910 806 igitur
1929 727 2121 798 sententis:

93 802 301 874 sdmittatur
326 798 563 900 synecdoche,
607 834 697 903 quae
719 810 820 902 lingit
845 812 984 905 aliquos
1010 836 1083 883 esse
1130 808 1224 902 Lege
1247 837 1461 883 nonsumus
1485 814 1567 884 iusti
1586 838 1704 884 eoram
1723 812 1820 904 Deo,
1846 845 1920 891 nou
1943 848 2121 899 meremur

91 903 221 985 iustos,
248 920 283 977 et
297 908 425 977 mereri
441 907 682 981 remissionem
699 927 920 1006 peccatorum
937 929 1082 1009 propter
1130 916 1375 985 remissionem
1402 932 1636 1004 peccatorum.
1707 914 1754 989 Et
1784 946 1864 990 cum
1886 928 2119 1017 conscientiae
2192 958 2205 967 ·

89 1007 270 1099 propriam
286 1008 494 1101 dignitatem
513 1025 548 1082 et
563 1015 706 1107 propria
721 1040 827 1108 opera
844 1031 907 1086 etc.
942 1019 1080 1093 Diserte
1129 1019 1388 1109 perterreliunt‚
1407 1040 1481 1089 non
1492 1034 1639 1110 possunt
1655 1019 1730 1109 lege
1747 1024 1933 1111 pacificari,
1952 1052 2118 1120 qnaenos
2183 1102 2187 1109 ,

89 1123 208 1179 sutem
224 1110 341 1193 addit,
366 1135 484 1182 coram
500 1110 576 1184 Deo
596 1139 674 1187 reos
694 1141 784 1203 esse,
819 1119 901 1213 quia
920 1120 1079 1215 loquitur
1128 1116 1586 1214 magismagisqueaceus'at,
1602 1138 1636 1193 et
1652 1125 2116 1224 addesperationemadigit,

88 1232 161 1281 non
185 1212 233 1281 de
256 1207 414 1285 humano
438 1216 589 1304 iudicio,
629 1222 689 1289 sed
713 1222 756 1290 de
784 1222 908 1291 divine
933 1223 1077 1297 iudicio.
1127 1223 1217 1294 sicut
1243 1224 1332 1293 alibi
1362 1224 1506 1317 inquit:
1542 1220 1591 1295 Ut
1612 1238 1791 1315 peccatum
1814 1226 1877 1300 liat
1905 1233 2117 1306 excellenter

88 1308 126 1383 ln
142 1314 212 1385 illo
230 1338 341 1404 agone
358 1342 431 1388 non
456 1332 570 1417 potest
593 1321 806 1393 conscientia
826 1326 999 1413 pacificari
1020 1326 1077 1395 ul·
1125 1341 1330 1416 percenset
1354 1349 1502 1412 nocens,
1535 1327 1573 1395 id
1598 1339 1674 1411 est,
1708 1328 1782 1397 illis
1804 1333 2002 1405 terroribus
2022 1338 2117 1407 occi·

88 1415 128 1487 lis
151 1418 344 1509 operibus,
383 1422 444 1490 sed
470 1421 557 1493 sciat
581 1426 787 1495 mandatum
814 1424 881 1496 Dei
907 1453 999 1508 esse,
1035 1442 1075 1499 ut
1125 1429 1225 1503 dens.
1275 1427 1371 1498 llinc
1385 1429 1478 1498 clare
1495 1429 1673 1522 sequitur,
1697 1434 1792 1522 quod
1810 1433 1880 1503 alio
1899 1437 2117 1531 verboopos

88 1520 208 1591 :cedat
232 1521 337 1593 nobis
357 1522 491 1613 ignosci
515 1538 629 1612 certo,
656 1542 801 1619 propter
816 1524 997 1603 Christum
1014 1556 1075 1623 per
1125 1530 1169 1603 sit
1185 1533 1232 1601 sd
1249 1522 1527 1603 consolationem
1545 1546 1578 1602 et
1594 1532 1890 1609 testificationem.

88 1622 367 1693 misericordiam
392 1641 455 1700 etc.
521 1624 570 1699 Et
593 1630 738 1722 quidem
761 1632 920 1722 pondera
946 1634 1074 1703 verbo·
1682 1698 1689 1717 .
1759 1700 1799 1719 ..
1915 1704 1923 1722 .
2046 1708 2054 1727 .

88 1748 165 1795 ntur
186 1726 410 1798 observanda
433 1742 534 1814 sunt,
561 1754 650 1825 quae
671 1728 862 1805 hortantur
883 1758 1007 1805 omnes
1030 1737 1073 1805 ad
1170 1694 1283 1775 Num
1306 1721 1365 1770 Μ
1365 1724 1387 1771 ⁰
1407 1697 1547 1799 ΜΨ(
1571 1695 1649 1793 ²⁶5⁶
1673 1711 1822 1774 mmm
1842 1699 1920 1776 Du
1945 1731 2070 1781 mm·

88 1828 357 1903 soenitentiam.
416 1829 580 1901 Minatur
600 1834 694 1902 enim
718 1837 921 1925 gravissime
944 1837 1075 1907 securis
1495 1803 1644 1901 Μαῖα
1669 1812 1731 1878 ⁶5¹·

88 1944 110 2000 et
142 1932 409 2002 conlidentibus
441 1934 584 2027 propria
612 1936 769 2023 iusticia,
805 1964 885 2009 cum
916 1940 982 2011 ait:
1027 1936 1074 2011 Ut
1221 1936 1337 2029 Supra
1360 1937 1444 2007 lecit
1467 1937 1602 2007 aditum
1628 1940 1672 2006 ad
1697 1939 1930 2033 principalem
1951 1947 2116 2039 proposi·

88 2056 190 2101 smne
222 2056 263 2103 os
292 2037 486 2109 obturetur.
557 2034 665 2109 ltem:
705 2038 751 2111 Ut
776 2064 858 2111 reus
888 2044 952 2116 fiat
980 2056 1076 2114 totus
1124 2041 1269 2111 tionem.
1328 2036 1429 2110 Dixit
1458 2039 1577 2123 enim,
1609 2063 1733 2110 omnes
1758 2037 2014 2117 hominesesse
2037 2072 2116 2119 reos

88 2137 254 2207 nundus.
881 2152 903 2180 ³
1125 2143 1256 2234 peccati
1279 2154 1314 2212 et
1336 2142 1410 2210 irae
1432 2138 1520 2223 Dei,
1547 2162 1612 2210 nee
1636 2164 1777 2233 possea
1802 2159 1942 2236 peccato
1967 2150 2114 2221 liberari

1125 2269 1188 2337 per
1203 2247 1326 2334 legem.
1380 2241 1485 2313 Nunc
1504 2245 1613 2333 igitur
1627 2245 1788 2338 sequitur
1803 2248 2010 2340 principalis
2027 2276 2113 2344 pro-

1126 2348 1272 2438 positio,
1298 2360 1462 2438 quaeest
1483 2359 1593 2416 status
1611 2341 1719 2417 huius
1740 2352 2021 2435 controversiae,
2044 2354 2112 2448 ,qui

184 2439 388 2543 Occupatio
403 2460 467 2517 est.
520 2446 665 2521 Poterat
681 2454 775 2522 enim
792 2454 919 2524 obiici:
945 2452 985 2526 Si
1001 2476 1075 2521 non
1124 2451 1314 2538 diligenter
1335 2449 1579 2553 observandus
1603 2463 1674 2535 est,
1707 2461 1743 2520 et
1768 2466 1912 2544 propter
1934 2456 2113 2544 magnitu·
2191 2472 2196 2477 ’

88 2570 208 2621 turnrrs
231 2548 315 2617 iusti
335 2548 431 2638 lege,
474 2552 517 2619 ad
543 2577 648 2646 quem
678 2579 782 2625 usum
813 2559 894 2628 data
918 2570 971 2626 est
996 2552 1095 2624 lex?¹
1124 2554 1244 2622 dinem
1262 2574 1399 2621 causae:
1427 2551 1584 2622 continet
1602 2552 1696 2621 enim
1712 2551 1800 2623 haee
1816 2556 2011 2645 propositio
2030 2582 2115 2650 pro-

88 2648 219 2723 Paulus
234 2654 436 2740 respondet,
461 2656 522 2722 sed
538 2655 693 2738 brevius,
719 2658 801 2752 quia
820 2654 906 2729 haec
922 2681 1073 2750 occupa·
1124 2656 1236 2747 priam
1252 2668 1286 2722 et
1302 2653 1525 2745 praecipuam
1541 2650 1727 2742 Evangelii
1743 2659 1955 2727 sententiam
1980 2662 2025 2729 de
2049 2662 2113 2732 be-

88 2753 130 2825 io
155 2754 253 2821 inira
278 2769 465 2844 repetetur.
534 2754 581 2826 Et
607 2752 693 2828 haec
722 2763 905 2852 responsio
930 2783 1075 2853 prorsus
1125 2757 1250 2828 reficio
1266 2752 1415 2827 Christi:
1443 2757 1576 2848 etquis
1599 2758 1641 2824 ad
1660 2751 1757 2831 hunc
1772 2771 1924 2845 statum,
1947 2761 2047 2832 velut
2066 2764 2111 2833 sd
2231 2832 2235 2839 ,

88 2878 172 2927 tova
190 2855 345 2926 absurda
361 2857 503 2927 videtur
518 2861 665 2944 mundo,
690 2858 783 2953 Lege
796 2877 935 2934 tantum
955 2876 1072 2932 osten·
1124 2875 1249 2958 caput,
1275 2859 1406 2955 deinde
1420 2858 1603 2927 reserenda
1620 2873 1725 2929 erunt
1742 2875 1960 2947 argumenta.
1996 2856 2111 2934 Porro

88 2958 116 3029 li
142 2970 349 3049 peccatum,
382 2983 457 3029 non
480 2962 568 3036 tolli.
643 2962 734 3033 Nam
756 2963 1005 3054 legumlatores
1033 2966 1071 3033 io
1124 2962 1163 3031 in
1187 2960 1494 3054 propositionibus
1523 2960 1673 3028 maxime
1698 2962 1892 3054 requiritur
1915 2965 2112 3056 perspicui·

88 3059 246 3151 imperiis
268 3061 387 3132 lerunt
416 3064 527 3152 leges,
562 3088 636 3134 non
661 3079 797 3135 tantum
821 3081 860 3137 ut
884 3070 1074 3138 ostendant
1122 3079 1186 3136 tos.
1239 3060 1471 3131 ldeoPaulus
1494 3077 1678 3144 accurate,
1704 3064 1848 3154 proprie
1869 3080 1903 3134 et
1924 3067 2112 3161 perspicue

88 3177 244 3254 peecata,
277 3165 335 3233 sed
359 3179 400 3235 nt
428 3165 567 3240 tollant.
630 3165 764 3237 Verum
791 3164 850 3239 hic
874 3171 1074 3240 monendus
1123 3165 1232 3238 tradit
1245 3164 1539 3256 propositionem.
1592 3162 1663 3234 Sed
1690 3160 1828 3254 phrasis
1854 3168 2112 3239 considersnda

88 3265 312 3350 stenditur,
338 3264 488 3336 Paulum
505 3291 648 3356 prorsus
673 3295 748 3341 non
772 3271 978 3341 concionari
1003 3267 1072 3341 boo
1122 3282 1191 3352 est,
1218 3281 1252 3338 et
1273 3268 1349 3358 ipsa
1371 3269 1561 3335 verborum
1586 3267 1744 3357 pondera
1769 3269 1990 3339 observanda
2011 3282 2110 3342 sunt:

88 3368 161 3437 loco
176 3369 225 3437 de
239 3369 375 3438 iusticia
392 3369 489 3439 civili
506 3385 540 3440 et
554 3372 600 3441 de
624 3374 777 3445 externis
798 3374 976 3460 moribus,
1003 3374 1072 3443 alia
1123 3370 1265 3443 lustitia
1281 3366 1370 3460 Dei,
1395 3369 1547 3455 scilicet,
1573 3393 1642 3462 qua
1661 3367 1824 3442 iustificat
1843 3393 1932 3457 nos,
1959 3367 2027 3444 hoo
2048 3384 2113 3457 est,
2222 3410 2227 3419 ·

88 3492 139 3541 res
160 3470 304 3560 agitur:
346 3469 538 3560 Quomodo
559 3499 677 3544 eoram
701 3473 777 3546 Deo
808 3476 894 3547 iusti
928 3490 1071 3567 repute·
1122 3471 1331 3562 acceptatio,
1369 3471 1424 3540 vel
1447 3471 1606 3540 remissio
1639 3484 1860 3560 peccatorum
1894 3486 1930 3544 et
1954 3474 2111 3567 impote-

88 3596 185 3643 mur:
223 3570 416 3661 Quomodo
439 3599 698 3668 consequamur
724 3580 967 3649 remissionem
992 3602 1072 3670 pec·
1122 3579 1170 3647 tio
1193 3575 1363 3646 iusticias.
1413 3569 1548 3667 Estque
1563 3573 1751 3643 sententia:
1778 3573 1884 3647 Nunc
1906 3579 2110 3650 manifesta-

88 3688 270 3747 rstorum:
312 3672 409 3766 Quid
440 3676 493 3745 ibi
515 3680 671 3749 conserat
694 3680 760 3754 lex.
834 3679 919 3751 Ideo
940 3681 1074 3750 discer-
1122 3695 1197 3750 tum
1222 3690 1292 3761 est,
1319 3678 1500 3769 quomodo
1521 3672 1618 3745 Deus
1640 3676 1822 3758 iustificet,
1848 3682 2028 3772 quomodo
2053 3702 2112 3748 ve-

88 3776 297 3848 nendi'snnt
312 3802 397 3849 usus
414 3778 512 3868 legis.
563 3779 610 3851 Et
626 3783 807 3876 loquimur
824 3779 881 3852 bic
901 3807 974 3851 non
991 3796 1072 3853 tan·
1122 3782 1164 3851 lit
1183 3778 1418 3869 pronunciare
1437 3778 1546 3847 iustos
1563 3792 1596 3848 et
1611 3778 1790 3849 remittere
1810 3794 1968 3871 peccata,
1994 3794 2029 3851 et
2042 3803 2110 3849 nos

88 3892 162 3949 turn
182 3882 230 3949 de
250 3879 326 3970 lege
351 3881 498 3975 Moysi,
535 3886 662 3953 sed'de
684 3886 759 3975 lege
781 3885 925 3971 morali,
959 3886 1072 3956 indita
1123 3894 1314 3970 acceptare.
1366 3878 1488 3971 lnquit
1503 3896 1637 3950 autem:
1663 3877 1750 3950 Sine
1773 3882 1858 3971 lege.
1910 3879 1989 3952 Hoc
2010 3882 2113 3952 vide-

89 3982 254 4053 omuibus
286 3978 505 4056 bominibus.
576 3983 640 4056 Est
670 4002 787 4059 autern
817 3986 948 4078 duplex
978 4010 1073 4070 usus,
1125 4000 1183 4055 tur
1200 3984 1393 4051 absurdum
1412 3982 1559 4052 mundo.
1595 3979 1714 4070 Quare
1730 3977 1816 4052 haec
1835 3984 2006 4073 particula
2026 3984 2112 4054 dili·
2206 4060 2210 4065 ,

87 4082 242 4155 slterest
263 4085 451 4176 politicus,
476 4086 890 4160 seilicetforiscoiircere
913 4084 1075 4159 homines
1124 4098 1247 4178 genter
1277 4085 1534 4153 consideranda
1566 4099 1627 4157 est.
1696 4077 1867 4155 Ostendit
1894 4087 1991 4155 enim
2022 4086 2111 4179 quid

88 4186 254 4256 carnales.
323 4183 493 4282 Requirit
531 4192 626 4259 enim
667 4187 764 4261 Deus
803 4187 895 4262 hanc
933 4214 1075 4285 quoque
1127 4188 1270 4280 proprie
1294 4186 1338 4256 sit
1358 4184 1619 4275 Evangelium,
1661 4199 1695 4255 et
1720 4189 1815 4278 quod
1846 4187 2037 4259 discrimen
2066 4188 2113 4259 sit

88 4303 262 4359 externam
299 4291 500 4376 iusticiam,
544 4293 681 4362 etiamsi
716 4308 860 4386 propter
891 4318 967 4363 eam
1002 4317 1076 4362 non
1124 4291 1229 4379 Legis
1253 4303 1287 4359 et
1303 4285 1502 4377 Evangelii.
1554 4287 1717 4358 Mundus
1741 4289 1833 4357 enirn
1859 4284 1966 4360 habet
1987 4291 2114 4379 imagi·

88 4414 205 4463 sumus
238 4392 322 4465 iusti
353 4416 471 4463 coram
502 4391 604 4464 Deo:
643 4397 780 4466 etiamsi
815 4420 889 4465 non
922 4408 1077 4464 meretur
1126 4392 1287 4462 nationes
1308 4391 1470 4480 politicas
1496 4391 1540 4459 de
1562 4386 1725 4473 Christo,
1761 4391 1890 4480 cogitat
1913 4415 1987 4461 esse
2009 4392 2114 4482 legis·

88 4495 328 4565 remissionem
349 4511 581 4585 peccatorum.
656 4495 710 4567 De
734 4491 801 4568 hoc
826 4522 893 4567 usu
920 4522 993 4568 non
1022 4497 1076 4565 lo·
1126 4498 1275 4565 latorem
1291 4493 1497 4562 afferentem
1511 4514 1642 4559 novam
1659 4491 1790 4580 legem,
1816 4494 2001 4585 aliquanto
2017 4519 2114 4563 com-

88 4596 212 4691 quitur
241 4597 280 4664 in
309 4593 373 4667 hac
403 4600 588 4672 sententia.
624 4600 723 4669 Alibi
755 4602 800 4672 de
825 4596 894 4671 hoo
923 4624 989 4671 usu
1021 4599 1077 4668 lo·
1127 4598 1323 4666 modiorem
1349 4619 1455 4687 quam
1474 4592 1688 4677 Mosaicam,
1711 4594 1794 4686 quia
1818 4596 1936 4665 abolet
1958 4622 2114 4667 ceremo·
2194 4670 2199 4676 ,

88 4701 224 4794 quitur:
251 4698 324 4768 Lex
349 4715 398 4770 est
426 4701 568 4770 iniustis
589 4704 724 4793 posita,
751 4718 816 4774 ete.
869 4704 969 4772 Alter
992 4725 1095 4771 usus·
1126 4701 1221 4784 nias,
1247 4720 1339 4790 quae
1361 4721 1435 4766 non
1458 4710 1559 4765 erant
1582 4697 1790 4765 commodae
1813 4699 2115 4785 omnibusgenti-

88 4826 157 4872 uon
181 4816 236 4872 est
258 4801 443 4892 politicus,
475 4801 536 4872 sed
559 4805 709 4895 pertinet
734 4807 778 4875 ad
806 4806 981 4875 iudicium
1005 4804 1076 4874 Dei
1127 4806 1211 4886 bus,
1247 4815 1281 4870 et
1308 4798 1478 4889 praecipit
1503 4798 1612 4867 multa
1637 4799 1681 4866 de
1709 4797 1909 4873 dilectione.
1978 4799 2116 4869 Deinde

88 4908 182 4977 etad
206 4903 482 4989 conscientiam,
525 4907 657 4977 scilicet
686 4930 851 4977 accusare
881 4923 914 4978 et
942 4920 1075 4999 perter·
1126 4904 1297 4991 colligunt
1320 4923 1407 4992 quas
1429 4901 1523 4989 leges
1545 4899 1723 4991 addiderit
1746 4896 1910 4973 Christus
1936 4901 2115 4985 Moesicis,

88 5008 237 5079 sefacere
267 5007 543 5093 conscientiam,
583 5009 673 5079 sicut
701 5010 787 5079 alibi
811 5010 946 5103 inquit:
980 5009 1074 5078 Aen·
1125 5020 1161 5076 ct
1182 4997 1462 5091 finguntltarum
1484 5001 1601 5093 legum
1623 5003 1926 5089 observationem,
1953 4999 2116 5072 homines

88 5110 316 5207 leuconotus
348 5124 526 5201 peecatum
561 5124 635 5181 est:
674 5114 834 5210 potentia
859 5111 989 5203 peccati
1019 5112 1075 5179 lex
1126 5108 1253 5177 mereri
1278 5103 1520 5175 remissionem
1548 5120 1800 5194 peccatorum,
1840 5120 1874 5177 et
1896 5128 1968 5173 esse
1994 5105 2116 5190 iustos,

88 5226 150 5293 est,
180 5214 321 5282 idest:
362 5210 436 5282 Lex
457 5214 613 5283 ostendit
636 5226 816 5304 peccatum
847 5228 879 5284 et
903 5228 1074 5303 perterre·
1125 5226 1161 5282 et
1175 5212 1472 5297 interpretantur,
1499 5207 1577 5303 sine
1595 5206 1689 5295 lege,
1716 5206 1753 5273 id
1771 5220 1840 5286 est,
1866 5206 1942 5274 siue
1960 5230 2116 5276 ceremo-
2222 5228 2225 5233 ’

88 5316 162 5387 lacit
180 5316 309 5386 eorda:
336 5316 382 5383 cle
397 5314 459 5385 tali
476 5316 657 5404 agnitione
677 5310 737 5384 ltic
758 5316 931 5410 loquitur.
991 5312 1073 5383 Non
1125 5314 1207 5386 niis.
1274 5308 1344 5381 Hic
1378 5333 1478 5380 error
1509 5308 1718 5401 eximendus
1744 5318 1795 5375 est
1828 5306 1982 5413 animis:
2025 5306 2128 5378 Nam.

88 5418 176 5489 mim
199 5417 372 5507 intelligit
394 5418 542 5489 otiosam
567 5418 861 5510 speculstionem‚
892 5419 952 5488 sed
974 5416 1075 5508 seui·
1124 5408 1285 5487 Christus
1307 5437 1381 5483 non
1405 5411 1521 5494 venit,
1548 5422 1589 5482 ut
1612 5410 1724 5500 legem
1747 5408 1875 5504 terret,
1899 5432 1966 5482 nec
1981 5406 2118 5482 Moises

220 2298 299 2379 Per
314 2302 427 2401 Iegem
443 2305 539 2378 enim
554 2309 701 2407 agnitio
713 2312 854 2413 percuti
867 2322 928 2385 eto.
