4522 5782
113 192 192 279 501'
299 198 403 277 xm.
452 204 492 281 2.
525 200 891 282 couuou'ratttt
919 202 969 281 tu
995 202 1154 285 EPlS‘l'.
1182 198 1335 281 PAULI
1364 202 1436 304 AD
1462 198 1727 285 ROMANOS.
1777 204 1885 288 cte.
1911 208 1979 294 lll.
2067 216 2165 295 '682

115 370 369 468 Deum-'uon
393 394 478 449 vere
502 378 650 448 ndens
674 377 775 463 Deo,
808 402 882 449 non
905 380 1111 452 existimans

117 502 198 549 eum
214 478 320 549 irasci
334 493 495 572 peccato,
520 493 580 550 aot
598 480 760 549 misereri
777 483 959 572 agentium
984 484 1110 574 poeni-

117 581 287 667 tentiam,
312 582 588 673 sed²dubitans‚
610 583 811 672 negligens,
837 587 1003 656 diffidens
1019 584 1109 659 Deo.

119 681 258 754 llorum
286 696 509 775 peccatorum
542 696 576 753 et
602 681 728 754 harum
764 689 992 759 tenebrarum
1025 690 1109 757 reli-

88 846 91 851 .
121 786 219 881 quiae
240 800 325 856 scint
348 786 455 857 etiam
480 787 518 855 in
543 788 692 867 sanctis,
727 789 809 858 ideo
838 791 941 862 dicit:
975 786 1109 862 Omnis

88 868 225 1001 {homo
239 890 403 958 mendax.
457 886 617 957 Pendent
635 890 743 979 igitur
758 892 1010 981 promissiones
1034 918 1108 963 non

88 1008 96 1161 :k
123 1014 156 1059 er
187 990 362 1083 dignitate
394 1003 535 1075 nostra,
571 994 631 1060 sed
666 1017 707 1062 ex
742 1016 783 1061 eo
810 998 905 1086 quod
932 992 1026 1065 Deus
1056 1010 1107 1065 est

88 1164 93 1187 Ι
123 1116 232 1168 νοω.

141 1260 192 1335 Ut
214 1257 425 1355 iustificeris
449 1262 490 1335 in
512 1262 742 1335 sermonibus
771 1264 864 1352 tois,
895 1274 928 1336 et
959 1265 1083 1337 vincas

399 1430 403 1443 .
461 1390 541 1438 com
565 1362 759 1438 iudicaris.

88 1502 95 1601 ξ
214 1495 438 1572 Additaliud
461 1504 725 1588 testimonium,
751 1506 846 1598 quod
872 1499 1029 1577 detrahit
1049 1506 1105 1573 di-

88 1604 94 1675 l
122 1602 284 1692 gnitatetn
309 1624 370 1674 seu
393 1605 542 1693 gloriam
567 1606 726 1676 iusticias
750 1621 785 1677 et
807 1608 1015 1677 meritorum
1038 1632 1104 1677 no-

88 1694 93 1749 i
122 1708 188 1790 bis,
209 1718 245 1777 et
260 1705 415 1776 celebrat
430 1708 548 1777 Deum
567 1708 699 1778 iustum
720 1722 755 1779 et
780 1722 977 1778 servantem
1004 1724 1102 1802 pacta

120 1822 257 1901 propter
271 1831 370 1878 suam
387 1811 583 1883 veritatem.
621 1808 690 1880 Sed
707 1824 908 1905 repetamus
926 1813 1103 1903 integrum

119 1911 337 1983 versiculum.
390 1908 561 1994 Continet
591 1913 686 1980 enim
719 1914 936 1985 uberrimam
970 1916 1103 1985 doctri·

119 2036 214 2103 nam,
240 2036 282 2087 ac
307 2012 491 2085 evidenter
515 2016 646 2085 refutat
669 2009 873 2110 hypocritae
896 2030 930 2087 et
954 2040 1102 2109 persua-

1165 400 1247 450 cum
1266 400 1410 449 accusas
1438 400 1525 465 nos,
1547 379 1614 453 tibi
1636 382 1704 452 soli
1728 382 1909 458 tribuatur
1928 386 2042 480 gloria
2059 388 2162 464 iusti-

1164 483 1249 552 cias.
1302 478 1408 550 Item:
1437 495 1478 552 ut
1500 481 1623 553 vincas
1641 509 1723 556 cum
1748 487 1934 577 iudicaris,
1961 493 1998 562 id
2022 508 2093 580 est,
2120 509 2160 565 ut

1164 584 1284 654 vincas
1307 597 1340 653 et
1358 582 1423 654 tibi
1440 584 1618 656 tribuatur
1633 587 1713 657 laus
1730 589 1910 676 iusticias,
1938 618 2019 665 cum
2042 591 2158 690 hypo-

1163 688 1271 755 critae
1291 700 1455 757 accusant
1477 700 1530 772 te,
1555 711 1596 758 ac
1620 689 1786 762 tribuunt
1804 693 1872 762 tibi
1888 694 2106 768 iniusticism
2123 715 2158 770 et

1164 788 1407 860 crudelitatem
1440 791 1585 881 quaudo
1620 794 1822 881 puniuntur
1853 809 1887 865 et
1925 799 2155 876 abiiciuntur.

1162 890 1246 958 Saul
1266 891 1373 960 tantis
1393 891 1499 959 rebus
1517 893 1620 981 gestis
1638 917 1702 982 pro
1724 896 1837 966 salute
1853 901 1976 987 populi
1995 898 2060 971 Dei
2078 904 2151 971 exi-

1160 993 1279 1062 stimat
1303 1016 1340 1061 ae
1363 993 1531 1061 meritum
1557 1017 1649 1079 esse,
1674 1021 1721 1064 ne
1739 999 1927 1070 obiiciatur
1948 1025 1968 1071 a
1986 1001 2083 1086 Deo,
2110 1029 2155 1073 ne

1160 1095 1322 1164 eliciatur
1343 1118 1383 1164 ex
1400 1118 1520 1183 regno.
1577 1094 1698 1188 ltaque
1715 1099 1752 1167 in
1768 1101 1970 1174 calamitate
1987 1105 2150 1175 irascitur

1160 1195 1236 1265 Deo
1261 1212 1398 1267 accusat
1428 1197 1503 1264 eius
1537 1198 1721 1268 iudicium.
1786 1199 1942 1272 Econtra
1968 1202 2083 1275 David
2114 1209 2152 1277 in

1160 1299 1357 1368 calamitate
1389 1300 1522 1368 fatetur
1544 1322 1580 1368 se
1610 1301 1702 1371 iuste
1730 1304 1873 1393 pirvriri,
1908 1330 1982 1375 non
2013 1324 2151 1381 accusat

1160 1396 1288 1484 Deum,
1313 1403 1373 1470 sed
1393 1415 1543 1487 praestat
1560 1403 1810 1488 obedientiam,
1837 1409 1928 1478 sicut
1942 1410 2029 1479 alibi
2046 1434 2149 1501 prae-

1158 1500 1298 1593 cipitur.
1365 1499 1617 1571 Humiliamini
1651 1510 1719 1575 sub
1750 1510 1885 1596 potenti
1925 1534 2034 1580 mann
2067 1511 2147 1587 hei.

1158 1601 1253 1673 Haec
1266 1616 1316 1672 est
1330 1604 1498 1694 simplex,
1528 1629 1609 1673 vera
1627 1620 1661 1675 et
1679 1608 1784 1696 plana
1802 1611 1966 1679 versiculi
1983 1610 2147 1683 Davidici

1157 1706 1421 1795 interpretatio,
1448 1710 1543 1797 quod
1567 1709 1729 1778 videlicet
1747 1709 1793 1778 sit
1809 1714 1983 1781 confessio
2002 1719 2147 1802 peccati,

1157 1810 1289 1879 adiecta
1306 1803 1492 1892 antithesi,
1517 1822 1557 1879 ut
1571 1808 1667 1880 Deus
1682 1812 1905 1900 praedicetur
1922 1816 2046 1896 iustus,
2072 1843 2146 1887 non

1155 1925 1338 1980 accusetur
1354 1912 1448 2004 quod
1467 1911 1626 1980 insontes
1645 1915 1788 2002 puniat,
1815 1917 1911 2006 quod
1934 1913 2025 1988 hanc
2046 1919 2147 1987 inbr-

1156 2037 1249 2082 mam
1269 2025 1431 2082 naturam
1453 2012 1585 2082 iniuste
1600 2015 1708 2084 tantis
1724 2015 1985 2089 calamitatibus
1999 2044 2145 2112 oppres·

117 2114 226 2186 tiones
249 2116 396 2206 legales,
436 2131 470 2186 et
500 2118 697 2187 doctrinam
730 2114 1007 2204 monachorum,
1039 2119 1101 2213 qui
1154 2118 1257 2186 serit:
1286 2114 1375 2185 sicut
1392 2138 1472 2181 eum
1496 2129 1659 2185 accusant
1675 2111 1897 2210 hypocritae,
1922 2119 2027 2208 Saul,
2052 2119 2139 2196 Cato

117 2216 248 2309 ingnnt
265 2213 430 2288 homines
447 2234 592 2311 propter
606 2221 787 2312 propriam
804 2221 1023 2311 dignitatem,
1036 2245 1099 2293 seu
1154 2231 1189 2289 et
1203 2206 1348 2286 similes.
1376 2214 1549 2285 Fortassis
1567 2212 1652 2288 haec
1666 2219 1838 2291 sententia
1855 2222 2071 2294 subobscura
2092 2240 2144 2298 est

117 2333 259 2411 propter
280 2319 392 2410 legem
415 2322 553 2411 placere
567 2320 657 2392 Deo.
729 2321 869 2395 Rursus
893 2325 997 2392 etiam
1019 2324 1101 2393 dul·
1153 2317 1360 2390 hominibus
1377 2318 1516 2402 otiosis,
1541 2333 1574 2389 et
1590 2317 1763 2411 Epicurea
1789 2323 1975 2394 securitate
1991 2325 2144 2398 fruenti·

116 2424 287 2493 eissimam
319 2425 597 2495 consolationem
629 2428 800 2517 proponit
827 2418 1099 2515 agnoscentibus
1133 2425 1231 2494 ¹bus.
1284 2420 1354 2492 Sed
1380 2434 1495 2491 tamen
1513 2420 1616 2490 facile
1632 2423 1781 2513 intelligi
1797 2437 1908 2514 potest
1927 2427 1972 2495 ab
1988 2428 2052 2514 iis,
2077 2430 2142 2523 qui

116 2550 206 2597 suam
232 2525 520 2612 immunditiem,
559 2539 593 2596 et
623 2528 808 2616 agentibus
835 2529 1098 2617 poenitentiam.
1152 2549 1225 2594 non
1249 2539 1330 2593 sunt
1354 2523 1502 2593 omnino
1528 2526 1634 2593 rudes
1660 2548 1762 2594 verae
1784 2528 2044 2618 poenitentiae,
2079 2542 2142 2604 seu

115 2624 225 2697 Verba
252 2624 342 2698 haec
365 2642 463 2698 sunt:
490 2628 575 2698 Tibi
599 2641 737 2699 tantum
761 2645 921 2720 peccator
935 2655 1033 2716 sum,
1057 2644 1099 2701 ut
1152 2626 1396 2710 contritionis,
1423 2638 1461 2694 ut
1479 2641 1617 2699 vocant.
2232 2724 2235 2729 Ι

114 2728 310 2801 iustificeris
332 2731 371 2799 in
393 2732 616 2802 sermonibus
641 2731 731 2811 tuis,
758 2745 790 2801 et
809 2731 928 2801 vincas
943 2756 1022 2800 crim
1042 2733 1099 2802 iu-
1253 2725 1439 2798 Caeterum
1456 2727 1690 2797 Grammatici
1714 2723 1773 2797 hic
1797 2730 2042 2821 intempestive
2065 2735 2139 2805 dis·

112 2832 253 2904 sicaris.
327 2831 391 2902 Est
422 2846 540 2903 autem
568 2834 741 2903 confessio
772 2835 900 2922 peccati
933 2834 1035 2923 plano
1064 2849 1099 2904 et
1150 2832 1337 2920 potantde
1363 2831 1497 2913 verbis,
1525 2852 1570 2897 an
1596 2831 1668 2900 sint
1693 2831 1829 2920 passive
1853 2836 2072 2925 accipienda:
2099 2853 2139 2908 ut

88 2935 286 3027 ¹simplex,
325 2928 447 3027 quiles
476 2936 609 3006 multae
642 2950 725 3007 sunt
758 2935 795 3004 in
828 2935 908 3004 aliis
930 2934 1097 3006 Psalmis:
1151 2932 1368 3011 iustificeris,
1401 2927 1504 2999 ltem:
1535 2955 1615 3001 cum
1637 2933 1817 3007 iudicaris.
1873 2930 1983 3007 Recte
2008 2935 2140 3009 Paulus

106 3040 272 3129 ignosco
287 3060 344 3107 me
360 3061 434 3106 non
449 3039 586 3107 adferre
601 3038 643 3106 ad
660 3050 693 3107 te
714 3037 912 3118 iusticiam,
941 3038 1098 3121 digerite·
1150 3035 1287 3126 passive
1315 3032 1451 3114 reddit,
1493 3044 1527 3100 et
1552 3035 1727 3126 quadrant
1765 3034 1924 3128 passivae
1955 3062 2059 3109 voces
2091 3044 2137 3111 ad

102 3150 193 3221 uns,
213 3140 361 3209 merita:
386 3143 445 3208 sed
462 3152 931 3231 tantumessepeecatorem.
976 3136 1023 3209 Et
1038 3134 1098 3210 hic
1150 3131 1242 3205 hanc
1263 3133 1559 3222 simplicissimam
1584 3137 1815 3222 sententiam,
1848 3163 1954 3232 quam
1976 3143 2138 3211 recitavi·

100 3244 326 3313 observanda
344 3255 394 3311 est
412 3235 549 3334 phrasis
566 3236 727 3315 Ebraica.
766 3239 856 3310 Nam
873 3243 979 3310 verba
995 3265 1097 3333 saepe
1150 3261 1241 3308 mus.
1307 3235 1401 3305 Volo
1427 3237 1573 3307 retineri
1604 3239 1759 3329 passivas
1783 3262 1904 3321 voces,
1944 3254 1977 3310 et
2004 3245 2048 3313 ad
2072 3238 2135 3315 has

98 3343 188 3437 ipsis
198 3342 400 3435 significant
410 3340 568 3414 habitus:
585 3340 670 3413 Tibi
682 3366 795 3432 pecco,
810 3344 845 3412 id
857 3356 920 3428 est,
928 3365 1005 3411 sum
1016 3367 1096 3434 pec·
1149 3338 1313 3430 congruit
1327 3336 1477 3408 Ebraics
1491 3332 1640 3431 phrasis,
1665 3354 1705 3413 ut
1719 3342 1851 3412 eruditi
1864 3342 1966 3414 lacile
1981 3342 2138 3417 iudicare

99 3462 208 3521 tator.
260 3444 308 3517 Et
325 3461 377 3518 est
400 3446 589 3535 singularis
609 3441 786 3536 emphasis
801 3446 839 3514 in
860 3446 1096 3537 appellatione
1151 3457 1308 3535 possunt.
1935 3528 1943 3537 „

98 3549 247 3639 peccati.
282 3546 441 3619 Tantum
457 3572 534 3617 sum
550 3562 725 3640 peccator,
742 3548 777 3616 id
794 3561 857 3633 est,
882 3571 974 3632 reus,
994 3551 1096 3617 dam·
1202 3550 1205 3559 '
1253 3539 1672 3616 llludautemadiiciam.
1737 3541 1912 3620 Cumaitz
1946 3562 1988 3619 ut
2008 3549 2136 3622 iustifi-

99 3644 668 3745 nauremsteoiuos,eddoppa·
702 3648 794 3718 Nam
810 3650 998 3741 appellatio
1015 3675 1095 3742 pec·
1149 3647 1237 3719 ceris
1267 3646 1305 3714 in
1336 3644 1561 3714 sermonibus
1589 3647 1684 3731 tuis,
1726 3647 1899 3718 reseratur
1928 3652 2063 3725 dictum
2091 3658 2138 3725 ad

99 3749 1094 3846 cstihaecdoosignilicat,autenimpeccatomestquid-
1148 3764 1354 3843 utrunque,
1398 3747 1443 3814 ad
1475 3746 1586 3835 legem
1618 3763 1652 3818 et
1684 3749 1953 3839 promissionem
1992 3754 2135 3841 gratiae.

100 3860 186 3928 dam
206 3878 371 3951 pugnans
395 3876 476 3927 cum
500 3856 574 3944 lege
594 3852 681 3937 Dei,
705 3855 802 3945 quod
827 3867 981 3923 meretur
1004 3857 1094 3949 iram
1148 3848 1312 3941 Agnosco
1328 3872 1385 3916 me
1402 3870 1475 3917 esse
1488 3865 1729 3939 peccatorum,
1758 3876 1875 3936 reum,
1899 3869 1939 3924 ut
1962 3853 2076 3927 fateor
2100 3870 2135 3927 te

101 3959 177 4031 Dei
201 3973 236 4030 et
259 3982 411 4050 poenas,
444 3957 515 4026 nisi
542 3957 761 4036 remittatur,
803 3968 864 4027 aut
887 3956 1096 4045 simpliciter
1149 3956 1281 4025 iustum
1304 3973 1377 4021 esse
1393 3964 1612 4022 accusantem
1629 3976 1668 4022 ac
1682 3952 1887 4043 punientem
1900 3977 1977 4025 nos.
2010 3954 2136 4049 Agno-

103 4064 152 4133 de
172 4060 547 4151 effectu-intelligitur,
570 4058 734 4127 videlicet
749 4081 814 4150 pro
831 4082 869 4126 re
886 4059 1004 4150 aliqua
1021 4082 1093 4143 rea,
1147 4081 1206 4128 sco
1226 4075 1375 4123 maesse
1396 4065 1637 4142 peccatorum,
1669 4068 1703 4124 et
1724 4055 1801 4124 iure
1825 4056 1888 4126 abs
1908 4070 1945 4147 ις
1968 4061 2135 4147 accusari,

101 4180 165 4235 teu
187 4166 374 4234 damnatas
405 4176 446 4233 ut
469 4185 549 4229 cum
573 4157 726 4246 hostiae,
760 4182 822 4229 seu
849 4161 1006 4260 piacula,
1032 4186 1094 4228 vo·
1147 4184 1188 4230 ac
1210 4157 1351 4226 celebro
1373 4169 1409 4225 te
1429 4155 1545 4225 solum
1574 4179 1648 4226 esse
1678 4158 1830 4246 iustum,
1870 4180 1936 4229 nos
1962 4184 2036 4230 non
2057 4183 2133 4235 ests

101 4282 232 4339 notin
255 4278 405 4356 peccata.
457 4261 528 4333 llic
549 4285 631 4352 ergo
654 4286 735 4332 cum
760 4263 893 4333 latetur
916 4258 1093 4352 Propheta
1147 4264 1270 4332 iustos.

101 4394 138 4441 se
158 4392 236 4439 esse
253 4383 485 4456 peccatorem,
512 4377 546 4435 et
561 4365 661 4435 addit
676 4364 911 4448 exclusivum,
944 4377 1094 4450 tantiam,
1249 4359 1345 4435 Haec
1365 4359 1609 4451 interpretatio
1625 4353 1741 4429 adhuc
1755 4385 1823 4430 vox
1840 4375 1892 4435 est
1918 4363 2006 4454 legis
2028 4387 2133 4440 aceu-

100 4472 226 4543 abiicit
254 4471 461 4557 dignitatem
495 4467 695 4559 propriam,
725 4467 885 4555 agnoscit
906 4488 943 4533 se
965 4461 1095 4537 habere
1147 4465 1257 4534 santis
1281 4485 1364 4547 nos,
1398 4465 1558 4532 nondum
1580 4461 1664 4530 lacit
1686 4464 1901 4534 mentionem
1922 4468 2131 4557 promissio-

99 4573 365 4643 immunditiem
380 4583 595 4661 pugnantem
612 4591 692 4639 cum
707 4568 782 4657 lege
798 4565 878 4649 Dei,
891 4590 931 4635 ac
946 4590 982 4636 se
997 4592 1094 4637 resim
1150 4569 1238 4657 nis..
1269 4563 1352 4635 ldeo
1370 4561 1436 4634 hoc
1452 4566 1605 4634 dictum:
1632 4578 1670 4635 ut
1686 4563 1882 4637 iustificeris
1898 4567 1936 4637 in
1957 4574 2130 4643 sermoni·

98 4698 233 4746 esseae
247 4675 413 4744 meritum
431 4675 521 4741 iram
535 4670 602 4742 Dei
618 4683 651 4740 et
666 4694 808 4761 poenas.
847 4667 1095 4740 Haecconles-
1151 4673 1215 4738 bus
1238 4668 1326 4747 tuis,
1366 4666 1641 4747 transieramus,
1680 4688 1755 4734 uon
1784 4668 1898 4739 solum
1930 4673 1973 4741 ad
2004 4673 2131 4766 legero,

101 4780 153 4849 aio
170 4778 261 4870 quid
283 4777 347 4858 sit,
380 4777 419 4845 in
444 4764 526 4844 vera
542 4773 762 4846 contritione
783 4772 834 4862 pii
855 4772 1095 4863 experiuntur.
1150 4775 1206 4840 sed
1226 4771 1386 4838 etiamad
1406 4766 1666 4856 promissiones.
1717 4765 1931 4864 Quanquam
1947 4796 2024 4843 sum
2041 4799 2133 4862 reus,

101 4878 144 4951 ln
168 4877 228 4951 bis
257 4878 449 4969 pavoribus
480 4876 654 4946 excutitur
684 4874 884 4965 arrogantia
908 4886 943 4946 et
967 4875 1095 4945 fiducia
1149 4889 1182 4943 et
1208 4869 1299 4940 nihil
1320 4870 1502 4939 adseroad
1520 4870 1641 4941 tenisi
1660 4871 1875 4959 agnitionem
1897 4877 2051 4964 peccati,
2076 4892 2130 4950 ta·

101 4983 267 5077 propriae
280 4972 484 5071 dignitatis,
510 5002 570 5048 seu
589 4976 748 5047 iustitiae
769 4976 868 5067 legis.
1150 4998 1231 5044 men
1256 4972 1421 5060 coniugio
1443 4972 1488 5041 ad
1508 4973 1714 5061 promissam
1736 4974 2037 5059 misericordiam,
2069 5000 2130 5047 er.

112 5114 116 5121 ·
216 5081 282 5156 Ut*
300 5097 418 5153 autem
446 5081 577 5152 clarius
611 5080 850 5149 refutarentur
879 5072 1096 5173 hypocritae,
1150 5091 1251 5170 pecto
1273 5074 1433 5143 veniam:
1461 5086 1502 5145 ut
1524 5073 1721 5143 iustificeris
1742 5074 1778 5143 io
1805 5077 2027 5147 sermonibus
2047 5080 2130 5165 tuis,

105 5188 240 5259 adiecta
263 5197 318 5254 est
342 5183 433 5254 ratio
458 5179 703 5254 consessionis.
756 5180 840 5251 ldeo
863 5201 921 5248 me
937 5194 1096 5269 peccato·
1149 5194 1188 5250 ut
1206 5175 1447 5270 praedicemus
1462 5188 1498 5245 te
1508 5198 1584 5247 esse
1598 5200 1757 5245 veracem
1772 5193 1806 5247 et
1826 5196 2021 5248 servantem
2044 5206 2128 5269 pen.

103 5312 177 5361 reus
202 5312 282 5360 esse
297 5278 496 5358 ¹confiteor:
529 5297 570 5354 ut
594 5282 795 5355 iustificeris
811 5283 851 5351 in
873 5281 1098 5353 sessionibus
1150 5281 1273 5365 missa,
1305 5294 1338 5350 et
1367 5276 1595 5370 recipientem
1622 5277 1825 5347 invocantes
1847 5303 1908 5370 per
1930 5280 2131 5355 misericor.

99 5393 193 5488 tois,
218 5392 259 5463 id
282 5403 357 5473 est,
381 5400 423 5462 stt
445 5401 483 5460 ts
503 5386 621 5459 solum
645 5381 994 5478 praedicem-iustum
1011 5404 1099 5472 esse,
1149 5385 1265 5469 diam,
1288 5380 1429 5455 etiamsi
1443 5379 1853 5552 noassfidieraotsnerita.
