4522 5782
214 236 221 241 ·
324 215 429 294 xtlt
460 219 495 293 1.
521 206 923 294 maorartouus
948 216 1001 294 ΙΝ
1033 204 1471 297 EPIST.-PAUL1AD
1491 215 1756 303 Romanos
1837 280 1840 285 -
1984 214 2062 303 46ae

291 380 515 470 ΨΜ
546 386 737 466 “Mm-
977 434 983 441 -
1066 389 1215 483 dissipat
1229 392 1389 481 politian,
1415 394 1477 465 aed
1493 395 1648 467 maxime
1663 398 1781 470 munit
1794 418 1869 486 eas,
1895 412 1930 471 et
1952 423 2057 493 prae·

123 506 272 580 Mortua
294 521 423 580 natura
445 531 521 578 non
542 521 596 580 eat
617 505 755 580 efficax:
872 528 876 535 ·
935 530 939 537 ·
1004 536 1008 553 -·
1066 493 1153 584 cipit
1172 493 1296 564 ¹civiles
1311 497 1556 568 ordinationes
1572 499 1901 588 religioseservare.
1953 501 2056 573 Tan-

126 610 382 684 Vemamtum
400 609 556 680 invobis
574 623 625 680 022
640 622 792 687 mortua,
845 609 935 682 Nam
953 636 1016 682 ve.
1066 608 1143 665 tum
1179 590 1247 667 boe
1281 599 1404 683 docet,
1443 623 1518 670 non
1549 600 1730 672 iustificari
1762 610 1839 672 nos‘
1861 603 1923 674 illa
1956 603 2056 673 civili

96 710 205 785 homo
221 712 409 783 crucifixa,
423 724 474 784 οη
487 736 567 783 cum
582 707 747 785 Christo,
1065 697 1205 768 iusticia
1224 721 1342 770 coram
1356 699 1445 776 Deo.
1496 700 1568 774 Sed
1591 702 1699 774 venio
1718 705 1765 774 ad
1779 704 1884 776 Pauli
1905 728 2056 798 respou-

174 811 272 905 Ergo
285 830 386 887 vetus
401 827 528 885 natura
550 814 588 883 in
603 815 707 885 vobis
728 838 803 885 non
817 816 923 888 debet
939 837 1014 886 esse
1066 799 1212 869 δῑῡῦθω·

89 942 158 994 m,
1168 899 1266 988 Quid
1300 903 1350 973 ais
1376 901 1509 975 Paule?
1548 906 1688 977 Sinon
1722 930 1845 980 sumus
1876 911 2054 1000 sub-lege,

267 1029 491 1117 symm„
517 1028 766 1118 ,fstmmug
1066 1024 1149 1090 ergo
1171 1002 1351 1074 licentiam
1377 1008 1440 1076 das
1460 1010 1654 1098 peccandi?
1696 1009 1756 1081 Sic
1779 1012 1875 1081 enim
1900 1018 2057 1083 mundus

124 1137 230 1211 Nm
246 1154 373 1212 mm„
389 1141 494 1212 debe,
511 1135 643 1212 habere
658 1162 771 1212 novo,
786 1124 938 1213 frum}
1066 1105 1235 1193 iutelligit
1261 1107 1346 1195 legis
1362 1108 1638 1198 abrogationem.
1691 1109 1770 1181 Hoc
1793 1114 1871 1184 loco
1887 1114 2057 1186 Dialecti-

131 1240 209 1311 γυ,
226 1266 300 1311 non
316 1256 455 1313 „mmm
470 1243 602 1315 mortui
620 1244 720 1327 mis,
753 1242 812 1314 ⁸ed
837 1242 942 1311 ,fiam
960 1240 1014 1311 vi·
1045 1230 1126 1275 ¹cus
1151 1207 1301 1299 requirit
1323 1208 1585 1298 definitionem,
1615 1212 1702 1305 quid
1724 1215 1770 1284 sit
1793 1215 1880 1306 legia
1900 1218 2056 1306 abroga-

89 1345 252 1416 mimm
267 1339 429 1430 Christo,
450 1347 543 1416 min
559 1369 651 1416 nm
668 1347 741 1415 vim
757 1344 963 1417 ambuletis:
1065 1308 1135 1392 tio,
1176 1324 1296 1379 utrum
1337 1312 1382 1381 sit
1422 1316 1615 1383 concedere
1657 1313 1835 1387 licentiam
1878 1318 2058 1409 peccandi.

179 1441 275 1539 Ergo
295 1447 431 1519 debetis
447 1470 559 1518 novos
576 1449 712 1519 fructus
732 1447 859 1518 afferre
874 1460 909 1516 et
924 1447 1015 1517 bene
1065 1408 1197 1528 ¹'³⁰,¹⁰⁵
1228 1425 1332 1501 ”⁰3³²
1358 1414 1503 1531 ‚⁰⁰¹¹“di
1525 1416 1705 1537 Ῑῑξθῦξῑθῑξ·
1736 1421 1917 1510 Peccandi·
1985 1418 2057 1491 Sed

89 1549 174 1619 mg
289 1533 291 1538 '
1064 1514 1164 1582 addat
1198 1515 1474 1586 confutationem
1502 1518 1712 1589 obtectmms
1735 1534 1885 1591 sumtam
1915 1545 1990 1591 non
2014 1546 2057 1590 ex

1064 1614 1295 1696 definitione,
1328 1641 1450 1686 verum
1473 1643 1514 1687 ex
1536 1620 1817 1691 circumstantia:
1844 1621 1987 1710 Quibus
2006 1624 2058 1705 ‚sit

1063 1717 1230 1806 abrogata
1260 1718 1327 1788 lex.
1395 1717 1587 1811 Pririlegia
1618 1721 1714 1790 enim
1743 1748 1818 1794 uon
1855 1727 1900 1795 ad
1931 1749 2056 1795 omnes

1063 1819 1260 1911 pertinent,
1295 1822 1356 1890 sed
1378 1822 1421 1890 ad
1444 1836 1555 1894 certas
1578 1846 1755 1915 personas.
1829 1823 1882 1898 lta
1909 1826 2057 1899 libertas

1064 1921 1216 2011 pertinet
1244 1946 1318 1991 non
1344 1925 1389 1992 ad
1412 1923 1562 2015 impios,
1587 1927 1649 1995 sed
1670 1928 1713 1996 ad
1732 1928 1856 2004 iustos.
1916 1927 2055 1999 lnterea

1064 2023 1228 2092 voluutas
1249 2021 1315 2093 Dei
1345 2040 1414 2104 est,
1447 2039 1487 2096 ut
1516 2027 1619 2115 impii
1643 2033 1890 2114 coerceantur,
1926 2046 1961 2103 et
1982 2032 2056 2102 sint

1063 2125 1138 2213 lege
1154 2139 1321 2218 tauquam
1337 2151 1474 2197 carcere
1489 2129 1590 2220 septi.

121 1649 297 1743 Epilogus
327 1664 390 1722 est.
446 1646 527 1719 Non
561 1674 643 1741 ergo
672 1665 793 1743 regnet
818 1664 1013 1745 peccatum.

89 1753 193 1825 uinet
217 1766 334 1822 autern
357 1748 663 1839 adhortationem,
697 1756 892 1824 miscentur
916 1753 1011 1821 euim

89 1854 323 1927 tutationibus
346 1854 526 1925 interdum
543 1855 613 1925 loci
633 1855 795 1926 suasorii.
844 1853 1012 1948 Proposi-

91 1969 150 2028 est
176 1957 323 2047 epilogi:
349 1955 432 2026 Non
446 1970 566 2047 regnet
580 1971 760 2050 peccatum
779 1970 844 2029 etc.

121 2053 343 2157 Αἷτιολογία
366 2059 488 2131 addita
510 2072 561 2129 est
579 2083 598 2129 a
615 2059 797 2149 possibili,
822 2081 884 2128 seu
907 2054 1011 2142 sacili,

88 2184 103 2231 a
146 2174 329 2253 peccatum
365 2185 440 2230 non
473 2161 718 2232 dominabitur
749 2161 864 2233 vobis.
916 2155 1011 2249 Ergo

88 2263 168 2334 estis
186 2263 257 2330 iam
274 2262 365 2333 bene
381 2263 531 2354 operari.
573 2259 825 2336 Antecedentis
840 2263 1010 2332 sententia
1267 2287 1337 2363 Ex
1361 2289 1659 2381 circumstant&
1685 2291 1844 2394 Quibus.

136 2361 290 2434 Habetis
314 2365 383 2434 iam
404 2364 638 2435 conscientias
662 2379 773 2437 certas
797 2367 842 2435 de
855 2362 923 2435 Dei
948 2366 1011 2433 be·
1277 2382 1280 2387 ·

89 2465 248 2537 olentia:
275 2467 380 2539 Certo
406 2468 503 2536 scitis
518 2464 634 2538 Deum
659 2467 761 2538 vobis
784 2468 924 2552 adesse,
949 2488 1013 2534 vos

88 2592 208 2642 avare.
276 2565 358 2636 Non
388 2571 560 2639 absterret
589 2592 653 2639 vos
683 2583 890 2661 peccatum,
928 2568 1011 2663 quia

88 2672 268 2743 donatum
295 2683 356 2740 est.
411 2668 469 2740 Ad
491 2666 578 2747 baec
599 2695 673 2741 non
697 2667 803 2743 babet
825 2670 939 2755 vires,
972 2681 1013 2740 ut

88 2772 178 2843 nala
194 2794 301 2863 opera
317 2770 427 2862 rapiat
446 2796 525 2855 eos,
548 2774 609 2867 qui
625 2798 644 2843 a
661 2771 798 2864 Spiritu
811 2786 932 2844 sancto
948 2796 1013 2863 gu-

88 2888 236 2947 nantur.
277 2871 420 2944 Fortior
433 2888 483 2945 est
498 2871 681 2960 Christus,
695 2900 803 2969 quam
819 2888 1012 2967 peccatum.

122 2971 903 3066 Paulusprobatbocautecedensltisverbis:
930 2975 1012 3046 Non

88 3105 101 3152 s
117 3080 190 3150 snb
206 3077 301 3167 lege,
316 3079 377 3146 sed
394 3079 461 3148 sub
477 3079 609 3171 gratia,
635 3077 730 3168 Ergo
744 3091 922 3171 peccatum
938 3102 1012 3147 non

88 3180 273 3255 rinabitur
307 3179 420 3251 vobis.
471 3179 755 3274 Consequentiae
794 3181 885 3251 ratio
926 3195 1014 3251 esset

88 3309 196 3367 cura,
230 3283 420 3351 sitantum
445 3282 596 3364 diceret,
631 3308 707 3352 nou
731 3283 813 3353 estis
835 3283 901 3353 sub
927 3283 1011 3371 lege.

88 3412 127 3458 uc
151 3384 239 3478 quia
265 3384 378 3453 addit:
405 3381 475 3453 Sed
500 3385 566 3454 sub
589 3387 721 3472 gratia,
747 3385 860 3455 facilis
881 3399 933 3454 est
956 3384 1014 3453 in·

87 3502 186 3560 ectu:
222 3509 303 3554 nam
328 3487 395 3555 sub
418 3487 529 3575 gratia
551 3510 644 3568 esse,
671 3500 722 3558 est
743 3483 875 3558 babere
896 3483 1013 3557 Deum

87 3605 224 3677 ntum,
251 3588 728 3674 defensorem,=adiutorem.
780 3588 814 3660 la
829 3611 904 3659 non
923 3589 1015 3659 sinet

99 3718 120 3763 a
137 3702 283 3784 peccato
299 3689 407 3758 vinci.

1164 2426 1417 2522 Unusquisque
1455 2432 1684 2527 obtemperat,
1726 2436 1805 2523 illi,
1856 2436 1958 2509 euius
2000 2450 2052 2510 est

1219 2555 1356 2601 servus:

1164 2630 1239 2701 Vos
1260 2635 1342 2704 estis
1364 2636 1455 2705 servi
1473 2636 1648 2708 iusticiae:

1217 2730 1313 2823 Ergo
1330 2737 1458 2808 debitis
1477 2738 1637 2809 iusticiae
1652 2739 1909 2832 obtemperare.

1165 2830 1345 2905 Minorem
1361 2841 1546 2909 confirmat
1560 2865 1600 2909 ex
1616 2855 1742 2913 natura
1760 2847 2016 2950 oppositorum,

1167 2937 1242 3006 l'os
1260 2941 1411 3008 desiistis
1427 2966 1499 3011 esse
1513 2944 1605 3010 servi
1622 2946 1769 3033 peccati:

1221 3036 1318 3130 Ergo
1334 3042 1415 3110 estis
1433 3044 1526 3110 servi
1548 3043 1717 3117 iusticiae.
1746 3043 1792 3117 Ut
1809 3047 1838 3117 si
1855 3047 1935 3140 quis
1949 3069 2055 3136 argua

1065 3155 1258 3213 mentetur:
1295 3142 1480 3213 Tenebrae
1509 3147 1628 3235 pulsae
1656 3162 1759 3234 sunt,
1792 3171 1874 3238 ergo
1905 3150 1965 3219 lux
1992 3163 2055 3224 est.

1064 3244 1219 3337 Reliqua
1242 3244 1356 3314 oratio
1389 3245 1426 3314 in
1451 3241 1518 3317 boc
1550 3248 1662 3339 capite
1687 3263 1738 3319 est
1764 3250 1914 3320 minoris
1945 3274 2055 3342 expo-

1065 3347 1159 3417 litio.
1228 3344 1317 3417 Nam
1348 3346 1471 3419 multis
1499 3349 1616 3419 verbis
1648 3353 1827 3432 declarat,
1873 3353 2054 3449 quomodo

1065 3450 1199 3518 fuerint
1238 3449 1332 3528 servi
1370 3450 1529 3542 peccati,
1578 3450 1700 3546 quales
1741 3455 1877 3524 luerint
1923 3456 2057 3549 peccati

1065 3552 1219 3632 fructus,
1246 3572 1336 3643 quae
1352 3574 1485 3642 poenae
1501 3568 1682 3642 peccatum
1697 3571 1901 3648 sequantur.
1966 3554 2054 3627 ltem

1066 3652 1188 3744 quales
1232 3676 1328 3722 nunc
1378 3678 1500 3745 parere
1545 3656 1680 3729 fructus
1721 3660 1899 3743 debeant,
1957 3671 2055 3749 post-

1067 3779 1176 3845 quam
1213 3773 1434 3842 agnorerunt
1465 3750 1660 3828 Christum.
1741 3756 1824 3855 Est.
1845 3774 1962 3830 autem
1997 3761 2055 3828 iu-

338 3848 494 3916 secanae
515 3855 702 3934 occupatio.
1066 3858 1132 3925 sita
1161 3857 1333 3948 quaedam
1361 3856 1554 3927 correctio:
1598 3854 1806 3951 Humanum
1829 3861 1920 3934 dico.
1989 3858 2054 3928 Vi·

122 3959 170 4033 Et
196 3973 333 4042 tamen,
366 3962 450 4050 qnia
473 3959 603 4028 excidit
629 3959 661 4029 ei
685 3981 777 4027 nova
799 3983 869 4028 vox
891 3968 926 4026 et
951 3957 1014 4026 ab·
1067 3962 1127 4027 det
1160 3958 1255 4026 enim
1280 3955 1412 4027 Paulus
1440 3960 1635 4029 desiderari
1658 3962 1925 4045 definitionem,
1966 3962 2054 4056 quid

87 4067 129 4135 da
153 4062 194 4130 in
219 4060 388 4151 speciem:
415 4058 495 4128 Non
516 4061 599 4130 estis
619 4062 687 4131 sub
709 4061 803 4154 lege,
829 4061 909 4129 ideo
927 4083 1015 4149 pau·
1067 4060 1113 4130 sit
1127 4059 1214 4149 legis
1227 4060 1426 4149 abrogatio:
1452 4056 1560 4130 Videt
1574 4084 1609 4130 se
1623 4076 1761 4133 tautum
1775 4066 1933 4134 suasorio
1948 4087 2054 4153 argu·

87 4191 132 4236 ·er
148 4167 187 4233 in
207 4184 247 4231 ea
264 4161 457 4231 mollienda·
482 4180 740 4245 commoratur,
767 4162 1013 4255 priusqunma
1069 4177 1188 4232 rneuto
1219 4162 1294 4246 uti,
1337 4186 1416 4232 cum
1447 4162 1588 4252 longior
1617 4164 1810 4253 disputatio
1841 4167 2053 4259 requiratur.

87 4267 245 4338 cessione
259 4266 301 4332 ad
319 4264 520 4333 institutum
535 4266 665 4333 redeat.
719 4260 857 4334 Omnes
872 4263 1014 4354 sapien·
1067 4261 1136 4332 Sed
1160 4278 1208 4335 ut·
1227 4277 1396 4355 temperet
1417 4286 1452 4333 se
1471 4267 1515 4334 ad
1537 4279 1678 4353 captum
1697 4267 1856 4352 lectoris,
1889 4268 2053 4340 consulto

98 4369 190 4451 viri,
233 4366 440 4459 omnesqui
466 4379 588 4436 teuent
614 4365 847 4457 respublicas,
891 4388 1014 4433 omues
1066 4364 1157 4453 fugit
1176 4365 1398 4436 subtiliorem
1415 4366 1701 4457 disputationem.
1754 4366 1801 4439 Et
1819 4384 1936 4440 tamen
1961 4371 2053 4440 inte·
2135 4398 2144 4411 ⁸

90 4475 99 4541 i
117 4469 282 4540 homines
296 4491 425 4554 magno
448 4489 622 4538 consensu
639 4468 798 4537 iudicant
815 4461 1014 4536 humanum
1070 4466 1139 4535 rim
1158 4467 1196 4536 in
1220 4461 1288 4537 boc
1306 4468 1464 4538 suasorio
1490 4481 1698 4557 argumento
1722 4482 1823 4560 urget
1845 4465 1931 4555 boc,
1956 4475 2053 4564 quod

87 4598 134 4644 tus
154 4570 301 4641 interire
318 4582 499 4657 oportere,
520 4570 588 4637 nisi
608 4569 745 4657 legibus
760 4569 1012 4638 contineretur.
1066 4570 1152 4637 solis
1176 4570 1371 4639 instititutis
1397 4570 1452 4637 lex
1471 4568 1517 4638 sit
1539 4571 1719 4659 abrogata.
1771 4569 1822 4643 Et
1843 4574 2055 4657 subindicat,

87 4701 146 4770 que
175 4669 262 4742 haec
286 4670 472 4740 tribunitia
497 4695 579 4739 vox:
623 4668 704 4740 Non
732 4671 813 4741 estis
835 4671 902 4739 sub
925 4671 1013 4759 lege,
1066 4673 1153 4761 quid
1171 4672 1215 4740 sit
1230 4671 1317 4757 legis
1333 4669 1525 4760 abrogatio.
1579 4668 1663 4740 Non
1679 4687 1730 4744 est
1746 4675 1841 4742 enim
1860 4679 2053 4745 concedere

87 4794 168 4848 etur
191 4774 338 4860 indigna
364 4796 436 4841 esse
463 4774 560 4842 bono
589 4772 685 4858 vico,
728 4786 763 4844 et
790 4772 955 4843 seditiosa
978 4787 1013 4840 et
1066 4774 1235 4862 peccandi
1257 4772 1454 4857 licentiam,
1478 4774 1540 4841 sed
1557 4767 1689 4844 babere
1706 4776 1900 4858 iusticiam,
1928 4778 2054 4846 remis·

87 4902 172 4950 ‚rsus
195 4872 445 4946 intolerabilis.
474 4921 477 4926 -
507 4871 639 4944 Paulus
663 4874 800 4967 egregie
824 4874 1012 4944 satisfaciet
1066 4875 1201 4942 sionem
1223 4888 1466 4963 peccatorum,
1500 4868 1631 4945 babere
1657 4878 1908 4947 conscientiam
1933 4901 2053 4948 coram

86 4982 160 5054 ori.
214 4976 284 5048 Sed
320 4999 383 5066 ego
415 4999 559 5070 quoque
583 4976 701 5047 obiter
731 4976 818 5046 duxi
845 4977 1011 5045 lectorem
1064 4972 1142 5044 Deo
1171 4990 1327 5061 pacatam
1352 4990 1386 5047 et
1407 4976 1660 5068 tranquillam,
1691 4981 1789 5050 uude
1816 4981 1872 5064 fic,
1898 5003 1943 5048 ne
1973 4981 2053 5049 abs-

86 5083 243 5155 uendum
261 5101 353 5164 esse,
378 5075 529 5148 Paulum
548 5072 607 5147 bie
627 5077 728 5170 loqui
746 5080 789 5148 de
805 5077 896 5168 lege,
922 5101 1014 5168 qua·
1063 5077 1177 5146 territi
1193 5075 1306 5148 Deum
1320 5077 1460 5168 fugiant
1474 5091 1509 5150 et
1526 5079 1689 5163 oderint.
1715 5082 1775 5151 sed
1793 5081 1944 5170 diligant
1958 5096 1992 5151 et
2006 5080 2063 5153 ab'

86 5210 124 5258 us
145 5209 186 5255 ea
212 5203 387 5251 conamur
414 5181 543 5249 mereri
573 5179 749 5250 iusticiam
777 5203 895 5250 coram
922 5175 1011 5254 Deo.
1065 5202 1106 5248 eo
1129 5194 1313 5270 expectent
1334 5180 1456 5251 omnia
1481 5181 1592 5262 bona,
1619 5197 1653 5252 et
1669 5182 1702 5250 ei
1721 5182 1849 5273 cupide
1873 5183 2055 5282 obtempe-

92 5287 218 5379 politia
236 5277 331 5351 nibil
346 5276 406 5352 hic
420 5283 525 5366 dicit,
551 5279 768 5375 quaminfra
782 5280 1011 5372 amplissimis
1063 5294 1155 5353 rent.
1208 5278 1342 5353 Contra
1365 5305 1439 5352 esse
1464 5281 1649 5371 sublege,
1676 5296 1729 5353 est
1751 5305 1771 5352 a
1794 5283 1869 5371 lege
1889 5284 2056 5371 coe'rceri,

86 5392 187 5464 dibus
210 5383 366 5459 ornavit.
415 5381 506 5458 Nam
522 5378 758 5477 Evangelintn
777 5381 1010 5455 nullomodo
1063 5383 1220 5456 accusari
1235 5396 1270 5498 et
1285 5383 1535 5459 condemnari:
1553 5379 1662 5456 Odit
1681 5398 1801 5455 autem
1822 5384 1995 5459 iudicium
2021 5403 2056 5460 et
