4522 5782
198 206 277 286 sos
743 144 914 269 'erm
941 191 1060 271 nuc
1084 192 1295 272 scotera
1317 192 1629 299 ,resumes
1694 218 1705 269 ;
1777 204 1839 273 ;;;
2160 210 2238 287 m

206 403 290 450 nam
319 375 450 447 multae
488 370 718 445 liberationes
752 372 940 442 mirandae
970 370 1194 460 contingunt,
1244 369 1615 461 etsiseepetra‘ditur,
1641 384 1760 443 temen
1786 372 2235 474 iumentumque-se·

99 510 103 521 ¹
208 481 343 554 etiamsi
360 500 433 546 non
450 499 573 545 omnes
591 475 657 566 ipsi
675 475 841 546 novimus
866 486 928 543 aut
948 473 1195 562 intelligimus,
1245 487 1422 557 cesseest,
1457 473 1540 565 quia
1563 468 1623 543 hic
1649 479 1778 546 modus
1800 481 2041 554 invocationis
2063 489 2236 577 preponi-

209 585 300 657 sicut
325 579 444 650 Moses
472 579 607 658 inians,
648 574 775 669 loseph
795 577 972 668 captivus,
1015 573 1133 645 David
1159 588 1193 645 et
1244 588 1314 645 tur.
1366 571 1561 666 'Praecepta
1594 589 1678 646 outa
1706 593 1811 654 sunt:
1852 581 1967 653 Petite
1986 597 2021 655 et
2045 589 2236 680 accipietis·

209 685 271 757 alii
288 681 484 766 innumeri,
509 677 850 750 mirabiliteraDeo
867 679 996 750 servati
1012 691 1045 746 et
1064 679 1196 771 guber·
1245 675 1349 744 ltem:
1385 673 1516 746 invoca
1533 700 1589 746 me
1612 678 1652 747 in
1678 680 1736 750 die
1758 683 2012 759 tribulationis.
2077 688 2235 763 Promis-

210 788 286 860 nati
301 797 403 866 sunt,
429 796 462 855 et
478 783 581 875 plena
595 797 677 854 sunt
694 782 947 853 miraculorum
967 783 1087 850 omnia
1107 802 1199 873 quae
1245 779 1363 848 siones
1391 778 1498 849 etiam
1528 780 1664 853 multae
1692 783 1820 873 passim
1833 801 1976 881 extant,
2012 791 2074 860 sed
2106 793 2149 861 in
2171 788 2235 866 bor

209 901 349 987 gemm,
1247 882 1325 972 ipso
1339 880 1417 950 loco
1433 881 1622 976 praecipua
1636 885 1818 957 recitatur:
1845 887 2029 984 Quicquid
2053 896 2180 985 petetis
2198 896 2234 967 in

1247 984 1395 1053 nominc
1408 1004 1487 1052 mco
1494 1032 1506 1067 ‚
1535 979 1602 1053 hoc
1615 985 1754 1059 faciem.

345 1161 353 1177 ¹
376 1163 383 1177 .
1348 1081 1417 1155 Sed
1435 1089 1615 1177 quomodo
1632 1088 1866 1162 discernenda
1886 1093 1934 1165 sit
1946 1106 2069 1166 nostra
2093 1097 2235 1170 iuvoca-

317 1171 419 1241 ntes,
447 1168 508 1234 alc.
548 1256 552 1271 ,
1248 1184 1298 1255 tio
1319 1187 1364 1254 ab
1380 1181 1532 1255 Ethuica
1541 1238 1553 1271 ,
1583 1185 1818 1263 Mahometiea
1846 1209 1884 1267 et·
1908 1194 2072 1284 iudaice,
2105 1201 2144 1270 id
2173 1204 2235 1287 ἀοι,

312 1295 464 1368 Causam
482 1288 601 1373 addit,
633 1312 697 1358 cur
724 1290 866 1357 futurus
888 1288 934 1358 sit
949 1287 1070 1356 efficax
1090 1297 1125 1355 et
1142 1306 1198 1355 sa·
1248 1301 1327 1356 cent
1351 1283 1436 1357 haec
1461 1293 1588 1359 verba:
1637 1291 1677 1361 lu
1708 1298 1855 1366 nomine
1877 1323 1968 1375 meo.
2028 1296 2083 1371 Ac
2106 1304 2233 1394 duplex

128 1414 130 1419 '
211 1400 338 1470 lutaris
353 1416 475 1468 cursus
493 1390 769 1484 Apostolorum,
804 1413 868 1460 cur
885 1412 1010 1479 magna
1027 1388 1197 1458 miracula
1247 1390 1437 1458 discrimen
1462 1405 1533 1481 est,
1575 1392 1724 1462 alterum
1746 1399 1792 1465 de
1818 1401 1986 1483 essentia,
2016 1404 2170 1474 alterum
2193 1409 2234 1477 de

211 1502 339 1573 facturi
355 1502 445 1577 sint,
472 1509 506 1565 et
522 1519 575 1564 res
593 1495 762 1564 salutares
778 1491 950 1565 effecturi.
1249 1491 1431 1561 voluntate
1447 1489 1524 1567 Dei.
1558 1490 1635 1563 Etsi
1649 1497 1745 1565 enim
1762 1494 1928 1587 Ethnici,
1954 1501 2234 1594 Mabometistse,

314 1601 428 1690 Quia,
461 1597 599 1689 inquit,
634 1617 698 1685 ego
718 1596 809 1663 vado
832 1595 876 1662 ael
901 1607 1054 1685 patrem,
1079 1591 1198 1677 idest,
1248 1607 1309 1664 aut
1337 1592 1458 1663 ludaei
1491 1596 1648 1666 fatentur
1674 1622 1788 1670 unum
1817 1605 1973 1697 sliquem
2007 1630 2084 1678 esse
2111 1609 2235 1697 Deum,

213 1707 296 1802 quia
328 1728 390 1793 ego
422 1713 606 1792 postquam
636 1698 818 1765 redemero
851 1692 1048 1766 humanum
1074 1715 1197 1783 genus,
1248 1696 1467 1766 conditorem
1483 1699 1570 1766 coeli
1589 1713 1622 1768 et
1640 1713 1763 1788 terrae,
1785 1718 1821 1775 et
1837 1706 1987 1778 aliarum
2001 1732 2122 1781 rernm
2140 1734 2235 1783 cres-

209 1830 288 1878 mea
313 1818 426 1874 morte
453 1801 677 1869 resuscitatus
699 1799 853 1887 regnabo
881 1822 951 1868 una
981 1821 1060 1867 cum
1086 1809 1196 1885 patre,
1249 1814 1383 1882 tarum,
1409 1812 1529 1867 tamen
1548 1823 1622 1869 nou
1647 1806 1795 1877 creduut
1812 1804 1949 1889 Deum,
1981 1826 2022 1883 ut
2043 1835 2081 1882 se
2107 1814 2235 1901 pateis-

211 1913 319 1978 adcro
340 1905 459 1988 vobis,
491 1902 763 1992 eroopitulator
784 1913 817 1970 ct
841 1900 995 1971 effector.
1047 1893 1094 1967 Et
1115 1922 1197 1966 mox
1249 1901 1315 1984 cit,
1340 1922 1406 1969 nec
1422 1901 1665 1970 assentiuntur
1685 1898 1780 1974 hunc
1796 1932 1870 1979 esse
1885 1934 1965 1981 vere
1981 1910 2098 1983 Deum
2113 1906 2233 1985 condi-

212 2011 356 2080 additur
378 2003 564 2098 promissio
588 2027 677 2095 quae
707 2003 859 2072 duarum
887 2001 1120 2071 maximarum
1142 2024 1198 2069 re·
1250 2018 1383 2082 torem,
1408 2004 1473 2100 qui
1487 2004 1582 2071 misit
1598 2005 1712 2075 lilium
1734 2011 1921 2083 dominnm
1939 2033 2103 2085 nostrum
2122 2015 2233 2087 lesum

141 2114 146 2121 '
211 2136 294 2183 rum
326 2108 527 2180 testimonia
558 2105 726 2178 continet.
785 2102 945 2173 Primum
970 2105 1071 2172 ducet
1090 2096 1197 2172 Chri·
1247 2102 1449 2188 Christum,
1481 2105 1686 2177 crucifixum
1712 2132 1776 2196 pro
1797 2116 1902 2183 uobis
1923 2129 1958 2185 et
1979 2118 2232 2191 resuscitatum.

212 2233 305 2284 stum
324 2227 449 2284 natura
465 2207 580 2280 Deum
596 2231 680 2280 esse.
713 2204 775 2274 Bis
792 2206 908 2296 inquit
923 2200 1099 2286 Christus,
1124 2227 1198 2272 sese
1248 2207 1319 2276 Sed
1338 2219 1511 2296 vagantur
1525 2208 1672 2292 animis,
1704 2234 1769 2282 nec
1789 2217 2009 2290 constituunt
2027 2221 2114 2312 qnid
2137 2222 2233 2293 invo-

211 2319 499 2392 lacturumesse,
530 2309 697 2403 quicquid
724 2308 809 2399 petit
829 2305 1001 2376 Ecclesia:
1047 2306 1198 2374 affirmat
1249 2321 1348 2391 cent,
1381 2308 1466 2400 qnid
1487 2309 1534 2378 sit
1557 2308 1617 2377 ille
1640 2308 1754 2394 Deus,
1793 2335 1853 2389 aut
1875 2343 1945 2410 quo
1975 2323 2233 2395 testimoniare

212 2444 296 2506 ergo
319 2442 354 2486 se
379 2414 543 2486 exaudire
572 2424 772 2503 precantes,
812 2424 847 2479 et
872 2410 978 2477 corda
1010 2403 1197 2477 huminum
1250 2410 1469 2502 patefecerit,
1505 2433 1611 2503 quem
1634 2432 1820 2504 quaerunt.
1880 2422 1965 2490 ldeo
1988 2418 2139 2493 Eehnici
2167 2438 2231 2496 tem

212 2519 463 2609 introspicere,
490 2530 524 2584 et
538 2513 736 2582 effectorem
752 2535 824 2579 esse
839 2510 1000 2581 omnium
1017 2511 1199 2580 liberatio·
1250 2512 1347 2580 varia
1378 2511 1526 2581 numina
1563 2516 1779 2602 excogitent,
1828 2522 1918 2592 alius
1950 2525 2051 2610 lingit
2084 2526 2234 2597 inveniri

213 2647 321 2705 uum,
345 2643 435 2714 quae
451 2616 554 2686 nobis
569 2615 740 2684 divinitus
762 2615 953 2687 donantur.
1003 2608 1099 2681 Haec
1116 2626 1199 2682 sunt
1251 2613 1365 2683 Deum
1384 2612 1482 2682 cultu
1498 2612 1672 2700 Palladis,
1699 2619 1791 2689 alius
1808 2625 1905 2692 cultu
1923 2622 2123 2717 Apollinis,
2150 2630 2233 2700 aliut

213 2738 361 2794 naturae
383 2716 655 2810 omnipotentis,
681 2717 823 2784 divinae
839 2730 872 2786 et
887 2715 1074 2787 creatricis.
1126 2711 1199 2782 Nec
1249 2713 1484 2799 euleolovis,
1510 2712 1714 2789 aliuscultu
1734 2721 1873 2795 Martis.
1924 2723 2097 2799 Prohibet
2120 2747 2231 2801 autem

212 2827 319 2915 longa
336 2823 573 2893 declaratione
588 2842 677 2911 opus
695 2831 746 2886 est
763 2818 800 2885 in
816 2814 883 2887 hoc
902 2814 1121 2901 testimonio,
1147 2829 1205 2884 est·
1247 2817 1346 2886 Deus
1363 2817 1413 2886 sic
1430 2818 1719 2919 negotiabimus,
1747 2839 1782 2894 et
1804 2828 1923 2916 alligat
1944 2853 2011 2900 nos
2036 2833 2081 2900 ad
2106 2835 2232 2923 pateis-

211 2930 308 2998 eoim
332 2927 574 3019 perspicuum,
612 2934 749 2990 tantum
779 2922 977 2988 monendus
1006 2931 1057 2986 est
1077 2918 1199 3000 lector,
1249 2920 1403 2991 ctionem
1431 2922 1530 2988 etad
1555 2914 1801 3010 tumultum,
1835 2944 1873 3000 ut
1897 2933 2154 3020 supradictum
2171 2949 2231 3005 este

212 3045 254 3100 ut
269 3033 442 3121 expendat
458 3043 492 3097 et
506 3048 622 3094 secum
647 3023 887 3103 circumierat,
914 3043 954 3088 ac
977 3042 1079 3109 saepe
1102 3019 1198 3109 cogi·
1251 3021 1323 3110 Qui
1344 3021 1442 3091 videt
1458 3044 1535 3104 me,
1560 3021 1655 3095 vialet
1674 3038 1818 3113 patrem.
1871 3028 1918 3101 Et
1941 3029 1999 3102 hie
2022 3035 2172 3106 dicitur:
2195 3034 2231 3105 ln
2254 3056 2257 3095 ι

213 3145 282 3216 tet,
314 3133 363 3202 sic
393 3127 612 3222 supradixit
637 3114 712 3215 cap.
738 3120 790 3193 5.:
834 3121 939 3192 Pater
969 3144 1200 3212 mensusque
1250 3124 1396 3192 nomine
1411 3146 1508 3206 meo,
1535 3122 1571 3190 id
1586 3139 1655 3193 est:
1683 3128 2031 3204 AcceditcadDeum
2049 3161 2107 3205 me
2122 3137 2257 3209 nomi-¹

211 3237 319 3301 morlo
340 3246 529 3325 operatur,
555 3241 588 3297 et
606 3251 669 3315 ego
685 3248 824 3315 operor.
866 3221 973 3305 item,
998 3245 1088 3314 quae
1102 3236 1200 3314 pater
1251 3239 1355 3310 nato,
1380 3247 1442 3293 seu
1457 3226 1597 3314 agnito,
1624 3221 1720 3296 hunc
1734 3230 1849 3302 Deum
1868 3235 2029 3307 invocate
2045 3239 2108 3330 qui
2126 3263 2163 3310 se
2178 3264 2232 3332 pa-

215 3339 323 3414 iacit,
349 3334 484 3404 haeret
501 3332 593 3400 lilius
608 3328 771 3397 similiter
788 3326 880 3395 iacit.
929 3322 1026 3393 Haec
1050 3337 1084 3392 et
1099 3325 1200 3393 simi·
1251 3329 1369 3398 telecit
1386 3350 1449 3418 per
1464 3351 1540 3411 me,
1566 3341 1601 3396 et
1617 3351 1673 3398 me
1690 3333 1803 3403 voluit
1821 3338 1864 3404 ael
1880 3360 1943 3407 vus
1960 3341 2114 3425 perferre
2136 3346 2231 3412 suun
2252 3366 2257 3395 ¹

213 3439 262 3505 lia
279 3437 371 3505 <licta
386 3438 457 3505 sint
472 3435 725 3520 inconspectn,
750 3443 790 3498 ut
810 3451 875 3494 nos
891 3429 1057 3495 adversus
1072 3426 1200 3516 impios
1252 3431 1418 3512 verbum,
1451 3452 1522 3520 quo
1547 3453 1627 3498 vere
1650 3431 1896 3509 innotesceret.
1947 3437 2090 3511 Deinde
2110 3444 2158 3512 de
2175 3466 2257 3513 eos*

214 3542 353 3608 sorores
374 3534 596 3609 samosateni
620 3545 655 3600 et
673 3528 751 3600 Arii
775 3529 996 3612 muniamus,
1031 3541 1065 3597 et
1091 3551 1200 3615 agno·
1251 3531 1387 3600 luntate
1415 3544 1536 3602 errant
1563 3555 1686 3601 omnes
1711 3553 1832 3624 gentes
1863 3540 2006 3628 ignarae
2038 3540 2231 3636 Evangelii,

214 3665 351 3710 scamus
375 3640 486 3707 blium
509 3636 575 3706 Dei
598 3648 723 3702 natura
744 3630 877 3714 Deum,
918 3630 1200 3718 etomnipoteo·
1251 3634 1333 3726 quia
1353 3657 1425 3701 non
1442 3647 1596 3724 norunt,
1622 3658 1667 3703 au
1690 3652 1726 3707 et
1750 3663 1815 3710 cur
1838 3647 2091 3716 exaudiantur:
2117 3648 2257 3720 Eccita*

214 3757 338 3814 temet
363 3732 565 3835 ὁμοούσιον
590 3759 662 3804 esse
688 3734 799 3826 patri,
837 3747 871 3802 et
896 3757 976 3801 eum
1000 3733 1201 3802 vereinvo·
1251 3737 1301 3804 sia
1317 3736 1381 3807 scit
1398 3736 1648 3827 promissiones
1662 3742 1761 3808 datas
1785 3766 1858 3812 esse
1879 3760 2024 3835 propter
2045 3750 2181 3835 lilium,
2200 3762 2233 3825 sl

213 3870 343 3915 centus.
394 3844 469 3913 Nisi
485 3841 577 3911 enim
602 3834 688 3907 hacc
715 3827 887 3907 sententia
906 3835 1101 3921 retinetur,
1125 3857 1200 3903 non
1251 3840 1318 3908 scit
1335 3833 1432 3907 hunc
1449 3838 1677 3907 mediatorem
1695 3846 2025 3934 constitutumesse,
2040 3868 2257 3942 etoosprsn

214 3963 329 4040 potest
347 3947 421 4017 lieri
439 3942 627 4013 invocatio.
1252 3954 1329 4030 pter
1346 3965 1426 4009 eum
1442 3941 1619 4023 exaudiri,
1652 3964 1726 4011 non
1751 3962 1896 4038 propter
1910 3967 2070 4021 nostram
2086 3956 2233 4045 dignita·
2252 3980 2257 3997 ²

316 4050 496 4121 Secundo:
526 4042 623 4113 Haec
644 4039 829 4130 promissio
849 4039 886 4106 in
902 4053 998 4108 textu
1013 4039 1119 4108 docet
1136 4060 1201 4106 nos
1251 4057 1332 4112 tem.
1395 4040 1435 4110 ld
1461 4040 1564 4110 etiam
1588 4045 1690 4114 docet
1714 4043 1797 4116 baec
1825 4053 2018 4123 sententia:
2059 4054 2252 4152 Quicquid.

213 4156 257 4222 de
273 4153 515 4233 invocatione,
540 4145 720 4240 quomodo
736 4140 894 4210 iacienda
912 4143 974 4223 sit,
1000 4154 1034 4210 et
1051 4141 1202 4210 alfirmut
1225 4232 1229 4241 ⁴
1253 4144 1424 4235 petieritis
1440 4158 1573 4233 patrem
1591 4145 1629 4213 in
1648 4149 1793 4217 numine
1808 4176 1907 4235 meo,
1933 4155 1969 4224 id
1992 4171 2064 4238 est,
2094 4180 2154 4227 me
2175 4182 2257 4228 no·÷

212 4255 322 4346 recipi
340 4270 475 4324 nostras
490 4271 627 4343 preces,
662 4259 696 4315 et
720 4259 814 4313 certo
839 4244 1028 4332 impetrare
1050 4267 1088 4311 ea
1110 4267 1201 4334 quae
1225 4244 1229 4305 l
1253 4249 1447 4331 minantes,
1472 4260 1507 4315 et
1527 4270 1582 4313 me
1600 4266 1826 4336 agnoscentes
1844 4257 2072 4327 mediatorem
2087 4261 2233 4331 interce·

212 4357 378 4449 petimus.
429 4354 578 4442 Quoties
595 4348 747 4419 dicimus
762 4360 900 4415 nostras
925 4368 1065 4434 preces,
1099 4369 1201 4435 repe·
1253 4351 1395 4417 dentem
1427 4371 1492 4436 pro
1525 4349 1626 4418 vobis
1659 4355 1754 4441 apud
1792 4371 1936 4443 patrem.
1995 4357 2096 4432 Haec
2120 4363 2234 4436 omnic

213 4474 329 4529 tamus
345 4454 413 4527 hoc
428 4457 580 4535 dictum,
606 4464 641 4521 et
655 4451 872 4540 languentes,
898 4447 1113 4530 dubitantes,
1142 4447 1201 4514 fu·
1252 4451 1415 4543 quotidie
1431 4451 1576 4538 cogitari
1596 4452 1634 4521 io
1654 4453 1876 4526 invocatione
1895 4483 2033 4531 necesse
2048 4479 2113 4540 est.
2225 4496 2228 4501 ·

212 4563 361 4652 gitantes
387 4559 523 4625 animos
546 4554 747 4625 excitemus.
808 4547 886 4619 Hac
910 4549 1026 4636 ampla
1048 4548 1202 4638 promis-
1355 4550 1509 4641 Quarto:
1536 4548 1700 4639 Accedat,
1726 4557 1799 4628 imo
1817 4562 2015 4649 praeluceat
2032 4566 2130 4652 fides,
2153 4571 2235 4660 quse

211 4667 313 4732 sione
337 4656 514 4732 trahimur
533 4659 577 4725 ad
604 4654 734 4737 Deum,
774 4667 807 4722 et
840 4653 1005 4723 invocare
1026 4650 1202 4733 iubemur,
1252 4667 1382 4724 statuat
1402 4656 1445 4724 de
1461 4654 1668 4724 remissione
1684 4675 1922 4752 peccatorum,
1948 4668 2237 4762 donata'proptq

212 4767 495 4855 obtemperemus
534 4758 658 4846 igitur,
699 4769 733 4825 et
762 4757 968 4823 accedemus
998 4752 1042 4820 ad
1072 4749 1202 4840 Deum,
1252 4751 1450 4830 Christum.
1492 4753 1582 4823 Nam
1597 4781 1698 4827 mens
1715 4763 1829 4832 donec
1844 4765 1935 4853 fugit
1956 4766 2069 4838 Deum
2086 4794 2238 4843 neem

212 4871 302 4940 sicut
317 4863 404 4937 baec
420 4889 486 4933 vor
503 4856 640 4930 Christi
655 4859 817 4926 accedere
832 4859 945 4927 ducet.
985 4853 1129 4923 Dictum
1148 4867 1201 4923 est
1254 4858 1309 4927 dit
1331 4857 1575 4927 remissionem
1596 4876 1837 4949 pcccatorum,
1874 4889 2097 4962 nequaquam
2124 4875 2237 4947 statuit

212 4997 319 5065 supra
336 4972 374 5038 in
391 4965 590 5059 precatione
608 4961 765 5052 quinque
781 4981 836 5025 res
858 4979 1069 5026 concurrere
1093 4978 1201 5045 opor·
1253 4959 1362 5047 recipi
1386 4981 1503 5048 preces
1527 4981 1618 5029 suas.
1681 4963 1763 5034 ideo
1784 4990 1923 5038 necesse
1947 4988 2000 5041 est
2021 4967 2117 5059 hanc
2138 4977 2239 5047 fidem

212 5090 306 5167 tere,
332 5070 581 5162 cogitationem
603 5065 649 5132 de
665 5073 866 5152 praecepto,
900 5059 1133 5148 promissione
1156 5061 1201 5127 de
1254 5061 1468 5149 praelucere,
1494 5062 1538 5128 de
1553 5084 1622 5152 qua
1638 5062 1770 5137 Patrius
1785 5069 1872 5138 elicit
1888 5070 1931 5139 ad
1949 5070 2058 5149 Rom.
2075 5073 2131 5151 6.:
2156 5077 2241 5149 Fide

210 5174 307 5263 Deo,
341 5181 384 5246 ad
410 5195 514 5267 quem
539 5158 705 5254 dirigitur
728 5162 927 5243 invocatio,
971 5160 1201 5228 discernenda
1254 5156 1426 5231 habemus
1440 5185 1616 5232 accessum
1633 5169 1677 5234 ad
1694 5166 1807 5238 Deum
1828 5196 1889 5261 per
1904 5171 2094 5251 Christum.
2149 5178 2243 5253 Here

213 5284 257 5344 ab
285 5274 571 5347 invocationibus
608 5264 770 5334 omnium
810 5263 968 5352 gentium
997 5261 1200 5350 impiarum,
1255 5264 1328 5354 ipsa
1344 5266 1506 5334 doctrina
1522 5265 1650 5335 deiide
1667 5270 1771 5339 etiam
1797 5272 2116 5361 conlprehenditur
2130 5282 2170 5351 in
2188 5285 2243 5353 di·

213 5383 297 5453 item
314 5384 360 5449 de
375 5379 460 5461 fide,
486 5373 578 5444 etde
593 5393 630 5440 re
647 5368 810 5460 petenda.
862 5361 965 5432 Hanc
984 5363 1200 5459 doctrinam,
1254 5381 1311 5435 cto
1339 5362 1445 5437 buius
1475 5367 1562 5439 loci:
1605 5366 1789 5465 Quicquid
1814 5375 1986 5472 petieritis
2026 5375 2245 5457 innomine

262 1056 366 1159 Quia
383 1081 448 1152 ego
463 1049 558 1125 vado
579 1047 635 1124 ad
649 1059 811 1151 patrem,
836 1060 869 1125 et
890 1045 1070 1150 quicquid
1087 1050 1198 1149 petie-
