4522 5782
71 222 147 307 ttt

440 176 550 299 'xta
602 207 904 301 usaaatt‘to
932 222 984 300 ur
1008 212 1194 301 avano.
1220 211 1432 297 ioannis.
1490 222 1600 295 cae.
1625 211 1712 298 vu.-

1915 196 2110 301 'aas

73 400 108 469 in
125 418 165 467 ce
188 392 411 495 iniustipiam
433 416 525 479 esse,
567 408 602 465 et
623 418 745 467 verum
778 410 828 466 est
852 398 896 465 de
917 397 1062 469 caeteris
1111 406 1323 563 taeprgutae
1345 394 1635 491 consequentiae,
1670 416 1757 489 quas
1779 406 1952 490 quantum
1979 388 2113 490 potero'

1111 520 1176 588 exp
1194 496 1304 567 icabo.

1213 595 1331 665 Prima
1353 590 1440 664 haec
1470 610 1538 668 est:
1578 594 1809 695 Circumcisio
1838 612 1888 669 est
1917 624 2006 691 opus
2035 626 2101 701 pa-

1109 710 1224 783 trum,
1256 711 1429 769 ettamen
1458 713 1634 781 servatur,
1676 724 1750 770 non
1776 702 1937 772 obstante
1958 703 2033 793 lege
2053 707 2099 774 de

74 496 374 579 homiuibusuou
397 520 499 589 posse
522 497 610 565 dici:
636 511 754 567 tamen
778 502 822 567 de
837 495 979 569 Christo
999 525 1061 567 ne-

71 598 214 673 cessaria
239 594 502 669 baecdoctrina
529 612 598 683 est,
630 601 692 689 qui
716 624 752 668 se
774 601 905 669 talibus
928 601 1060 671 descri-

70 702 251 797 ptionibus
265 702 438 771 discernit
453 702 498 770 ab
514 701 681 771 omnihus
696 697 915 777 hominihus.

162 836 375 925 Diligenter
390 850 505 927 autem
523 836 777 905 consideranda
794 851 845 906 est
864 830 1059 920 antithesis,

71 935 139 1029 Ego
155 962 239 1007 sum
257 940 389 1009 iustus:
414 936 527 1007 Nemo
544 952 698 1006 vestrum
715 940 798 1008 facit
822 940 930 1027 legem
950 937 1057 1010 Mosi.

69 1038 133 1113 llec
148 1040 348 1131 disputabo
370 1040 536 1111 subtilius
559 1041 604 1108 de
627 1034 692 1109 hac
717 1040 910 1109 universali
927 1064 1057 1130 propo·

69 1142 212 1227 titione,
239 1143 304 1211 etsi
324 1166 447 1211 verum
469 1154 539 1224 est,
577 1164 699 1209 omnes
718 1156 855 1230 praeter
875 1138 1054 1213 Christum

70 1238 193 1313 babere
210 1259 373 1333 peecata,
399 1244 460 1313 sed
482 1255 601 1312 tamen
625 1237 684 1311 hic
705 1243 744 1311 lit
765 1243 906 1313 collatio
921 1238 1055 1312 Christi

71 1340 294 1417 ethostium:
328 1344 440 1415 Nemo
457 1370 498 1413 ex
515 1344 634 1428 vobis,
659 1344 799 1437 inquit,
826 1346 909 1414 facit
931 1344 1054 1433 legem.

68 1442 110 1519 Bt
125 1450 280 1517 damnat
300 1440 386 1515 haec
409 1471 475 1515 vox
499 1469 623 1514 omnes
645 1447 778 1524 cultus,
818 1445 1054 1534 disciplinam,

70 1547 225 1620 exercitia
262 1548 406 1617 virtutis
433 1548 470 1615 in
503 1542 664 1617 hostibus
695 1542 849 1627 Christi,
899 1548 988 1617 sicut
1020 1560 1055 1616 et

70 1648 190 1720 Mm-
209 1644 273 1722 16.
290 1649 438 1719 dicitur:
463 1647 544 1719 Non
561 1672 697 1719 sumam
715 1650 859 1718 nomina
875 1673 996 1717 eorum
1015 1648 1051 1716 in

71 1752 153 1833 labis
173 1774 270 1820 mea.
325 1748 429 1821 ltetu:
470 1746 551 1820 Fiat
576 1751 689 1821 oratio
714 1775 836 1819 eorum
861 1734 1053 1840 peccatuni,
1124 1817 1133 1833 ‚

71 1852 189 1927 Palm.
208 1850 299 1927 109.
323 1848 518 1923 Damnatae
532 1867 616 1922 scrut
630 1876 753 1921 omnes
776 1865 905 1936 sectae,
932 1849 1053 1920 ludai-

72 1980 118 2041 α,
141 1950 401 2038 Mahometica,
425 1950 620 2034 Haeretici,
647 1954 848 2021 defensores
862 1953 1053 2036 idolorum,

73 2056 217 2151 denique
232 2079 357 2125 omnes
381 2069 578 2145 pugnantes
598 2079 677 2123 curu
696 2050 911 2143 Evangelio,
937 2068 971 2124 et
988 2054 1052 2122 tri-

74 2160 185 2231 unitur
200 2152 273 2226 hoc
290 2156 424 2226 crimen
440 2157 625 2225 omnibus:
662 2155 842 2244 Quaeritis
861 2180 916 2223 me
942 2156 1050 2225 iuter-

74 2260 181 2345 bere,
208 2259 248 2327 id
266 2272 340 2338 est,
365 2282 487 2327 omnes
503 2260 628 2326 ardent
644 2258 726 2325 odio
743 2253 876 2326 Christi
893 2272 927 2327 et
941 2280 1052 2324 mem-

75 2362 208 2435 brorum
226 2359 325 2443 eius,
350 2372 386 2429 et
407 2358 555 2449 cupiunt
578 2359 716 2448 explere
740 2360 821 2427 odia
845 2361 949 2427 caede
970 2381 1052 2426 san-

10 2488 18 2503 ·
76 2476 211 2538 dorum.
264 2459 423 2531 Miretur
436 2460 592 2531 fortassis
609 2461 736 2553 aliquis
753 2455 820 2529 hoc
836 2461 991 2545 dictum,
1017 2472 1051 2528 et

10 2600 23 2619 ·
75 2566 239 2638 existimet
257 2587 335 2633 non
356 2575 491 2634 tautam
513 2585 586 2631 esse
610 2562 853 2632 crudelitatem
875 2563 913 2630 in
934 2558 1052 2631 homi·

10 2686 24 2700 ·
75 2667 176 2742 uibus.

158 2800 233 2874 Sed
258 2792 422 2871 Christus
443 2800 521 2871 vult
547 2822 614 2869 nos
645 2800 940 2869 commonefactus
965 2819 1050 2880 csse,

77 2904 227 2977 tultuus
250 2902 360 2985 scire,
398 2924 504 2994 quam
536 2924 678 2971 saevum
703 2896 839 2971 hostem
861 2896 1051 2969 habeamus

10 3081 30 3106 Β
74 3006 265 3089 diabolum,
291 3018 329 3071 ut
347 3003 457 3073 simus
472 3004 715 3101 vigilantiores
736 3004 773 3070 in
796 3002 962 3069 omnihus
988 3025 1051 3066 ne-

10 3109 12 3115 ’
72 3109 179 3198 puts,
205 3128 302 3199 quae
317 3104 422 3173 nobis
436 3105 655 3177 suturasunt
676 3128 754 3173 cum
773 3100 960 3189 Evangelii
984 3097 1051 3169 ho-

12 3270 27 3299 ,
70 3211 189 3295 stibus,
212 3220 250 3277 et
266 3206 418 3275 sciamus
433 3229 493 3289 eos
515 3230 589 3275 non
612 3206 797 3291 consulere
817 3206 961 3275 utilitati
980 3199 1050 3272 Ec·

11 3302 25 3397 J
68 3312 201 3397 elesius,
229 3308 338 3378 etiam
355 3331 435 3385 cum
452 3303 520 3377 boc
536 3309 718 3379 simulant.
757 3305 947 3399 Postquam
966 3328 1049 3372 vero

10 3402 21 3417 ⁸
65 3410 223 3489 Christus
236 3433 297 3479 eos
311 3408 426 3497 argrrit
451 3404 655 3493 homicidii,
682 3409 751 3497 ipsi
771 3411 908 3477 addunt
929 3430 1051 3497 pecca-

10 3504 17 3529 '
63 3530 131 3585 tum
158 3514 301 3595 maius,
342 3510 475 3579 scilicet
506 3506 781 3600 blasphemiam,
821 3534 901 3577 eum
932 3508 1049 3577 aiunt:

63 3614 301 3687 llcemonium
321 3606 448 3694 habes,
481 3606 567 3683 haec
587 3607 805 3703 blasphemia
831 3611 965 3680 indicio
989 3625 1051 3695 cst,

63 3740 127 3815 quo
141 3712 278 3810 spiritu
291 3729 454 3805 agantur.

189 3884 247 3975 Iu
268 3896 429 3972 sabbato
447 3892 708 3969 circumciditis
723 3891 922 3972 hominem.

154 4054 280 4129 Mults
319 4050 525 4153 grauissima
551 4059 767 4140 'argumenta
805 4050 1051 4140 complectitur

1109 801 1275 880 sabbato,
1302 823 1384 887 ergo
1401 799 1456 868 lex
1476 805 1520 869 de
1543 803 1688 872 sabbato
1709 828 1783 871 non
1809 827 1954 893 prorsus
1975 808 2097 876 omnia

1108 926 1213 993 opera
1238 898 1414 991 prohibet.
1466 902 1628 973 Secunda
1653 907 1923 998 consequentia,
1951 920 2094 996 patrum

1107 1028 1196 1093 opus
1211 1005 1406 1073 antefertur
1417 1002 1484 1092 legi
1500 1007 1544 1073 de
1560 1008 1724 1088 sabbato,
1750 1030 1831 1095 ergo
1856 1007 1968 1077 multo
1986 1004 2097 1096 ma'gis
2217 1056 2220 1061 -

1107 1130 1223 1174 cneum
1241 1129 1329 1195 opus
1345 1104 1610 1175 anteferendum
1629 1122 1699 1195 est,
1726 1110 1808 1199 quia
1825 1106 1973 1177 Messias
1990 1133 2094 1200 prae·

1106 1207 1257 1276 stantior
1279 1220 1330 1276 cst
1355 1206 1532 1295 patribus,
1560 1222 1703 1300 etopus
1725 1208 1895 1289 Messiae‚
1923 1213 2018 1302 quod
2043 1223 2094 1280 cst

1107 1333 1179 1376 non
1196 1308 1311 1378 solum
1326 1308 1473 1393 sacratio,
1502 1312 1560 1378 sed
1580 1310 1685 1379 simul
1706 1311 1852 1381 donatio
1869 1311 1962 1381 vitae
1979 1328 2092 1382 aeter-

1105 1434 1170 1478 nae
1192 1423 1243 1478 cst
1265 1410 1514 1500 praestantius,
1550 1435 1653 1503 quam
1676 1414 1907 1487 circumcisio.
1968 1412 2092 1484 Tertia
2213 1412 2216 1419 ’

1105 1507 1191 1580 haec
1206 1524 1272 1581 est:
1298 1510 1370 1580 Les
1388 1511 1461 1600 ipsa
1476 1514 1568 1601 cogit
1582 1516 1752 1604 quaedam
1769 1539 1874 1603 opera
1890 1513 1928 1583 iu
1944 1516 2091 1586 sabbato

1103 1614 1236 1692 facere,
1262 1627 1301 1681 ut
1317 1613 1535 1682 circumcisio
1550 1616 1708 1684 iacienda
1725 1629 1775 1684 est
1799 1616 1837 1683 in
1852 1618 2019 1701 sabbato,
2044 1638 2091 1685 ne

1104 1715 1156 1783 lex
1173 1714 1350 1798 solvatur,
1376 1714 1557 1800 videlicet,
1583 1741 1672 1807 quae
1695 1717 1864 1808 praecipit
1880 1720 1924 1787 de
1938 1718 2090 1787 circum-

1103 1817 1252 1899 cisione,
1278 1815 1328 1885 sic
1355 1815 1410 1884 lex
1429 1818 1472 1885 de
1495 1821 1652 1887 sanando
1675 1834 1708 1889 et
1731 1819 1900 1889 salvando
1926 1820 2088 1911 proximo

1102 1919 1263 1987 iacienda
1288 1930 1337 1985 cst
1354 1918 1391 1984 in
1410 1921 1575 2003 sabbato,
1601 1944 1646 1988 ne
1667 1920 1723 1989 lex
1743 1921 1919 2006 solvatur,
1946 1920 2090 2006 scilicet,

1103 2042 1193 2113 quae
1207 2021 1307 2088 docet
1325 2018 1438 2087 officia
1454 2022 1647 2088 necessaria
1664 2023 1877 2095 dilectionis.

1202 2117 1293 2189 Cum
1316 2135 1532 2191 concurrunt
1554 2124 1643 2190 darae
1668 2125 1778 2213 leges,
1804 2124 1970 2192 alterode
1991 2146 2089 2192 cere·

1102 2221 1240 2306 monia,
1262 2220 1370 2290 altera
1387 2224 1430 2289 de
1446 2224 1640 2292 necessario
1657 2224 1772 2293 officio
1788 2224 2005 2309 dilectionis,
2032 2250 2088 2304 ce-

1101 2324 1156 2392 dit
1179 2326 1375 2392 ceremonia
1405 2324 1604 2409 dilectioni,
1636 2340 1732 2396 extra
1756 2350 1873 2396 casum
1897 2326 2088 2396 consessio-

1102 2425 1168 2493 nis.
1202 2422 1304 2493 Hanc
1322 2425 1476 2513 regulam
1494 2428 1639 2495 tradunt
1657 2422 1871 2525 Prophetae,
1897 2441 1931 2496 et
1947 2426 2086 2498 dicunt:

1103 2525 1387 2596 Misericordiam
1405 2528 1507 2611 volo,
1534 2552 1607 2596 uon
1624 2530 1842 2598 sacrificium.
1879 2530 1971 2598 Cum
1988 2554 2086 2597 exer-

1102 2628 1190 2697 citus
1205 2623 1376 2697 Antiochi
1394 2629 1431 2695 in
1448 2631 1593 2699 sabbato
1619 2630 1802 2699 invaderet
1819 2628 1985 2713 ludaeos,
2012 2644 2087 2701 erat
2206 2672 2209 2677 ·

1102 2729 1255 2797 officium
1278 2729 1492 2798 defensionis
1516 2733 1762 2806 necessarium.
1818 2730 1901 2801 ldeo
1924 2745 2017 2801 recte
2032 2730 2086 2801 fe-

1102 2832 1149 2902 cit
1164 2828 1413 2916 Maccahaeus,
1443 2857 1522 2900 cum
1540 2857 1581 2900 eo
1597 2834 1654 2900 elie
1674 2834 1835 2921 repressit
1852 2829 1978 2907 hostes.
2013 2830 2085 2903 Sed

1102 2933 1139 2999 in
1182 2955 1263 3000 casu
1292 2933 1524 3001 consessionis
1558 2935 1753 3023 praefertur
1783 2934 1964 3004 dilectioni
1991 2959 2088 3003 cerc-

1100 3033 1236 3102 monia:
1262 3047 1302 3102 ut
1327 3035 1443 3123 potius
1466 3037 1570 3104 dehet
1593 3034 1780 3105 Eleazarus
1801 3053 1950 3107 mortem
1977 3060 2086 3126 oppe-

1100 3148 1192 3219 tere,
1218 3158 1324 3228 quam
1342 3136 1434 3203 vesci
1448 3161 1553 3207 carne
1567 3137 1669 3205 suilla
1680 3189 1693 3220 ,
1719 3152 1816 3222 tunc,
1842 3162 1921 3206 cum
1937 3130 2086 3208 Etbnici
2141 3144 2144 3149 ⁴

1100 3238 1182 3329 ideo
1220 3236 1417 3327 postulant,
1467 3252 1507 3308 ut
1542 3253 1721 3324 vescatur,
1770 3254 1809 3309 ut
1844 3239 2087 3310 testimonium

1100 3340 1280 3422 ostendat,
1312 3361 1347 3405 se
1370 3338 1480 3427 legem
1504 3336 1572 3408 Dei
1596 3341 1764 3426 abiicere,
1805 3355 1840 3410 et
1860 3353 2086 3410 contemnere

1099 3438 1215 3509 Deum
1233 3434 1339 3508 hrains
1352 3438 1439 3528 legis
1452 3456 1621 3511 autorem.

1200 3538 1271 3611 Sed
1288 3536 1373 3609 baec
1388 3543 1580 3632 disputatio
1604 3547 1648 3612 de
1670 3544 1816 3613 sabbato
1838 3566 1942 3635 supra
1964 3543 2087 3636 copio-

1100 3642 1174 3712 sius
1197 3654 1343 3713 tractata
1367 3658 1437 3724 est,
1470 3657 1505 3713 et
1528 3644 1613 3736 quid
1636 3660 1711 3735 post
1737 3646 1899 3717 reiectam
1924 3646 2087 3738 politiam

1101 3742 1315 3827 Mosaicam,
1354 3757 1388 3814 et
1412 3744 1556 3815 reiectos
1587 3748 1703 3816 cultus
1724 3746 1903 3816 Leviticos
1929 3747 2087 3816 sentien-

1101 3848 1185 3915 dum
1203 3845 1248 3915 sit
1264 3847 1307 3913 de
1323 3847 1487 3932 sabbato,
1514 3862 1661 3918 constat.
1716 3845 1840 3917 Genus
1863 3849 1959 3918 tertii
1983 3872 2086 3938 prae·

1101 3946 1192 4036 cepti
1208 3947 1361 4015 retinere
1374 3950 1560 4030 debemus,
1588 3950 1768 4029 videlicet,
1795 3965 1835 4020 ut
1849 3949 2086 4018 ministerium

1102 4048 1284 4137 publicum
1323 4063 1569 4135 conservetur,
1618 4052 1704 4119 liarrt
1731 4074 1935 4138 congressus
1964 4050 2086 4143 aliquo

67 4160 233 4241 luntres,
258 4178 348 4249 quae
362 4165 637 4223 consentaneum
665 4166 753 4222 est'a
768 4147 911 4222 Christo
929 4153 1049 4242 copio·
1091 4166 1279 4249 tempore,
1330 4150 1419 4221 sicut
1447 4150 1580 4221 Paulus
1616 4153 1748 4245 inquit:
1797 4151 2088 4244 Quotiescunque

63 4266 128 4336 sius
148 4258 326 4351 explicata
349 4276 432 4324 esse.
489 4248 567 4323 Etsi
589 4268 706 4323 autem
729 4275 834 4343 supra
850 4275 924 4344 cap.
941 4249 976 4323 5.
994 4277 1050 4321 re·
1101 4229 1349 4326 conveneiitis.
1405 4248 1484 4322 Etsi
1511 4253 1605 4322 enirn
1626 4251 1783 4323 Ecclesia
1819 4252 2002 4322 dissimilis
2035 4268 2088 4324 est

63 4368 192 4437 lutatus
206 4360 332 4430 eedem
346 4355 545 4438 calumnia,
571 4366 688 4423 tamen
705 4354 836 4450 solutio
852 4379 893 4422 ex
910 4357 1051 4424 abstru-
1103 4354 1280 4441 imperiis,
1322 4368 1439 4425 tamen
1461 4352 1556 4423 Deus
1578 4378 1651 4424 non
1675 4354 1751 4422 vult
1775 4378 1850 4422 eam
1875 4355 2030 4443 ignotam
2053 4370 2089 4427 02
2200 4389 2207 4403 .

62 4469 149 4541 tiore
171 4459 341 4535 doctrina
363 4458 408 4527 de
429 4456 627 4540 creatione,
667 4469 702 4526 et
723 4458 768 4524 de
790 4455 969 4525 continuis
986 4453 1051 4525 Dei
1102 4454 1257 4523 abditam
1274 4478 1346 4524 esse
1364 4457 1400 4522 in
1415 4454 1578 4535 latebris,
1605 4458 1664 4523 sed
1688 4468 1726 4524 ut
1742 4457 1936 4527 innotescat
1955 4457 2087 4528 doctri·
2167 4486 2171 4493 ¹

61 4568 358 4663 operibussumta
382 4572 453 4643 est,
485 4557 650 4628 videlicet
671 4580 692 4626 a
715 4557 942 4627 distinctione
965 4582 1050 4646 ope·
1103 4580 1168 4636 na,
1202 4571 1236 4628 et
1259 4556 1329 4627 late
1356 4544 1553 4625 celebretu'r
1582 4580 1713 4625 nomen
1729 4552 1881 4642 Christi,
1914 4557 1993 4627 vult
2013 4583 2088 4628 esse

61 4696 134 4745 rnen
157 4665 231 4741 Dei
260 4676 297 4733 et
327 4656 584 4731 humanorum.
647 4655 843 4729 Sabbatum
884 4654 1051 4748 prohihet
1102 4651 1269 4727 honestos
1288 4671 1321 4727 et
1342 4658 1504 4748 publicos
1527 4681 1753 4747 congressus,
1788 4659 1824 4726 in
1849 4658 1979 4749 quibus
2000 4685 2088 4729 con-

63 4795 164 4867 npen
190 4762 385 4839 bomiu'um
415 4760 644 4859 impedientia
674 4759 934 4845 ministerium,
975 4785 1050 4830 non
1102 4760 1192 4848 spici
1206 4772 1240 4827 et
1257 4759 1375 4827 audiri
1391 4752 1547 4829 Ecclesia
1566 4762 1693 4850 possit,
1720 4773 1760 4828 ut
1776 4761 1824 4829 ait
1840 4757 2019 4830 Psalmus:
2044 4759 2088 4829 ln

10 4942 12 4947 .
60 4864 451 4970 prohibetDciopcra:
486 4860 591 4932 Pater
612 4884 725 4954 usqne
750 4864 857 4932 modo
872 4874 1051 4953 operatur,
1102 4883 1244 4928 omnem
1266 4874 1396 4929 terram
1418 4862 1527 4931 exivit
1555 4884 1663 4931 sonus
1684 4885 1819 4930 eorum.
1877 4858 1974 4930 llaec
2004 4887 2087 4930 sen·

10 4984 38 5057 l„
62 4995 169 5067 stepo
187 4990 332 5063 operor.
383 4960 611 5054 Ergotexde
632 4963 779 5035 sabbato
802 4988 877 5033 non
899 4964 1050 5053 impedit
1100 4962 1210 5030 tentia
1226 4974 1277 5030 est
1292 4983 1402 5049 genus
1417 4986 1564 5053 operum
1581 4963 1674 5033 tertii
1699 4961 1898 5057 praecepti,
1932 4987 2021 5054 quae
2042 4964 2087 5031 ad

63 5074 143 5151 lacet
165 5066 535 5160 mesopendiviua,
561 5064 800 5148 sanationem,
825 5079 860 5135 et
882 5065 1049 5135 donatio·
1101 5048 1220 5131 omnia
1248 5076 1405 5154 tempora
1429 5065 1618 5153 pertinent.
1677 5062 1861 5136 Caeterum
1886 5064 2017 5161 species
2043 5064 2087 5132 de
2126 5066 2129 5073 '

65 5178 252 5251 metrae
277 5183 461 5247 aeternae,
494 5167 544 5236 sic
568 5178 675 5257 supra
699 5168 892 5255 respondit.
943 5165 1049 5236 Nunc
1100 5178 1194 5234 certo
1211 5164 1289 5246 die,
1318 5179 1350 5235 et
1366 5166 1407 5233 de
1423 5168 1531 5235 modo
1547 5168 1610 5235 otii
1627 5179 1735 5236 cessat
1754 5179 1830 5254 post
1849 5165 2008 5252 politiam
2024 5164 2086 5234 Iu-

66 5282 182 5353 aelio
196 5278 299 5348 fonte
311 5270 465 5342 sumitur
478 5269 665 5354 refutatio,
689 5267 856 5337 videlicet
870 5268 916 5336 ab
930 5291 1048 5336 exem·
1098 5266 1245 5338 daicam.
1294 5265 1371 5336 Etsi
1388 5266 1496 5355 igitur
1509 5269 1636 5355 allegat
1651 5263 1814 5337 Christus
1839 5277 1873 5334 et
1895 5265 1982 5334 alias
2005 5292 2087 5336 cau.

10 5406 20 5509 ἰ
65 5384 276 5479 ptspasrum
296 5387 338 5449 et
356 5370 644 5445 circumcisionis.
695 5364 790 5441 Sunt
811 5384 928 5441 autem
952 5370 1047 5439 mul·
1098 5389 1172 5454 sas,
1197 5391 1262 5439 cur
1275 5368 1415 5439 licuerit
1430 5367 1533 5438 illum
1547 5370 1696 5439 modurn
1714 5366 1778 5439 otii
1795 5366 1941 5455 violare,
1968 5382 2086 5440 tamen
