4530 5776
186 210 263 311 aas
775 186 900 260 auru.
927 183 1044 259 arna.
1072 185 1281 262 scisura
1309 183 1657 263 aurosum.-
1742 233 1746 241 .
1800 218 1811 247 ,
2144 184 2222 279 m

191 385 279 454 lium
298 377 342 447 in
366 371 515 464 speciem
538 365 655 448 triste,
692 361 821 432 deinde
842 360 993 431 salutare
1017 361 1092 431 lore
1114 348 1179 453 po·
1202 366 1208 508 q
1230 361 1393 444 adiuvat,
1418 374 1458 431 ut
1475 359 1560 428 fiant
1578 358 1691 429 marlta
1706 359 1773 450 ipsi
1788 374 1907 450 grata,
1941 373 1973 431 et
1994 361 2103 433 nobis
2126 363 2242 441 satas„

191 466 290 579 gulo,
1230 464 1337 547 taria,
1360 458 1543 542 videlicet,
1568 484 1649 531 curu
1669 478 1760 530 recte
1778 466 1945 544 docetur,
1972 488 2052 533 cum
2077 465 2116 533 fit
2139 484 2226 537 vera

293 580 347 655 De
365 572 500 645 arixilio
530 563 588 638 bic
613 566 698 637 dicit
720 558 901 635 Christus:
945 558 1097 653 Oportet
1121 585 1180 661 me
1231 565 1406 633 invocatio
1427 562 1515 646 Dei,
1542 587 1621 631 cum
1642 565 1783 653 politiae
1796 577 1887 633 recte
1915 580 2040 655 regunt
2063 567 2226 656 discipli·

191 688 305 758 lacere
329 701 433 771 opera
457 676 550 756 eius,
583 669 645 764 qui
676 668 771 738 misit
799 691 872 750 me,
907 664 1181 758 quibusverbis
1231 691 1334 744 nam,
1372 689 1452 733 curu
1475 686 1590 733 mores
1617 681 1700 735 saint
1727 664 1774 753 pii
1803 680 1837 736 et
1870 667 1974 751 casti,
2009 681 2073 740 etc.
2125 667 2225 737 Cun-

193 772 581 879 utrunquesiguilicat,
612 795 648 840 se
670 771 834 839 mandata
859 793 965 858 opera
988 766 1100 834 aDeo
1119 790 1180 854 pa·
1231 769 1345 835 firmat
1365 767 1491 835 nosde
1513 767 1699 835 eventibus
1724 783 1756 837 et
1780 768 1841 836 illa
1870 792 1955 836 vor:
1986 765 2225 857 Evangelium

193 906 267 974 tre,
298 888 431 961 facere,
463 891 498 947 et
522 874 597 944 fieri
621 897 659 940 ea
688 872 762 961 ipso
786 870 947 957 iuvante,
981 868 1031 935 sic
1057 881 1090 935 et
1116 890 1180 934 nos
1231 883 1282 938 est
1300 869 1454 957 potentia
1471 865 1538 936 Dei
1557 869 1764 939 adsalutem
1783 870 1883 939 omni
1900 872 2067 944 credenti.
2120 867 2167 939 Et
2186 873 2227 941 in

196 1014 299 1081 saepe
322 981 538 1066 consolatur:
573 971 652 1044 Non
676 973 874 1063 relinquam
900 993 962 1038 vos
989 963 1181 1059 orphanos.
1231 994 1357 1060 genere
1382 972 1425 1038 de
1456 985 1624 1060 utroque,
1678 973 1809 1040 scilicet
1837 973 1881 1038 de
1910 973 2043 1040 arrxilio
2067 986 2101 1042 et
2123 974 2223 1043 exitu

196 1093 305 1164 ltem:
340 1083 415 1173 Ego
431 1081 561 1168 rogabo
586 1090 739 1168 patrem,
774 1086 806 1141 et
831 1072 940 1140 alium
966 1072 1181 1167 paracletum
1232 1072 1382 1153 dicitur,
1420 1075 1452 1141 1.
1477 1067 1642 1145 Corinth.
1666 1069 1740 1143 15.:
1794 1071 1914 1142 Labor
1939 1089 2053 1143 vester
2075 1096 2149 1144 uon
2174 1088 2229 1145 est

195 1194 296 1263 dabit
327 1186 446 1263 vobis,
486 1195 526 1251 ut
555 1189 695 1247 maneat
717 1174 898 1244 vobiscum
923 1174 960 1240 in
986 1185 1182 1255 aeteruum,
1233 1173 1575 1243 inanisiudomino.

195 1295 360 1385 spiritum
376 1283 543 1355 veritatis.
596 1278 682 1347 ltem
698 1271 920 1348 Mattb.10.:
948 1271 1101 1343 Dabitur
1117 1298 1180 1341 vo-
1405 1286 1409 1292 ’

196 1396 310 1467 bisin
330 1387 417 1460 bora
436 1386 516 1467 illa,
542 1380 630 1476 quid
652 1377 866 1471 loquamini:
902 1375 982 1445 Non
1005 1377 1098 1443 enim
1120 1396 1182 1443 vos

196 1498 300 1580 estis,
326 1491 389 1585 qui
403 1482 613 1579 loquimini,
640 1483 699 1552 sed
717 1479 862 1570 spiritus
886 1477 994 1568 patris
1020 1490 1092 1560 est,
1120 1476 1182 1568 qui
1440 1551 1449 1561 ‚

195 1589 538 1690 loquiturinvobis.
591 1582 754 1675 Denique
777 1583 903 1670 passim
922 1592 1113 1647 occurrunt
1131 1593 1182 1646 te·
1308 1576 1488 1646 Posterior
1515 1576 1690 1648 sententia
1720 1578 1878 1648 declarat·
1898 1579 2071 1669 priorem,
2109 1583 2229 1657 donee

196 1697 363 1772 stimouia
386 1695 430 1762 de
452 1687 583 1759 auxilio
608 1685 694 1767 Dei,
735 1708 823 1775 quae
853 1681 1054 1749 meminisse
1076 1681 1183 1748 debe·
1234 1682 1424 1750 inmundo
1442 1703 1538 1764 sum,
1569 1681 1632 1748 lux
1654 1701 1732 1747 sum
1758 1681 1901 1764 mundi,
1927 1682 2039 1750 donec
2060 1679 2229 1759 Christus

196 1826 296 1884 mrrs,
330 1812 363 1866 et
381 1805 497 1886 petere
521 1803 560 1860 ut
583 1788 620 1855 in
645 1786 752 1857 tantis
778 1784 943 1873 periculis
964 1804 1128 1871 regamur
1151 1794 1185 1851 et
1236 1784 1412 1875 praedicat
1432 1782 1525 1870 ipse,
1557 1783 1804 1851 etdonecvo'x
1827 1783 1902 1852 eius
1923 1799 2025 1853 sonat
2047 1786 2084 1851 in
2111 1787 2228 1856 mini·

197 1904 426 1977 adiuvemur,
451 1893 540 1961 sicut
559 1888 709 1980 subinde
726 1886 880 1954 clamant
899 1879 1115 1974 Prophetae,
1150 1895 1186 1950 et
1235 1884 1360 1962 sterio,
1392 1884 1453 1951 lux
1477 1896 1549 1965 est,
1583 1883 1713 1965 idest,
1749 1878 1911 1952 homines
1935 1887 2117 1955 donantur
2134 1888 2229 1975 luce,

198 1993 625 2092 2.l’aralip.20.dicitur:
651 1986 742 2059 Cum
760 1987 964 2076 ignoramus
979 1986 1187 2078 quidagen-
1235 1985 1415 2075 agnitione
1432 2008 1514 2053 vera
1531 1984 1616 2066 Dei,
1651 1983 1743 2052 veris
1768 1986 1941 2069 cultibus,
1974 1990 2047 2056 vita
2071 2003 2228 2065 aeterna,

200 2103 376 2186 dum-sit,
412 2097 533 2168 occulos
563 2106 702 2160 nostros
728 2092 772 2157 ad
794 2103 827 2158 te
850 2087 1048 2175 dirigimus.
1107 2084 1186 2155 lloc
1236 2086 1333 2157 llaec
1350 2110 1423 2153 non
1448 2087 1550 2154 aliter
1572 2085 1640 2155 nisi
1663 2109 1746 2155 voce
1772 2082 1957 2175 Evangelii
1979 2092 2138 2160 sonantis
2162 2112 2228 2181 per

197 2206 368 2277 auxilium
398 2223 472 2268 non
507 2207 635 2264 norant
663 2185 938 2273 Demosthenes,
976 2185 1118 2273 Cicero,
1153 2199 1187 2257 et
1235 2185 1438 2272 Christum,
1473 2201 1536 2258 aut
1564 2187 1746 2257 ministros
1778 2190 2000 2278 contingunt.
2060 2190 2130 2263 Sed
2161 2192 2228 2263 ubi

201 2308 337 2377 similes
363 2304 625 2393 gubernatores.
692 2290 776 2361 ldeo
807 2293 1020 2380 franguntur
1048 2289 1187 2371 animis,
1237 2288 1398 2361 Christus
1426 2290 1542 2369 abest,
1584 2290 1718 2374 idest,
1752 2312 1830 2358 cum
1850 2287 2085 2380 Evangelium
2108 2295 2227 2364 extin-

201 2392 1187 2484 ettandemiudicantlugiendamessererumguberua-
1236 2394 1374 2482 guitur,
1407 2405 1542 2461 tacente
1563 2386 1727 2474 Christo,
1763 2405 1795 2462 et
1820 2395 2017 2463 tacentibus
2038 2397 2228 2486 ministris,

199 2512 354 2592 tionem,
377 2506 436 2577 sed
461 2524 525 2570 uos
544 2501 582 2567 iu
599 2495 752 2568 Ecclesia
771 2497 941 2576 sciamus,
968 2508 1040 2561 non
1056 2494 1188 2561 frustra
1237 2518 1294 2563 eas
1309 2494 1472 2562 tenebras
1486 2487 1543 2560 bic
1561 2506 1662 2561 vocat
1678 2508 1837 2577 noctem,
1862 2508 1947 2563 tunc
1963 2519 2067 2565 nemo
2083 2499 2227 2588 operati

199 2613 304 2683 nobis
321 2605 384 2681 has
399 2617 514 2677 tantas
530 2599 778 2690 promissiones
792 2597 938 2664 traditas
953 2617 1037 2665 esse.
1074 2591 1187 2663 Dein·
1239 2609 1368 2687 potest,
1394 2594 1579 2677 videlicet,
1606 2617 1711 2682 opera
1728 2595 1806 2663 Deo
1830 2595 2020 2685 placentia,
2054 2615 2089 2669 et
2111 2614 2228 2677 aeter-,-

201 2717 304 2785 dede
328 2696 423 2779 exitu
446 2729 507 2775 seu
530 2716 657 2771 eventu
680 2699 888 2787 colligamus
911 2697 1117 2779 sententias,
1145 2707 1185 2764 ut
1238 2720 1320 2766 nam
1344 2695 1452 2765 vitam
1483 2696 1672 2763 incoantia.
1731 2694 1777 2766 Ut
1808 2721 1931 2783 magna
1961 2701 2028 2768 luit
2052 2702 2227 2789 sapientie

200 2816 349 2885 sciamus
365 2811 503 2880 labores
518 2817 656 2872 nostros
674 2825 746 2868 non
764 2802 884 2867 inanes
899 2799 985 2868 lore.
1020 2797 1186 2868 Psal.1.:
1240 2799 1377 2868 Atticae
1407 2797 1558 2866 civitatis
1589 2810 1746 2887 tempore
1773 2795 1938 2882 Solonis,
1964 2816 2044 2871 -aut
2069 2801 2228 2889 Periclis,
2252 2848 2255 2892 ,

200 2914 248 2987 Et
265 2917 331 2984 erit
347 2929 513 3004 tanquam
531 2908 638 2975 arbor
660 2904 814 2992 plantata
830 2904 873 2969 ad
893 2901 988 2969 rivos
1003 2923 1188 2993 aquarum,
1237 2922 1362 2987 magua
1396 2901 1465 2968 suit
1490 2897 1675 2970 Romanae
1705 2899 1876 2983 civitatis,
1924 2916 2081 2992 tempore
2112 2902 2255 2999 Fabii„

202 3041 292 3112 quae
321 3019 476 3087 fructum
507 3032 609 3078 aarum
643 3005 742 3074 dabit
772 3004 994 3092 intempore
1031 3026 1114 3083 suo,
1154 3014 1189 3069 et
1238 3001 1437 3091 Scipionis,
1471 2998 1602 3084 Laelii,
1631 3014 1666 3069 et
1684 3000 1857 3068 similium
1886 3025 2108 3090 summorum
2131 3007 2255 3103 uiro:-¹

201 3113 426 3191 Marabta:
453 3110 526 3200 Qui
549 3133 631 3176 vero
657 3107 693 3174 iu
718 3119 848 3174 terram
871 3105 1002 3172 bonam
1026 3103 1190 3185 seminat,
1239 3127 1329 3175 rum.
1381 3101 1449 3172 Sed
1470 3101 1555 3191 quid
1572 3115 1622 3170 est
1640 3102 1803 3171 universa
1820 3105 2009 3194 sapientia,
2035 3106 2111 3176 siue
2125 3108 2255 3199 agni-.

200 3216 497 3297 fmctumaffert,
524 3208 664 3281 etfacit
689 3208 785 3275 aliud
809 3206 1014 3296 centuplum
1038 3219 1120 3286 etc.,
1156 3215 1190 3285 et
1239 3205 1336 3275 tione
1357 3226 1438 3271 vera
1456 3201 1542 3291 Dei,
1576 3203 1849 3272 deliberationes
1870 3208 2015 3277 suntde
2038 3209 2146 3278 rebus
2167 3186 2255 3297 coz-2

203 3329 242 3396 2.
258 3313 421 3392 Corinth.
439 3317 473 3384 8.
498 3314 543 3381 de
559 3309 774 3379 ministerio:
811 3305 994 3375 Fiduciam
1020 3300 1190 3374 babemus
1238 3302 1434 3376 ducis.'Et
1450 3318 1568 3373 errant
1585 3305 1975 3396 anim‘rmultipliciter‚
2001 3333 2080 3378 cum
2100 3302 2256 3382 verumss

204 3424 311 3494 talem
328 3443 390 3508 per
406 3412 608 3494 Christum,
635 3434 708 3478 non
731 3410 826 3500 quod
847 3407 1058 3476 sufficientes
1081 3406 1191 3475 simus
1239 3423 1272 3478 et
1288 3421 1468 3476 aeternum
1492 3406 1597 3473 linem
1624 3430 1697 3475 nou
1725 3409 1962 3497 prospiciunt,
1994 3435 2068 3479 non
2090 3426 2256 3495 norunt

205 3549 244 3597 er
260 3522 363 3591 nobis
384 3515 519 3610 aliquid
536 3512 706 3601 cogitare,
733 3523 901 3602 tanquam
919 3532 957 3577 ex
975 3507 1191 3599 nobisipsis,
1240 3511 1375 3592 Deum,
1403 3530 1477 3575 uon
1494 3516 1617 3597 petunt
1640 3511 1686 3576 ab
1708 3532 1749 3577 eo
1772 3510 1959 3580 consilium
1984 3524 2018 3582 et
2041 3514 2228 3597 arixiliuro,

206 3627 265 3699 sed
284 3617 492 3693 sufficientia
508 3629 627 3684 nostra
638 3637 678 3682 ex
688 3610 763 3680 Deo
780 3626 841 3694 est,
868 3625 901 3678 et
913 3611 1041 3679 deinde
1055 3623 1190 3702 quanto
1239 3634 1313 3680 non
1330 3610 1452 3679 vident
1467 3631 1606 3692 causas,
1630 3634 1694 3678 cur
1705 3610 1853 3706 imperia
1879 3615 2124 3684 constituenda
2142 3618 2227 3699 sint,

205 3725 317 3815 magis
333 3720 401 3792 hoc
417 3715 652 3788 ministerium
669 3714 737 3783 erit
752 3715 789 3781 in
805 3712 935 3802 gloria,
962 3711 1086 3795 idest,
1113 3710 1190 3778 elfi—
1239 3737 1315 3781 uon
1333 3724 1468 3780 norunt
1484 3711 1582 3778 illam
1598 3712 1790 3793 iusticiam,
1816 3738 1905 3805 quae
1923 3715 2024 3785 affert
2042 3717 2149 3787 vitam
2167 3743 2228 3799 aa·¹

147 3830 155 3845 '
207 3853 288 3907 carc,
323 3820 494 3895 habentes
510 3818 615 3891 talem
640 3838 736 3907 spem
755 3838 880 3904 magua
903 3813 1030 3883 fiducia
1044 3813 1190 3891 utimur,
1243 3828 1400 3893 ternam,
1436 3826 1471 3882 et
1492 3813 1574 3904 quia
1598 3827 1680 3882 sunt
1703 3814 1848 3883 subiecti
1873 3817 2057 3910 tyrannidi
2080 3820 2230 3906 diaboli,

206 3930 301 4002 etad
317 3921 411 3996 Phil.
426 3924 479 3995 2.:
508 3918 605 3991 Deus
625 3931 677 3989 est
691 3917 753 4008 qui
768 3929 934 4006 operatur
948 3915 987 3983 in
1008 3915 1127 3998 vobis,
1152 3926 1192 3983 ut
1241 3914 1477 4007 impelluntur
1493 3909 1733 3998 horribiliter,
1758 3930 1797 3985 ut
1815 3920 1959 3987 turbent
1974 3916 2133 4010 Respub.
2149 3946 2229 3993 ma·

205 4030 322 4102 velitis
342 4041 376 4098 et
388 4022 591 4118 perficiatis,
617 4035 656 4091 ut
679 4018 796 4110 aliqua
817 4018 902 4086 liant
917 4016 984 4107 ipsi
1001 4030 1117 4105 grata,
1153 4016 1191 4083 id
1240 4018 1283 4086 lis
1308 4016 1485 4099 consiliis,
1525 4018 1622 4085 etin
1648 4017 1784 4105 privata
1817 4019 1889 4087 vita
1921 4022 2230 4095 contaminans·

205 4149 277 4216 est,
302 4129 399 4201 Deus
414 4127 557 4196 adiuvat
579 4144 664 4206 nos,
697 4134 737 4190 ut
759 4118 817 4211 pia
840 4133 874 4188 et
896 4118 1061 4187 salutaria
1084 4116 1192 4206 lacia·
1243 4119 1364 4189 multis
1379 4117 1515 4207 magnis
1539 4118 1748 4200 sceleribus,
1780 4134 1818 4189 ut
1833 4117 2111 4208 Themistocles,
2139 4120 2229 4195 Ab·

206 4255 298 4304 mus.
357 4228 495 4299 Deinde
519 4225 624 4296 etiam
651 4222 795 4292 adiuvat
819 4242 883 4289 nos
909 4221 947 4287 in
970 4220 1126 4309 agendo,
1152 4218 1192 4286 in
1239 4222 1392 4305 rander,
1419 4219 1525 4290 etalii
1542 4219 1839 4305 innumerabiles,
1866 4247 2067 4316 quanquam
2085 4228 2230 4317 sapien·

209 4331 426 4413 ministerio,
460 4329 496 4396 in
514 4324 788 4416 gubernatione,
822 4322 861 4390 in
884 4322 1050 4390 omnibus
1071 4343 1192 4388 neces·
1241 4323 1288 4391 tia
1314 4337 1348 4392 et
1372 4321 1500 4390 virtute
1522 4321 1781 4407 excelluerunt,
1819 4337 1936 4392 tamen
1961 4339 2039 4416 post
2062 4328 2232 4404 victorias

209 4436 310 4507 sariis
324 4430 541 4513 actionibus,
572 4427 726 4519 denique
749 4439 783 4492 et
806 4437 951 4492 eventus
971 4424 1142 4511 gubernet
1158 4434 1192 4492 et
1241 4424 1343 4493 valde
1364 4446 1384 4491 a
1409 4422 1532 4512 seipsis
1556 4424 1832 4510 degenerarunt,
1866 4439 1900 4494 et
1924 4427 2060 4515 magnis
2086 4430 2232 4502 sceleri.

209 4560 371 4614 causam,
394 4544 435 4601 ut
452 4530 537 4598 baut
554 4531 726 4621 quaedam
744 4526 810 4617 ipsi
826 4539 939 4614 grata,
966 4522 1067 4615 quasi
1082 4525 1191 4592 dicat:
1241 4527 1307 4594 bus
1323 4526 1429 4592 decus
1445 4537 1546 4592 antea
1568 4538 1708 4615 partum
1732 4526 2031 4603 deformaverunt.
2083 4528 2132 4602 Ut
2146 4556 2232 4624 ergo
2243 4550 2253 4559 ’·

206 4636 381 4711 Diabolus
395 4632 479 4703 odio
495 4627 560 4697 Dei
578 4630 719 4717 instigat
733 4651 795 4698 sua
811 4650 954 4716 organa,
980 4637 1020 4695 ut
1038 4624 1192 4715 plurima
1241 4651 1308 4696 nox
1328 4639 1401 4695 erat
1416 4627 1509 4716 apud
1526 4639 1645 4712 gentes
1663 4626 1802 4713 ignaras
1820 4628 1890 4697 Dei
1913 4643 1988 4701 toto
2010 4634 2097 4703 orbe
2119 4647 2235 4707 terra.

207 4741 338 4810 faciant
369 4731 590 4804 horribiliter
610 4730 832 4827 displicentia
857 4726 952 4809 Deo,
991 4727 1076 4795 serit
1099 4726 1193 4794 blas·
1242 4752 1341 4798 rum:
1376 4727 1426 4795 sic
1449 4721 1614 4796 Christus
1634 4728 1828 4798 vaticinans
1852 4732 1895 4800 de
1916 4733 2045 4804 futuris
2066 4735 2233 4826 miseriis,

208 4838 383 4934 phemias,
406 4833 556 4924 impellit
571 4833 613 4901 ad
629 4832 792 4919 fingenda
810 4831 927 4912 idola,
953 4830 997 4898 ad
1019 4829 1193 4897 movenda
1241 4829 1413 4919 significat
1431 4851 1552 4896 rursus
1570 4842 1752 4897 venturam
1778 4845 1937 4913 noctem,
1969 4834 2006 4902 id
2032 4850 2103 4929 est,
2139 4853 2232 4911 tem.

208 4943 301 5015 bella
317 4936 477 5013 inutilia,
504 4935 545 5002 ad
562 4933 752 5003 laxandum
778 4932 917 5000 frenum
942 4929 1125 5016 flagitiosis
1149 4929 1195 4998 li·
1240 4954 1309 5029 pus
1329 4954 1400 5021 quo
1417 4930 1486 4996 late
1503 4929 1726 5018 extinguetur
1743 4934 1804 5001 lux
1818 4928 2025 5025 Evangelii,
2049 4952 2088 5008 ut
2108 4943 2231 5015 statim

208 5043 409 5116 bidinibus.
461 5033 528 5105 His
551 5033 732 5105 furoribus
755 5028 1059 5102 vehementissime
1072 5030 1195 5100 ‘offerr-
1242 5035 1281 5100 in
1300 5031 1431 5122 populo
1452 5027 1595 5102 ludaico
1617 5056 1688 5101 nox
1710 5046 1826 5103 secuta
1843 5050 1913 5120 est,
1938 5050 1973 5108 et
1989 5038 2156 5133 deinceps
2170 5068 2233 5115 or-

210 5149 308 5215 ditur
332 5156 365 5211 et
388 5138 549 5209 irritatur
574 5136 693 5214 Deus,
733 5158 777 5203 ue
810 5133 919 5222 igitur
945 5147 1059 5203 toturn
1083 5154 1195 5222 genus
1244 5134 1288 5206 tis
1304 5127 1526 5215 haeresibus,
1560 5146 1594 5202 et
1616 5147 1733 5224 postea
1756 5149 1836 5204 nata
1858 5136 1933 5228 lege
1945 5135 2164 5229 Mahometi‚
2190 5171 2234 5217 se

209 5244 406 5316 humanum
424 5253 561 5311 tantum
577 5239 621 5306 ad
638 5236 828 5328 perniciem
851 5247 1029 5317 nascatur,
1054 5257 1094 5303 ac
1114 5247 1194 5303 tan-
1242 5236 1373 5305 deinde
1390 5233 1582 5305 constituto
1597 5257 1706 5325 eegno
1724 5234 1897 5319 Turrim,
1920 5243 2015 5333 quod
2040 5245 2105 5314 etsi
2127 5247 2234 5327 floret

210 5362 285 5418 tum
303 5346 386 5416 odio
402 5343 508 5433 digna
524 5339 639 5420 iacnt,
664 5338 739 5431 ipse
754 5338 792 5408 iu
806 5334 960 5408 Ecclesia
977 5359 1038 5415 sua
1055 5335 1195 5429 aliquos
1242 5335 1414 5431 sapientia
1447 5336 1487 5408 io
1515 5335 1821 5410 administratione
1853 5341 1996 5434 imperii
2023 5358 2058 5416 et
2088 5349 2235 5440 opibus,

1286 1333 1400 1416 Venit
1422 1361 1518 1418 nox,
1552 1361 1632 1408 cum
1656 1359 1758 1408 nemo
1778 1340 1931 1436 operari
1949 1350 2083 1436 polest,
2112 1320 2228 1415 dunel

1334 1440 1374 1510 in
1392 1435 1529 1510 mundo
1544 1465 1645 1526 sum,
1673 1436 1744 1509 lua·
1759 1465 1840 1510 sum
1862 1440 2007 1518 muudi.
2212 1422 2223 1443 ἰ
