4522 5782
173 204 226 285 gg
773 186 897 263 PHlL
923 184 1040 264 Mun.
1067 184 1281 264 SCRIPTA
1306 186 1609 265 Exacuunt.
2166 189 2185 266 4

178 384 302 466 idest,
327 372 499 448 iudicium
517 392 556 438 ac
571 386 714 436 sensum
731 362 805 432 irae
822 359 889 433 Dei
903 363 1073 432 adversus
1087 384 1169 453 pec·
1220 366 1300 437 furo
1330 365 1512 438 dicuntur.
1581 359 1681 434 Haec
1700 360 1908 453 imaginatio
1932 363 2043 434 nimis
2067 366 2185 455 protes

178 497 315 564 catum,
347 479 385 547 in
416 498 488 569 quo
518 470 580 541 alii
606 479 880 545 convertuntur,
915 476 950 534 et
970 463 1040 534 fide
1063 464 1168 536 erecti
1221 482 1284 544 ert,
1335 466 1407 540 Sed
1430 465 1615 536 sciendum
1640 477 1692 534 est
1715 488 1771 535 res
1792 481 2014 556 magnas,·et
2034 469 2080 537 ad
2102 467 2185 539 vitat

177 588 379 666 salvantur,
411 577 473 649 alii
499 573 753 666 opprimuntur
778 581 919 637 aeterna
943 579 1070 642 morte.
1122 563 1169 638 Et
1221 587 1400 642 aeternam
1425 569 1642 661 pertinentes
1665 569 1703 635 in
1720 563 1876 639 Ecclesia
1899 569 1986 659 geri.
2036 567 2185 643 Danu(

178 689 266 762 baec
288 687 380 756 liunt
395 703 459 774 per
474 700 596 746 vocem
614 686 794 745 externam
813 670 1080 754 ministrorum,
1106 671 1165 738 sed
1221 674 1288 746 luit
1319 696 1382 766 per
1409 670 1554 742 loannis
1577 669 1784 739 concionem
1810 686 2008 743 monstrare
2030 672 2185 745 Messian

179 808 297 866 ltfflffl
324 787 416 859 5⁰⁰¹
439 779 598 874 ll⁰¹l²mia
621 773 792 883 Mffll‘l‘s
823 772 888 865 qni
912 774 974 845 ‘¹³²
993 769 1168 863 spirltum
1220 792 1255 848 et
1276 778 1322 846 de
1343 799 1386 845 eo
1408 772 1610 846 testimonia
1635 775 1795 859 tradere,
1820 774 1936 845 voluit
1950 788 1985 845 et
1998 774 2126 847 rursus
2141 800 2185 847 to

178 906 360 976 sanctum,
395 910 468 956 non
498 883 588 953 bunt
618 877 777 971 potentia
808 888 1025 946 caeterorum
1060 874 1169 943 mini·
1221 878 1328 969 ligere
1350 877 1506 971 aliquam
1532 872 1747 960 neglegam,
1773 888 1807 946 α
1831 875 2080 951 ,οωιοηῃὴ
2103 878 2186 949 Μ

179 1012 348 1070 atrorum.
406 988 480 1059 Nos
511 1008 594 1055 vero
619 978 746 1053 caeteri
769 977 924 1049 ministri
950 976 1169 1067 baptizamus
1220 995 1293 1051 tam
1317 995 1495 1052 aeternam
1519 977 1704 1069 impertiri.
1771 975 1869 1049 Haec
1889 979 2086 1071 plurimum
2111 980 2186 1052 diff.

178 1123 270 1194 tque
299 1097 347 1166 δά
375 1088 648 1186 Ρθθῐῑῖῐθῦῐῑθῐῠ,
686 1083 723 1152 id
755 1093 825 1163 0⁵1,
858 1102 980 1150 “lmus
1011 1078 1168 1150 ministri
1221 1099 1305 1155 runt
1326 1107 1346 1153 a
1368 1083 1572 1153 forensibus
1593 1080 1825 1165 testimoniis,
1852 1098 1884 1151 et
1903 1085 1948 1152 de
1964 1076 2022 1153 bis
2039 1084 2183 1155 mirand

180 1202 276 1274 vocis
300 1193 508 1285 Evangelii,
542 1204 575 1259 et
600 1183 818 1259 sacramenti
843 1205 904 1253 seu
927 1183 1037 1272 signi,
1072 1183 1167 1276 quod
1220 1187 1387 1278 operibus
1408 1183 1476 1255 Dei
1500 1186 1539 1252 in
1554 1178 1712 1253 Ecclesia
1736 1184 1841 1274 longe
1860 1184 1965 1255 aliter
1986 1187 2186 1258 sentienda,

180 1319 231 1377 est
250 1298 513 1378 testimonium,
540 1316 609 1383 qno
625 1286 722 1358 Deus
740 1285 914 1377 significat
931 1279 1025 1355 banc
1041 1282 1169 1356 burna-
1220 1304 1290 1376 est,
1323 1313 1428 1382 qnam
1458 1290 1503 1357 de
1532 1285 1692 1375 negociis
1722 1282 1891 1377 prolenis.
1951 1284 2033 1357 Dixi
2058 1289 2186 1363 brevite

179 1431 261 1478 nam
285 1415 448 1472 naturam
473 1419 534 1487 per
553 1390 787 1479 Evangelium
811 1387 921 1477 mergi
945 1388 983 1456 in
1007 1401 1168 1479 mortem,
1221 1394 1265 1462 de
1287 1391 1495 1484 quaestione
1519 1388 1722 1473 communi,
1748 1390 1792 1458 de
1808 1412 1877 1481 qm
1894 1389 1934 1458 pn
1950 1387 1985 1463 4·
2006 1389 2099 1462 ΜΝ
2114 1391 2186 1464 Im

179 1535 220 1580 ar
240 1503 456 1599 agnitionem
478 1495 627 1589 peccati,
661 1507 696 1563 et
717 1491 833 1573 ablui,
865 1514 905 1561 ac
927 1491 1052 1559 donari
1077 1515 1168 1558 nova
1221 1495 1368 1585 gabardi
1398 1494 1571 1586 quaedam
1602 1489 1756 1560 absurde
1785 1491 1975 1577 dicuntur,
2009 1494 2054 1564 de
2083 1496 2186 1588 quit„

178 1610 317 1684 iusticia
342 1618 375 1676 et
399 1604 485 1673 vita.
538 1594 641 1670 Unus
663 1609 713 1665 est
730 1592 880 1664 Messias
896 1592 999 1663 dator
1013 1590 1170 1685 Spiritus
1221 1621 1294 1667 non
1319 1597 1464 1677 difficile
1486 1611 1539 1665 est
1561 1594 1736 1674 iudicare,
1771 1594 1982 1684 intelligenti
2006 1597 2080 1665 vim
2105 1600 2184 1669 min

177 1711 309 1797 uncti,
349 1701 573 1777 accendentia
604 1699 720 1788 iguem
754 1697 793 1764 in
826 1696 994 1766 cordibus
1025 1695 1168 1780 nostris,
1221 1700 1318 1770 sterii
1342 1695 1549 1788 Evangelii,
1574 1699 1635 1764 sed
1663 1718 1790 1786 pergo,
1818 1699 1914 1788 quod
1938 1698 1975 1767 in
2000 1711 2097 1769 textu
2122 1704 2187 1772 die,

177 1817 213 1887 id
241 1807 312 1899 est',
346 1803 564 1880 ostendentis
586 1803 675 1871 iram
698 1798 766 1870 Dei
787 1800 955 1868 adversus
978 1811 1170 1889 peccatum,
1222 1818 1299 1874 tur:
1328 1799 1400 1891 Qui
1421 1801 1522 1899 prior
1544 1823 1601 1868 me
1622 1814 1684 1870 est.
1740 1796 1960 1890 interpretor
1980 1815 2021 1872 ut
2042 1806 2187 1895 suprad

177 1943 217 1989 ac
240 1937 363 1988 rursus
386 1912 424 1980 in
448 1904 691 1979 consolatione
709 1900 883 1971 incoantis
898 1922 1027 1971 novam
1042 1915 1075 1970 et
1090 1923 1169 1992 per·
1224 1905 1436 1998 praestantia
1459 1901 1655 1973 vocationis
1678 1915 1713 1971 et
1738 1902 1915 1991 potentia,
1950 1903 2050 1993 prior
2071 1930 2131 1975 me
2152 1930 2187 1977 er

179 2033 321 2114 petuam
344 2012 520 2085 iusticiam
547 2032 586 2079 ac
609 2006 730 2076 vitam.
793 2001 863 2074 Sed
889 1997 974 2072 baec
996 2002 1084 2073 liunt
1108 2027 1171 2094 per
1223 2009 1258 2078 id
1278 2021 1347 2086 est,
1374 2008 1555 2078 antecellit
1571 2027 1626 2072 me
1642 2004 1826 2073 vocatione
1844 2016 1878 2073 et
1893 2007 2063 2091 potentia.
2116 2006 2187 2080 Met

178 2145 300 2194 vocem
335 2130 533 2195 externam,
575 2133 666 2204 quae
703 2117 807 2177 sonat
840 2129 902 2197 per
931 2104 1168 2176 ministerium
1223 2112 1290 2180 sias
1319 2110 1476 2202 primum
1506 2120 1651 2177 vocatus
1678 2120 1748 2190 est,
1782 2120 1816 2176 et
1844 2107 2022 2180 antecellit
2046 2111 2187 2183 omnibs

178 2222 345 2301 Ioannis,
376 2212 650 2308 Apostolorum,
683 2208 898 2279 etomnium
923 2221 1017 2277 recte
1039 2209 1171 2279 doceu-
1224 2213 1400 2304 potentia,
1443 2214 1528 2302 quia
1557 2209 1632 2300 ipse
1662 2223 1714 2279 est
1742 2209 1937 2293 redemtor,
1971 2211 2147 2299 salvator,
2183 2246 2187 2281 ι

177 2326 268 2400 tium
291 2325 328 2392 in
346 2317 515 2391 Ecclesia.
569 2310 618 2386 Ut
638 2313 733 2382 enim
752 2308 904 2379 loannes
926 2332 1025 2378 suam
1050 2334 1170 2401 perso.
1223 2318 1326 2386 dato„
1342 2313 1499 2406 spffiw,
1513 2311 1644 2395 uncti,
1671 2323 1706 2380 et
1723 2333 1835 2379 nme
1851 2334 1890 2379 ac
1906 2327 2095 2404 perpemae
2110 2316 2187 2389 im

176 2452 262 2500 nam
281 2416 649 2497 discernitaMessia,
676 2414 726 2484 sic
743 2415 788 2482 ab
801 2437 874 2481 uno
890 2410 1020 2482 Messio
1037 2413 1170 2482 discer—
1223 2419 1367 2488 elaeae
1399 2418 1502 2487 vitae.
1561 2412 1668 2501 Quod
1701 2413 1861 2483 additur:
1895 2411 2007 2483 Cuius
2037 2438 2112 2485 non
2136 2439 2188 2489 sut

176 2532 235 2603 nit
262 2550 386 2600 omnes
411 2521 595 2593 ministros
619 2517 713 2586 vocis
736 2512 975 2607 evangelicae,
1014 2512 1170 2608 Apono.
1224 2521 1354 2609 dignu,
1369 2520 1504 2588 solvere
1519 2518 1636 2586 porum
1653 2514 1898 2598 calceamenti,
1924 2516 2035 2604 figura
2050 2531 2120 2601 m,
2144 2544 2188 2616 qt

175 2634 231 2706 ¹⁰⁸
248 2657 288 2704 ³⁰
304 2641 458 2701 ⁶³⁰l⁰f⁰⁸
474 2636 566 2695 ’ΜΕ
583 2621 760 2691 dinem
1227 2622 1376 2692 loannes
1407 2620 1580 2710 significat
1610 2642 1646 2687 se
1676 2641 1748 2685 non
1782 2639 1856 2686 esse
1880 2619 2048 2707 dignum,
2080 2623 2147 2716 qui
2171 2646 2188 2694 ς

1224 2725 1320 2794 illius
1352 2725 1530 2809 minister3
1565 2736 1599 2791 et
1628 2720 1755 2790 usitate
1783 2721 1909 2810 pedes,
1943 2721 2068 2813 calcei,
2103 2725 2183 2816 sign

280 2781 350 2854 Hac
373 2801 496 2874 quaere
520 2774 628 2858 solet.
663 2772 750 2865 quad
776 2783 913 2841 rutersrt
938 2782 1032 2839 mter
1055 2770 1171 2859 hapn-
1223 2829 1328 2896 fleam
1360 2827 1532 2915 nuncios,
1581 2818 1649 2892 hoc
1682 2835 1752 2904 est,
1795 2817 1980 2909 Evangelii
2009 2848 2188 2915 praecone

179 2912 294 2963 smum
328 2882 472 2955 loannis
505 2894 539 2950 et
568 2874 846 2965 Apostolorum,
882 2887 916 2943 et
947 2873 1169 2964 sequentium

177 2990 425 3064 ministrorum
435 2979 632 3070 Evangelii.
684 2976 767 3049 Non
781 2990 833 3046 est
849 2972 1008 3045 difficilis
1024 2998 1170 3065 respon·
1252 3032 1260 3050 ,

178 3097 233 3168 sio
257 3092 362 3163 nobis
385 3084 669 3176 intelligentibus
694 3078 852 3149 osticium
874 3076 1032 3148 loannis.
1100 3074 1171 3147 Va·

179 3220 261 3270 rum
285 3209 355 3273 est,
383 3188 653 3260 discernendam
678 3205 751 3251 esse
775 3202 962 3272 personam
981 3177 1170 3249 Messiaea

178 3296 374 3378 ministris,
398 3289 528 3361 utiam
551 3288 771 3367 dictumest,
799 3298 916 3353 tamen
933 3281 1169 3352 ministerium

179 3399 327 3472 loannis
351 3411 384 3465 et
406 3390 630 3486 sequentium
654 3388 840 3456 doctorum
858 3385 942 3453 novi
962 3383 1172 3467 testamenti,

179 3498 474 3595 significationem
491 3507 527 3563 et
544 3491 706 3561 effectum
723 3489 874 3556 etrsrdem
893 3481 1012 3556 babet.
1066 3483 1170 3555 loan-

179 3629 243 3676 nes
271 3602 368 3672 enim
401 3611 453 3667 est
482 3596 644 3664 incoator
674 3589 949 3682 praedicationis
973 3588 1169 3677 Evangelii.

181 3708 259 3781 sub
280 3703 422 3774 initium
447 3698 531 3767 novi
560 3692 759 3768 testamenti
777 3692 895 3761 audita
913 3714 997 3759 voce
1016 3688 1171 3775 loannis,

181 3819 369 3882 senserunt
390 3800 491 3871 electi
509 3799 600 3871 iram
619 3796 687 3867 Dei
710 3797 877 3864 adversus
902 3807 1080 3884 peccatum
1091 3843 1103 3878 ,
1131 3816 1171 3862 ac

180 3922 416 4005 expaverunt,
442 3918 477 3974 et
497 3923 619 3971 rursus
641 3899 822 3967 credentes
845 3894 923 3965 voci
947 3893 1172 3981 monstranti,

180 4022 391 4104 acceperunt
422 4002 666 4075 remissionem
696 4013 939 4091 peccatorum,
972 4011 1007 4068 et
1032 3998 1170 4068 incoata

180 4131 234 4188 est
254 4117 293 4185 iu
312 4115 363 4183 eis
385 4128 478 4180 nova
495 4120 530 4177 et
544 4116 712 4197 perpetua
727 4101 879 4174 iusticia.
929 4096 1065 4170 Eadem
1081 4101 1172 4170 fiunt

181 4224 219 4290 in
242 4216 415 4287 concione
431 4208 708 4302 Apostolorum,
736 4218 771 4273 et
793 4203 1037 4295 sequentium,
1060 4227 1171 4296 usque

180 4325 225 4394 ad
249 4323 355 4389 linem
379 4313 519 4384 mundi.
571 4307 656 4379 ldeo
680 4308 718 4376 in
736 4304 832 4376 Luca
848 4305 997 4375 dicitur:
1024 4303 1172 4375 Praedi-

182 4447 264 4497 cans
288 4419 502 4511 baptismum
524 4410 741 4503 poenitentia
763 4409 807 4477 ad
831 4406 1072 4477 remissionem
1091 4432 1170 4500 pec-

181 4540 360 4605 catorum,
393 4516 496 4610 quasi
522 4514 632 4584 dicat:
670 4510 813 4583 loannis
841 4511 965 4579 concio
999 4534 1072 4579 uon
1097 4525 1172 4581 erat

179 4626 298 4701 inanis
327 4624 482 4698 sonitus,
519 4616 577 4687 scd
602 4613 700 4683 Deus
732 4612 842 4683 voluit
873 4636 946 4682 csse
969 4612 1089 4681 efficax
1111 4637 1173 4703 per

180 4752 302 4803 vocem
321 4723 482 4808 loannis,
507 4743 611 4815 quem
631 4716 743 4785 voluit
760 4738 833 4785 esse
849 4728 970 4787 testem
987 4717 1030 4781 de
1041 4712 1171 4787 Messio

182 4847 266 4907 nato
279 4845 314 4903 et
328 4829 545 4899 incoatorem
562 4816 836 4915 praedicationis
853 4813 1051 4907 Evangelii.

282 4978 398 5056 Paulo
418 4978 522 5049 aliter
543 4973 762 5065 scripserunt
776 4971 822 5041 de
838 4969 1046 5040 discrimine
1062 4970 1172 5040 mini·

1224 2929 1407 3020 Significat
1425 2928 1534 3017 igitur
1549 2950 1586 2996 se
1602 2948 1676 2993 non
1694 2947 1767 2995 etse
1783 2924 1929 3013 dignum
1946 2921 2014 2994 boc
2031 2939 2133 3001 tanto
2148 2955 2184 3001 m

1224 3033 1370 3102 utsterio
1387 3027 1593 3119 Evangelii,
1621 3028 1715 3120 quod
1733 3027 1795 3093 etsi
1815 3040 1970 3115 spretum
1987 3030 2089 3099 estin
2108 3058 2188 3102 mur

1224 3138 1289 3215 dn,
1324 3149 1441 3204 tamen
1469 3134 1583 3220 reipsa
1603 3129 1703 3198 nulla
1726 3128 1862 3200 iunctio
1886 3130 2001 3199 maior
2025 3147 2086 3203 est.
2142 3133 2188 3206 Ns

1224 3237 1427 3305 dubitemus
1448 3235 1567 3303 Deum
1589 3234 1710 3300 adesse
1733 3227 1815 3299 huic
1839 3231 2036 3315 functioni,
2068 3259 2188 3333 earnqt

1223 3339 1436 3409 mirabiliter
1470 3337 1689 3425 gubernare,
1731 3346 1765 3402 et
1802 3336 1970 3402 adversus
2006 3336 2143 3407 diaboli
2184 3375 2189 3404 ι

1224 3442 1349 3510 meandi
1369 3440 1450 3509 odia
1468 3438 1572 3509 tueri.
1623 3432 1740 3505 Multa
1758 3428 1824 3505 boc
1844 3435 1921 3504 loco
1938 3437 2094 3507 breviter
2109 3438 2189 3513 loss

1224 3568 1286 3612 nes
1302 3544 1346 3612 de
1364 3536 1809 3631 magnitudine-ministerii
1828 3537 2020 3625 significat,
2046 3565 2139 3634 quae
2156 3548 2189 3637 pi

1224 3646 1346 3717 lectori
1380 3643 1566 3731 cogitanda
1598 3652 1692 3710 siant.
1744 3636 1833 3707 Nam
1866 3640 2009 3712 recitate
2029 3647 2153 3716 omnia
2180 3649 2189 3717 i

1225 3747 1468 3829 enarratione,
1495 3745 1602 3812 rainais
1618 3744 1762 3829 longum
1779 3754 1878 3811 esset.

1329 3848 1369 3917 ln
1392 3848 1461 3916 fine
1486 3847 1554 3916 loci
1576 3846 1711 3914 mentio
1734 3843 1788 3925 fit,
1814 3843 1877 3911 ubi
1900 3838 1986 3915 baec
2009 3850 2189 3935 gravissim

1223 3951 1418 4042 disputatio
1451 3973 1531 4018 cum
1562 3947 1685 4031 legatis
1717 3940 1835 4013 babita
1869 3961 1932 4021 est.
1996 3945 2094 4021 Haec
2125 3955 2189 4025 fact

1223 4068 1324 4138 sunt,
1358 4053 1494 4144 iuquit,
1527 4050 1565 4118 in
1589 4044 1809 4129 Bethabara,
1842 4071 1917 4117 non
1940 4050 2102 4142 displicet
2128 4080 2189 4126 cor

1224 4158 1356 4228 iectura
1378 4178 1525 4243 eousm,
1551 4152 1612 4244 qui
1639 4163 1764 4242 putant
1786 4149 1973 4239 legendum
1994 4176 2068 4223 esse
2082 4154 2190 4229 Betba

1224 4261 1328 4337 raba,
1354 4259 1389 4327 id
1413 4271 1483 4340 est,
1506 4257 1635 4324 domus
1657 4253 1806 4333 deserti,
1833 4254 1928 4344 quod
1948 4255 2091 4327 videtur
2108 4261 2190 4330 fuiss

1225 4384 1354 4430 nomeu
1381 4359 1530 4427 alicuius
1561 4354 1629 4424 vici
1653 4353 1691 4423 in
1714 4358 1873 4438 deserto,
1905 4369 1939 4425 et
1962 4358 2058 4429 idem
2082 4386 2190 4434 rrome

1224 4463 1293 4533 luci
1316 4476 1368 4533 est
1390 4463 1427 4529 in
1446 4455 1595 4530 historia
1614 4455 1737 4526 losnae
1754 4480 1829 4544 cap.
1849 4453 1908 4528 15.
1951 4457 2137 4548 Significat
2152 4491 2190 4537 aa

1225 4581 1295 4636 teru
1321 4564 1425 4658 quale
1444 4559 1589 4630 loannis
1609 4559 1828 4628 domicilium
1846 4560 1973 4643 luerit,
1999 4577 2033 4633 et
2047 4566 2190 4638 admon·

1224 4665 1418 4739 Ecclesiam
1439 4679 1472 4733 et
1489 4664 1568 4754 pios
1581 4664 1743 4731 doctores
1760 4654 1889 4729 babere
1907 4656 2062 4755 hospitia
2077 4672 2190 4761 qcaalia

1225 4793 1364 4862 cunque
1385 4769 1423 4836 in
1446 4768 1602 4846 deserto,
1627 4775 1662 4830 et
1685 4762 1818 4853 perpeti
1846 4763 1969 4849 exilia,
1995 4791 2068 4836 nou
2095 4785 2190 4845 tenet

1226 4872 1337 4961 regias
1359 4870 1457 4941 sedes
1480 4880 1541 4935 aut
1565 4887 1661 4956 opes.
1713 4862 1786 4953 Qui
1810 4865 1965 4937 retinent
1987 4870 2139 4943 alteram
2166 4879 2191 4947 lc

1225 4975 1396 5053 ctionem,
1422 4963 1644 5051 Bethabara,
1670 4966 1794 5036 dicunt
1817 4967 2006 5056 significari
2024 4978 2191 5051 transitus

180 5089 278 5167 stes-ii
295 5082 443 5157 loannis
459 5095 493 5149 et
507 5076 763 5170 Apostolorum
773 5071 1032 5161 Langobardos
1048 5075 1172 5143 eteius
1226 5101 1288 5147 seu
1313 5076 1517 5152 traiectum,
1544 5065 1612 5139 boc
1628 5070 1723 5139 enim
1738 5081 1841 5139 sonat
1858 5072 2071 5144 vocabulum
2086 5079 2191 5155 Abar

179 5194 411 5286 interpretes,
437 5184 499 5255 sed
522 5178 699 5250 sententia
722 5198 829 5269 quam
845 5172 1070 5245 recitavimus
1089 5201 1171 5246 vara
1227 5181 1322 5273 quod
1349 5175 1498 5247 loannes
1528 5172 1590 5243 tali
1620 5174 1699 5241 loco
1726 5172 1770 5239 ad
1802 5168 1989 5244 lordanem
2019 5178 2191 5270 baptizari

163 5308 244 5375 m.
295 5290 369 5364 Nec
389 5282 658 5377 imaginandum
682 5293 752 5360 est,
781 5275 925 5349 loannis
947 5300 1070 5347 vocem
1094 5294 1173 5350 tau·
1224 5281 1391 5352 obicum
1414 5299 1487 5347 esse
1509 5276 1696 5359 traiectus,
1722 5272 1883 5366 quotidie
1907 5280 2101 5354 convenire
2122 5289 2191 5359 soli

113 5368 256 5473 h'ersus
276 5392 387 5468 fuisse
409 5383 654 5462 testimonium
678 5376 838 5453 bumauo
852 5401 971 5464 more,
997 5381 1117 5474 qualia
1134 5383 1172 5452 in
1224 5385 1296 5459 sint
1312 5382 1435 5466 multi,
1460 5377 1522 5473 qui
1540 5374 1751 5471 perflumen
1768 5373 1948 5447 transvehi
1968 5381 2115 5474 vellent,
2142 5404 2191 5465 etr
