4530 5776
89 222 138 303 ta
288 218 393 298 xm.
443 220 481 300 d.
504 215 805 299 Enaant'rto
830 219 987 301 Evtsr.
1012 214 1162 297 PAULl
1187 219 1260 295 AD
1286 217 1551 298 ROMANOS.
1601 219 1705 302 Gbl’.
1728 222 1830 303 Xlll.
1974 228 2076 317 toto,

89 392 201 467 uniti
225 389 334 466 ltein:
360 387 518 465 Obedite
533 393 892 485 praepositionestris.
920 390 1026 464 ltem:
1078 390 1190 482 plina.
1242 389 1346 464 Hanc
1363 394 1609 466 definitionem
1626 397 1833 471 intueantur
1848 422 1972 470 omnes
1994 424 2072 471 ma·

89 497 107 568 ti
124 501 217 568 bene
230 508 420 589 praesunt,
444 495 580 588 duplici
596 491 735 567 honore
750 497 850 588 digni
864 511 960 568 sunt.
1077 495 1261 584 gistratus,
1294 511 1330 568 et
1351 498 1505 587 cogitent
1528 522 1601 570 esse
1625 524 1788 572 normam
1808 501 1917 572 totius
1938 506 2071 593 guber-

135 599 194 672 De
211 594 277 669 hac
293 599 572 687 interrogatione
588 613 623 669 et
640 595 697 668 his
712 600 816 670 dictis
838 601 944 692 plane
969 620 1027 667 re·
1078 596 1244 667 nationis.

89 705 211 774 indeo.
262 697 508 772 certissimum
531 715 583 772 est
605 695 691 772 haee
713 724 788 772 non
811 702 1026 772 constituere
1162 690 1304 794 ’Φάρος
1318 700 1491 791 significat
1507 702 1688 775 ordinaria
1703 704 1837 777 tributa
1853 730 1894 777 ex
1910 705 2045 778 fundis.

89 804 224 897 iscopis
246 817 308 874 aut
329 801 536 873 Pastoribus
560 825 710 893 regnum
743 819 838 876 extra
862 801 1027 890 Evange-
1184 796 1294 882 Τέλος
1311 804 1484 893 significat
1499 830 1556 890 ea,
1590 831 1680 902 quae
1695 810 1903 899 penduntur
1915 822 1949 879 et
1964 813 2069 880 rebus

89 932 146 992 m,
173 930 239 976 nec
259 905 418 976 tribuere
441 904 492 973 eis
515 917 725 996 potestatem
749 906 911 999 proprias
933 906 1027 993 leges
1078 899 1224 971 aliunde
1250 907 1417 980 advectis.
1482 905 1577 997 Quia
1609 911 1795 1000 praesidiis
1824 933 1916 1005 opus
1939 926 1990 983 est
2023 913 2069 981 ad

89 1009 242 1090 edendi,
280 1009 373 1078 sicut
401 1028 501 1096 reges
532 1006 627 1078 Deus
658 1008 808 1079 armavit
840 1009 1027 1077 autoritate
1079 999 1302 1094 prohibenda
1319 1008 1504 1079 latrocinia
1522 1009 1562 1078 in
1578 1011 1657 1086 viis.
2064 1023 2066 1027 ‘

89 1111 218 1181 edendi
239 1110 333 1200 leges
355 1111 400 1178 de
423 1107 578 1198 politicis
601 1109 765 1199 negotiis.
824 1106 894 1180 Sed
921 1105 1042 1178 simul
1184 1104 1256 1175 lam
1292 1110 1361 1201 qui·
1389 1111 1540 1181 debebat
1571 1137 1644 1183 esse
1678 1114 1807 1184 modus
1840 1112 2070 1198 tributorum,

89 1238 104 1284 c
120 1213 309 1283 sciendum
323 1224 386 1291 est,
412 1212 612 1301 pastoribus
630 1224 722 1282 recte
737 1213 947 1282 docentibus
965 1210 1027 1278 de-
1080 1209 1273 1280 ostendunt
1290 1213 1396 1281 verba
1416 1209 1604 1285 lobannis:
1625 1213 1746 1297 Estote
1762 1216 1919 1286 contenti
1934 1214 2070 1305 stipen-

89 1312 425 1385 riobedieutiamin
440 1306 517 1396 his,
541 1337 632 1405 quae
653 1327 738 1384 sunt
758 1309 1028 1405 propriamini-
1079 1310 1149 1378 diis
1173 1311 1310 1388 vestris.
1361 1312 1407 1384 Et
1429 1316 1543 1384 sciant
1564 1317 1739 1407 principes
1760 1340 1798 1387 se
1821 1338 1963 1412 quoque
1983 1319 2069 1386 sub-

89 1417 136 1486 rii
171 1413 383 1504 evangelici,
416 1413 500 1507 quia
533 1415 767 1485 certissimum
800 1428 852 1484 est
885 1435 1027 1506 peccare
1080 1410 1189 1483 iectos
1212 1436 1287 1484 esse
1309 1415 1377 1506 legi
1401 1416 1561 1488 divinae:
1595 1417 1678 1488 Non
1701 1416 1971 1489 lurtumlacies.
2022 1414 2068 1489 Et
2181 1422 2192 1433 ‘

89 1520 239 1590 letaliter
252 1539 375 1586 omnes
390 1516 552 1585 nolentes
566 1517 712 1587 obedire
734 1519 910 1586 mandatis
933 1516 1027 1585 divi·
1080 1527 1220 1586 servent
1251 1517 1518 1588 distinctionem
1550 1520 1812 1602 dominiorum,
1855 1519 1969 1592 sciant
1997 1520 2068 1588 alia

89 1647 112 1704 ι,
151 1642 243 1714 quae
274 1630 376 1689 sonat
405 1640 473 1686 vox
496 1619 659 1708 pastoris.
718 1621 823 1689 Item:
859 1617 1027 1688 Nolentes
1080 1639 1153 1684 esse
1177 1616 1308 1690 civium
1340 1622 1501 1712 propria,
1542 1622 1612 1693 alia
1636 1622 1812 1715 ipsorum,
1848 1635 1890 1694 ut
1910 1622 2067 1692 ostendit

1081 1712 1228 1788 historia
1251 1722 1296 1790 de
1319 1723 1420 1791 vinea
1442 1722 1572 1800 Nabot,
1630 1725 1701 1798 Sed
1724 1720 1919 1818 βουλιμίαι
1943 1746 2066 1811 regum

89 1826 132 1899 u‘i.
197 1821 245 1896 Ut
269 1845 349 1892 cum
372 1821 585 1895 Ambrosius
606 1819 850 1893 Theodosium
875 1823 1026 1913 impera·
1079 1833 1112 1889 et
1134 1821 1336 1912 principum
1360 1847 1461 1915 saepe
1486 1850 1559 1895 non
1583 1843 1667 1900 sunt
1690 1839 1876 1899 contentae
1900 1824 2067 1917 legitimis

89 1950 170 2011 nm,
196 1940 229 1996 et
252 1922 405 1994 Basilius
432 1920 617 2009 Valentem
640 1924 887 2017 imperatorem
907 1934 1027 1994 arcent
1078 1924 1322 2010 pensionibus.
1373 1922 1468 2009 Hine
1483 1942 1564 1997 sunt
1581 1929 1744 2020 querelae
1759 1943 1908 2000 veteres:
1935 1920 2066 2020 ταμίαι

89 2027 345 2099 communione.
1079 2018 1220 2117 λαμίαι.
1268 2025 1314 2098 Et
1327 2023 1567 2099 Nazianzenus
1586 2032 1722 2124 inquit:
1749 2028 1886 2102 Briarei
1901 2034 2066 2103 manibus

89 2191 165 2274 cm,
179 2193 356 2268 honorem
377 2190 508 2266 debilis
518 2251 529 2283 ’
555 2193 705 2267 tribum
720 2190 895 2266 honorem
911 2204 974 2271 m·
1080 2150 1201 2217 rapere
1219 2129 1472 2217 gubernatores
1488 2155 1529 2200 ex
1545 2133 1669 2225 populi
1686 2132 1925 2206 facultatibus.

100 2422 103 2427 Ι
139 2335 258 2406 Antea
282 2332 320 2400 in
344 2353 473 2420 genere
495 2330 586 2400 dixit
607 2333 650 2400 de
673 2330 894 2414 obedientia,
928 2353 1025 2400 nnnc
1294 2291 1455 2369 Reddin
1476 2296 1648 2371 mnibus
1671 2295 1846 2375 debllum·

89 2439 167 2510 tdus
191 2436 316 2506 recitat
341 2435 481 2502 interna
504 2446 539 2504 et
563 2447 705 2503 externa
727 2432 861 2515 officia,
898 2430 1025 2501 Hono·
1181 2427 1223 2501 ln
1242 2431 1311 2500 fine
1327 2435 1417 2504 re'dit
1433 2435 1476 2503 ad
1494 2435 1669 2526 generalia
1685 2448 1890 2529 praecepta,
1915 2459 2004 2528 quae
2021 2435 2064 2503 ad

89 2564 133 2626 n,
158 2539 364 2618 Timorem,
388 2533 560 2619 Tributa,
588 2532 791 2625 Vectigalia.
850 2531 920 2604 Hic
936 2558 1025 2627 pon·
1079 2556 1205 2603 omues
1230 2536 1429 2625 pertinent,
1463 2560 1503 2606 ac
1532 2537 1657 2629 repetit
1679 2561 1854 2610 summam
1882 2537 2065 2608 doetrinae

89 2665 124 2713 ra
140 2640 395 2711 vocabulorum
415 2637 695 2710 considerentur.
1079 2639 1122 2705 de
1146 2637 1250 2705 bonis
1272 2639 1460 2729 operibus,
1495 2641 1538 2708 de
1562 2665 1629 2734 qua
1654 2640 1822 2733 proponit
1839 2640 2064 2729 decalogum:

141 2741 268 2812 Honos
289 2754 341 2811 est
366 2739 404 2806 in
431 2739 549 2807 anima
574 2739 704 2822 noticia
729 2738 931 2828 adprobans
959 2737 1025 2806 ali·
1079 2739 1162 2832 quia
1194 2761 1330 2808 necesse
1365 2753 1414 2809 est
1445 2740 1549 2810 tidem
1585 2757 1619 2814 et
1650 2766 1756 2836 opera
1795 2742 1870 2831 regi
1901 2763 2062 2833 expresso

90 2846 127 2916 id
158 2856 305 2936 propter
331 2841 537 2911 mandatum
561 2840 650 2921 Dei,
690 2853 724 2910 et
759 2841 841 2932 quia
864 2837 962 2911 Deus
993 2843 1025 2908 ei
1081 2843 1188 2925 verbo
1212 2838 1302 2924 Dei,
1336 2837 1539 2913 iuxta-haec
1567 2846 1688 2919 dictaz,
1722 2843 1885 2914 Lucerna
1914 2844 2065 2933 pedibus

89 2946 278 3018 mmnnicat
303 2943 512 3034 sapientiam
542 2965 642 3012 suam
672 2954 705 3011 et
732 2941 932 3011 iusticiam:
966 2957 1026 3012 aut
1081 2943 1167 3012 meis
1188 2942 1335 3010 verbum
1359 2957 1470 3012 tuum.
1525 2942 1611 3015 Item
1634 2946 1672 3014 in
1696 2940 1878 3018 Ezechiele
1903 2945 1980 3018 20.:
2021 2944 2063 3013 lu

89 3050 125 3120 ia
150 3060 204 3120 est
223 3068 395 3134 organum
420 3045 612 3135 sapientiae
636 3056 670 3113 et
691 3042 848 3112 iustitiae
870 3040 959 3125 Dei,
993 3059 1027 3115 et
1081 3042 1271 3137 praeceptis
1287 3045 1373 3113 meis
1387 3045 1575 3116 ambulate.
1617 3046 1955 3118 lteminNumeris:
1981 3045 2064 3115 Non

89 3152 255 3240 diligere
269 3149 360 3217 illud
376 3146 472 3216 iuxta
488 3146 652 3216 ordinem
669 3142 776 3214 aDeo
791 3146 976 3216 sancitum.
1079 3145 1300 3219 fornicentur
1321 3145 1415 3215 oculi
1438 3148 1563 3230 vestri,
1596 3163 1637 3221 ut
1660 3149 1848 3220 ambuletis
1868 3150 2064 3218 secundum

103 3308 113 3315 .
139 3250 205 3323 Est
235 3251 345 3340 igitur
375 3243 490 3317 honos
520 3271 601 3337 erga
632 3246 855 3335 magistratus
884 3248 1027 3332 noticia,
1080 3246 1307 3340 cogitationes
1325 3263 1457 3317 vestras
1473 3263 1536 3320 etc.

89 3378 131 3426 ae
153 3353 314 3444 agnoscit
337 3366 370 3421 et
392 3353 538 3433 fatetur,
565 3350 728 3420 ordinem
753 3349 936 3439 politicum
952 3373 1025 3420 esse
1183 3347 1281 3432 ltem‚
1295 3347 1440 3420 Frustra
1458 3375 1513 3419 me
1532 3353 1654 3421 colunt
1671 3350 1846 3422 mandatis
1862 3346 2065 3423 hominum.

89 3480 129 3529 us
150 3453 238 3539 Dei,
273 3467 308 3525 et
329 3454 531 3524 conservari
553 3477 573 3522 a
598 3451 693 3536 Deo,
726 3465 760 3522 et
782 3452 1026 3542 magistratum
1078 3450 1126 3524 Et
1149 3445 1347 3524 Matth.6.:
1380 3450 1462 3521 Non
1487 3455 1568 3522 veni
1590 3454 1726 3522 solvere
1749 3454 1879 3543 legem,
1912 3456 1970 3524 sed
1996 3455 2065 3522 im-

91 3584 111 3630 e
126 3559 308 3629 custodem
324 3556 410 3645 legis
426 3552 512 3639 Dei,
537 3555 622 3624 etin
639 3580 678 3624 ea
694 3555 853 3623 custodia
869 3555 1024 3645 conspici
1079 3558 1186 3651 plere.
1239 3551 1387 3624 Necesse
1406 3568 1458 3624 est
1475 3555 1583 3644 igitur
1604 3556 1641 3624 in
1657 3551 1815 3626 Ecclesia
1833 3558 1985 3648 proponi
2001 3558 2065 3625 de-

89 3661 275 3733 tesentiam
293 3656 359 3726 Dei
376 3659 414 3725 in
429 3680 558 3746 genere
575 3652 751 3736 humano,
779 3668 811 3724 et
831 3655 947 3725 lucere
970 3681 1027 3725 sa·
1078 3658 1259 3744 calogum,
1283 3669 1318 3726 et
1336 3680 1415 3724 eum
1431 3658 1588 3726 enarrari
1603 3658 1692 3728 sicut
1712 3673 1878 3730 enarrant
1891 3654 2064 3740 Christus,

89 3763 210 3834 uttiam
235 3778 269 3830 et
293 3759 468 3829 iusticiam
485 3756 563 3829 Dei.
613 3756 659 3827 Et
683 3770 733 3825 est
758 3757 905 3846 diligere
928 3759 1025 3826 ordi·
1078 3753 1277 3849 Prophetae
1293 3770 1326 3827 et
1343 3757 1524 3846 Apostoli,
1551 3774 1585 3828 et
1600 3783 1739 3851 semper
1754 3762 1791 3828 in
1807 3756 1963 3829 Ecclesia
1980 3762 2064 3827 inde

89 3892 122 3935 m
147 3877 185 3935 et
207 3884 393 3953 personas,
420 3861 590 3930 habentes
614 3853 832 3955 προαίρεσιν
856 3873 947 3929 recte
973 3861 1026 3929 ia·
1078 3883 1190 3953 usque
1213 3883 1231 3930 a
1254 3859 1432 3953 principio
1458 3862 1670 3940 mundisuit
1687 3864 1808 3931 cadem
1825 3862 1981 3951 decalogi
1999 3863 2065 3930 do·
2168 3861 2176 3872 ’

91 3967 177 4050 ndi,
210 3989 300 4060 quae
326 3977 409 4033 sunt
432 3986 562 4053 organa
587 3961 701 4031 divini
731 3961 888 4046 ordinis,
920 3962 1026 4031 etsie
1079 3964 1204 4035 ctrina.

89 4070 214 4160 igere,
250 4082 289 4138 ut
319 4089 384 4134 nos
416 4065 470 4135 illi
496 4065 635 4152 fastigio
671 4063 900 4134 subiiciamus
930 4064 1026 4134 iuxta
1180 4060 1366 4134 Caeterum
1383 4063 1561 4156 quomodo
1580 4063 1810 4153 intelligenda
1834 4063 1880 4134 sit
1903 4063 2064 4134 doctrina

89 4183 225 4262 accepta
248 4165 327 4238 Dei.
385 4166 491 4253 ltem,
515 4182 632 4258 petere
657 4190 676 4235 a
699 4162 796 4250 Deo,
828 4165 961 4257 utipse
983 4166 1028 4236 sit
1080 4169 1125 4237 de
1148 4166 1406 4235 liberationea
1440 4165 1534 4255 lege,
1567 4168 1827 4256 supradictum
1851 4180 1922 4252 est,
1953 4179 1986 4235 et
2010 4188 2065 4234 se·

89 4267 349 4345 ttoshuinssui
364 4271 521 4350 ordinis,
549 4284 581 4339 et
597 4272 693 4357 regat
708 4290 784 4351 eos,
811 4268 942 4360 quibus
957 4282 1026 4338 tra·
1081 4269 1203 4364 quenti
1227 4268 1340 4357 capite
1364 4269 1484 4335 eadem
1510 4267 1696 4358 explicatio
1720 4280 1909 4358 repetetur.
1961 4265 2065 4336 Nunc

89 4377 134 4447 lit
156 4374 358 4465 imperium.
416 4369 513 4441 Haec
542 4372 673 4441 noticia
702 4382 734 4439 et
755 4370 965 4460 approbatio
989 4371 1027 4437 in
1081 4371 1350 4441 considerentur
1374 4369 1464 4438 dicta
1486 4369 1610 4457 legalis
1634 4365 1701 4439 hoc
1728 4370 1831 4439 loco:
1871 4368 2067 4440 Persolvite

89 4493 179 4563 ente,
206 4477 292 4549 etin
313 4473 495 4545 voluntate
519 4473 683 4557 dilectio,
708 4472 880 4541 subiectio
898 4487 932 4541 et
950 4495 1029 4561 pre·
1081 4472 1248 4543 omatibus
1266 4472 1436 4540 debitum.
1487 4469 1563 4540 Hac
1578 4494 1663 4539 voce
1680 4472 1925 4642 complectitur
1947 4471 2065 4540 omnia

89 4581 133 4651 tio
157 4602 222 4671 pro
247 4577 406 4668 imperiis
429 4590 511 4646 sunt
536 4575 679 4667 proprie
701 4568 828 4646 honos.
888 4574 1030 4644 Deinde
1082 4575 1195 4644 ollicia
1227 4573 1265 4642 in
1298 4573 1465 4642 societate
1494 4574 1697 4642 necessaria.
1792 4574 1874 4645 ubet
1896 4574 2067 4664 praestari

89 4705 143 4768 ‚ata
165 4694 305 4751 aeterna
335 4674 484 4749 honoris
516 4700 607 4770 quae
636 4677 709 4746 sint
735 4688 861 4746 notum
886 4690 958 4761 est,
990 4690 1031 4746 ut
1083 4700 1157 4745 non
1173 4676 1286 4745 solum
1302 4675 1457 4744 debitam
1470 4674 1706 4744 obedientiam
1721 4676 1982 4766 superioribus,
2006 4677 2067 4745 sed

89 4798 184 4856 ctere
204 4804 318 4872 genua
341 4779 515 4870 significat
539 4779 800 4850 subiectionem
822 4777 878 4847 sui
903 4778 942 4846 in
968 4802 1031 4847 vo·
1084 4779 1190 4848 etiam
1207 4778 1352 4847 caeteris
1367 4777 1484 4846 debita
1500 4776 1636 4862 officia,
1661 4777 1888 4869 parentibus,
1913 4776 2067 4864 coniugi,

89 4898 194 4958 ntate.
381 4960 386 4977 ⁸
1085 4882 1233 4960 liberis,
1272 4878 1439 4950 familiae.
1504 4876 1606 4950 lubet
1636 4879 1721 4949 item
1755 4881 1795 4950 in
1828 4879 2067 4950 contractibus

145 4985 202 5058 De
217 4980 343 5080 officiis
363 4984 588 5074 magistratus
608 4982 811 5072 complexus
834 4994 886 5052 est
900 4978 1034 5052 Paulus
1085 4983 1283 5075 cuicunque
1305 5002 1362 5049 res
1385 4979 1521 5051 debitas
1542 4994 1577 5051 et
1593 4984 1778 5074 pecuniam
1795 4983 1949 5052 debitam
1967 4973 2067 5047 exbi-

89 5111 237 5168 mmam‚
272 5106 352 5153 cum
375 5086 443 5171 ait,
476 5108 550 5154 esse
573 5083 776 5153 ministrum
797 5081 883 5166 Dei,
909 5096 949 5153 ut
964 5108 1031 5174 pu·
1083 5085 1179 5169 beri,
1204 5085 1299 5178 iuxta
1316 5095 1541 5174 praeceptum
1559 5084 1734 5175 decalogi:
1768 5082 1849 5154 Non
1865 5084 1998 5150 furtum
2013 5079 2067 5147 la·

89 5205 119 5264 tt
133 5185 418 5261 malefacientes.
468 5184 515 5257 Et
535 5208 672 5257 summa
696 5180 948 5274 comprehendi
966 5209 1029 5276 po·
1084 5188 1164 5277 cies.
1214 5182 1453 5257 Psalmus27.
1477 5185 1612 5279 inquit:
1647 5184 1782 5276 lmpius
1804 5196 1928 5252 mutuo
1950 5181 2069 5265 sumit,

89 5293 173 5365 tin
202 5285 269 5358 hac
298 5286 531 5359 definitione:
570 5287 799 5376 Magistratus
831 5301 883 5357 est
914 5301 1030 5356 custos
1083 5301 1117 5359 et
1132 5311 1205 5359 non
1223 5286 1357 5372 reddit,
1381 5287 1497 5359 iustus
1516 5302 1634 5358 autem
1656 5288 1844 5355 miseretur
1859 5296 1893 5355 et
1909 5283 2069 5374 largitur.

89 5393 147 5487 gis,
170 5388 336 5466 videlieet
348 5390 532 5486 utriusque
547 5392 688 5463 tabulae
704 5389 742 5459 in
759 5398 902 5461 externa
919 5388 1027 5459 disci·
1080 5389 1135 5464 Ac
1149 5388 1322 5484 repetitur
1334 5389 1422 5476 *ideo
1433 5381 1495 5461 hic
1506 5389 1718 5479 decalogus,
1731 5401 1783 5459 nt
1795 5381 1946 5458 aciemn·
1960 5399 2069 5458 totam
