4522 5782
108 207 185 293 sse
339 232 348 241 ·
406 250 411 257 -
539 270 587 291 ,.
677 189 804 277 rata
831 189 950 271 stru
973 188 1188 269 scotera
1214 163 1513 270 nxaunrtss.
1710 246 1713 251 .
1791 264 1796 273 ,
1853 238 1859 287 ÷
1922 226 1934 245 .
2065 190 2142 289 aaa

111 383 247 476 cipere,
285 390 320 447 et
346 381 579 467 aspernentur
603 360 699 439 hanc
720 364 939 437 ineffabilem
957 363 1100 438 bonita-
1152 381 1219 453 tae,
1244 367 1515 458 compromittit
1532 366 1653 454 vitam,
1681 365 1718 435 id
1737 377 1801 449 est,
1823 364 2009 451 laetitiam,
2030 366 2143 443 vieto-

112 504 203 570 nm,
230 490 390 573 pereuni·
446 471 519 545 Nec
540 471 625 541 fides
648 482 703 541 etl
723 469 835 541 otiosa
859 465 1009 555 noticia,
1040 469 1101 537 sed
1152 470 1263 548 riam,
1289 483 1467 539 aeternam
1484 469 1632 541 salutem
1647 470 1816 541 credenti.
1856 466 1928 540 Sed
1941 464 2142 564 sycophan-

113 606 268 659 erescere
283 603 362 652 eam
378 580 417 647 in
435 576 577 647 assidua
591 574 706 657 lucta,
733 571 770 641 in
792 571 1038 651 invocatione,
1063 567 1103 638 in
1154 585 1208 641 tae
1231 571 1375 665 qnidam
1398 573 1661 641 calumniantur
1676 593 1823 662 gnoma
1844 595 1863 641 a
1881 568 1994 642 Paulo
2011 570 2141 663 citatas,

113 686 282 763 omnibus
304 679 455 772 negotiis
481 690 517 748 et
541 675 708 768 periculis
739 687 890 766 oportet.
956 670 1104 763 Semper
1154 675 1279 743 dicunt
1301 673 1391 743 rnale
1421 677 1575 745 detortas
1604 697 1679 743 esse
1704 674 1747 744 ad
1772 670 1960 743 Paulinam
1992 694 2139 753 causam

114 793 231 861 luceat
246 785 286 855 in
301 783 489 863 cordibus,
515 777 609 872 quod
626 776 723 847 Deus
739 788 883 866 propter
899 773 1012 845 lilium
1029 796 1104 842 me-
1154 774 1233 845 Hoc
1257 775 1448 868 inquiunt,
1474 776 1597 867 agebat
1618 774 1769 860 Paulus,
1794 771 1960 845 homines
1984 779 2136 849 reconci-

115 893 292 967 diatorem
306 885 412 956 nobis
426 880 472 952 sit
487 879 682 972 propicius,
702 878 749 949 sit
762 876 1015 969 opitulaturos.
1057 874 1104 946 Et
1155 877 1234 947 liari
1256 874 1334 947 Deo
1367 902 1430 966 per
1463 878 1567 947 iidem
1594 879 1632 945 in
1658 873 1867 948 Christum:
1901 890 1937 946 at
1964 873 2135 970 Propheta

116 992 183 1067 hac
197 992 265 1061 lide
280 989 485 1058 invocemus
500 1006 579 1052 eum
588 1031 600 1066 ,
628 994 662 1051 et
683 994 841 1071 petamus
855 979 1018 1049 omnium
1041 1001 1103 1047 ne·
1156 1003 1230 1049 non
1252 978 1342 1048 dixit
1363 979 1400 1047 in
1422 1002 1463 1049 eo
1485 980 1562 1050 loco
1587 982 1632 1049 de
1645 975 1799 1050 Christo.
1851 976 1938 1051 Item
1954 1002 2038 1051 cnm
2056 981 2134 1055 alibi

117 1095 297 1187 gotiorum
326 1102 361 1160 et
398 1085 635 1178 periculorum
670 1080 976 1171 gubernationem.
1052 1076 1105 1148 lta
1157 1081 1240 1151 citat
1257 1081 1391 1151 dictum
1409 1082 1452 1149 de
1470 1082 1539 1150 lide
1556 1077 1737 1151 Abrahae:
1762 1075 1945 1150 Abraham
1970 1085 2084 1156 credit
2103 1108 2134 1157 se

118 1206 280 1269 crescunt
298 1192 338 1261 in
353 1188 519 1259 cordibus
535 1186 676 1274 piorum
693 1183 797 1269 lides,
822 1197 856 1254 et
873 1205 955 1260 vera
969 1181 1104 1272 agnitio
1157 1181 1363 1252 habiturum
1379 1198 1535 1273 posteros
1552 1206 1642 1253 exse
1660 1197 1880 1274 propagatos,
1941 1183 2042 1274 Quid
2058 1187 2134 1259 hm

118 1298 198 1370 Ilei.
250 1292 357 1383 Quod
379 1304 495 1360 antem
518 1310 598 1356 vera
614 1286 662 1356 sit
677 1284 874 1372 sententia,
898 1308 1006 1378 quam
1022 1306 1106 1375 pro·
1157 1284 1262 1366 fides,
1289 1284 1477 1377 inquiunt,
1509 1286 1552 1355 ad
1570 1283 1671 1356 Pauli
1697 1308 1836 1354 carssam
1855 1288 2033 1374 pertinet?
2071 1287 2133 1363 lie-

117 1397 256 1491 posuit,
282 1393 464 1476 videlicet,
490 1389 559 1459 lide
581 1384 745 1458 homines
766 1388 877 1458 iustos
899 1408 993 1472 esse,
1026 1408 1107 1455 mox
1159 1389 1336 1478 spondeo:
1372 1384 1543 1457 Tenenda
1566 1401 1618 1458 est
1641 1388 1781 1475 regula,
1817 1389 2044 1480 quodetiam
2063 1414 2133 1463 coar

119 1501 219 1573 addit
234 1494 500 1577 testimonium,
526 1505 566 1562 ut
580 1491 724 1561 auditor
739 1490 825 1558 sciat
838 1486 1009 1560 Paulinae
1022 1511 1108 1557 con·
1159 1490 1244 1559 lides
1268 1502 1426 1559 versatur
1449 1488 1541 1559 circa
1560 1490 1757 1580 corporalia
1780 1490 1916 1559 obiecta
1931 1514 1995 1561 seu
2009 1492 2132 1564 benei-

118 1603 237 1671 ciones
263 1620 343 1667 vere
363 1615 557 1676 congruere
578 1616 658 1661 cum
683 1584 918 1682 propheticis,
943 1602 979 1662 et
1001 1613 1108 1660 reno.
1159 1591 1232 1675 (ᾗ,
1265 1603 1382 1660 gamen
1403 1614 1542 1682 ,emper
1565 1593 1840 1682 „pemmonem
1864 1594 2062 1685 corporalis
2079 1597 2133 1667 be.

117 1728 205 1773 im
218 1698 409 1793 A1²⁰⁸¹⁰¹⁰⁸
425 1687 686 1786 P¹⁸⁰Ph²llss¹m
703 1693 917 1768 docuinam.
1160 1691 1276 1763 nehcii
1292 1691 1332 1760 in
1355 1694 1519 1764 credente
1537 1694 1714 1785 praecedit
1732 1694 1834 1779 fides,
1862 1718 1953 1786 quae
1978 1710 2030 1767 est
2051 1694 2135 1769 fidu.

404 1858 537 1933 [θείω
564 1855 702 1954 &fide
725 1857 812 1931 vivit
1161 1795 1214 1865 cia
1237 1793 1517 1876 misericordiae,
1548 1809 1581 1866 et
1603 1795 1730 1886 accipit
1753 1795 1999 1867 remissionem
2026 1823 2136 1891 pecer-

1161 1910 1291 1967 torum.
1353 1893 1459 1966 lacob
1480 1909 1635 1986 expectat
1665 1898 1905 1966 defensionem
1931 1915 2057 1973 eontra
2076 1896 2136 1973 ho-

222 2001 408 2094 Perspicua
425 2011 476 2068 est
491 1992 677 2069 antithesis
692 1998 730 2066 in
748 1992 866 2068 Galat.
889 1997 955 2069 ubi
973 1997 1109 2093 inquit:

1162 2011 1249 2082 stes,
1282 1994 1398 2068 David
1431 2012 1588 2089 expectat
1618 1998 1820 2081 victoriam,
1855 2000 1914 2068 sed
1939 2003 2022 2073 ideo
2043 2026 2138 2097 erpe-

121 2109 229 2201 Quod
254 2118 371 2175 autem
395 2102 470 2190 lege
492 2122 596 2170 nemo
623 2098 851 2185 iustificetur,
884 2101 1110 2171 manifestum
1161 2111 1279 2184 ctant,
1304 2100 1386 2198 qtria
1409 2102 1568 2173 sentinat
1586 2123 1623 2170 se
1648 2094 1779 2171 habere
1794 2098 1908 2171 Deum
1933 2106 2138 2199 propicium,

121 2227 193 2303 est,
219 2208 302 2302 quia
318 2207 433 2275 iustus
448 2227 489 2272 ex
504 2203 573 2271 lide
589 2202 695 2273 vivet.
746 2198 820 2271 Lex
834 2217 952 2274 autem
967 2227 1040 2274 non
1058 2216 1111 2274 est

121 2298 163 2385 ex
187 2311 274 2395 lide,
310 2307 372 2377 sed
395 2304 456 2398 qui
478 2304 598 2373 lecerit
620 2328 679 2385 ea,
713 2301 807 2372 vivet
829 2304 868 2372 in
891 2304 975 2375 illis.
1040 2303 1111 2374 Hic

119 2413 306 2484 manileste
321 2407 444 2479 delinit
461 2404 636 2474 iusticiam
653 2403 738 2493 legis
753 2426 838 2487 esse,
858 2405 972 2475 iacere
986 2405 1111 2494 legem,

121 2514 191 2585 hoc
216 2526 286 2594 est,
327 2520 504 2601 praestare
534 2506 722 2597 perfectam
754 2505 994 2577 obedientiam
1027 2508 1110 2598 legi.

120 2615 171 2687 At
185 2637 290 2685 nemo
306 2608 398 2681 hanc
414 2621 575 2698 praestat,
599 2608 679 2677 ideo
697 2606 910 2699 proponitur
922 2608 990 2677 alia
1008 2609 1110 2679 iusti-

120 2719 195 2798 cia,
222 2713 376 2797 scilicet,
403 2709 540 2780 iusticia
563 2732 626 2799 per
641 2708 920 2778 misericordiam
937 2710 1109 2802 imputata

1161 2201 1252 2272 Nam
1275 2203 1489 2273 conscientia
1514 2228 1587 2272 nou
1611 2217 1726 2295 potest
1748 2203 1815 2272 alia
1839 2204 2010 2291 beneficis
2035 2206 2138 2279 aDeo

1162 2318 1280 2395 petere
1301 2316 1336 2374 et
1358 2318 1556 2394 expectare,
1583 2306 1612 2374 si
1636 2306 1765 2376 sentiat
1787 2328 1866 2372 enm
1891 2309 1996 2380 nohis
2017 2311 2141 2383 iratum

1163 2429 1254 2490 esse,
1279 2428 1345 2474 nos
1362 2430 1436 2475 non
1454 2408 1629 2477 exaudire.
1680 2405 1827 2477 Necesse
1850 2423 1901 2480 est
1924 2410 2038 2502 igitur
2056 2436 2141 2501 scroj-

1162 2532 1225 2598 pcr
1239 2509 1447 2596 praecedere
1464 2509 1629 2578 fiduciam
1652 2509 1927 2586 misericordiae.
1979 2512 2032 2587 Et
2051 2517 2142 2589 diets

1162 2608 1297 2678 deiide
1321 2609 1360 2678 in
1388 2632 1515 2698 genere
1538 2633 1676 2701 semper
1698 2613 1983 2702 complectuntur
2013 2618 2145 2690 seties

1162 2712 1235 2780 lum
1254 2711 1299 2780 de
1324 2711 1530 2781 remissione
1553 2725 1787 2804 peccatorum.
1839 2714 1899 2786 Sic
1921 2717 1961 2788 in
1985 2722 2143 2793 oratione

120 2815 300 2900 credenti,
334 2810 552 2898 confugienti
586 2811 630 2879 ad
668 2811 956 2880 miscricordiam.
1017 2810 1108 2884 Cum

120 2921 231 3011 igitur
244 2910 422 3014 Propheta
446 2912 580 3004 iuquitt
607 2908 723 2983 lustns
746 2935 786 2981 cx
808 2911 877 2982 fide
901 2913 1015 3000 vivet,
1041 2916 1108 2984 do·

120 3037 175 3093 cet
191 3022 240 3092 ita
257 3021 399 3089 demum
413 3038 479 3084 nos
494 3016 605 3083 iustos
621 3036 713 3096 esse,
738 3037 812 3083 nou
827 3038 906 3084 cum
922 3014 1034 3105 legem
1052 3016 1110 3086 in·
1161 3016 1297 3101 audiri,
1324 3017 1352 3084 si
1370 3015 1466 3087 Deus
1488 3019 1534 3090 sit
1556 3017 1661 3087 nohis
1684 3020 1882 3109 propicius,
1909 3038 1944 3095 et
1966 3050 2043 3097 esse
2063 3052 2138 3119 pro·

119 3138 281 3201 tuemur,
307 3140 478 3189 noncnm
496 3116 644 3185 virtutes
659 3127 797 3185 nostras
813 3130 846 3185 et
868 3117 957 3187 lacta
976 3141 1109 3209 propo·
1161 3119 1293 3208 picium
1317 3132 1462 3210 propter
1480 3116 1672 3191 Christum.
1725 3117 1809 3191 ldeo
1834 3126 1951 3195 statim
1971 3131 2139 3222 seqnitur:

118 3225 238 3297 nimus
252 3220 344 3292 Deo:
378 3219 438 3288 sed
455 3240 535 3289 cum
553 3217 640 3300 hdr,
666 3216 702 3286 id
723 3229 794 3302 est,
818 3217 946 3288 fidncia
970 3221 1110 3290 miseri·
1160 3218 1207 3290 Et
1222 3223 1363 3291 remitte
1378 3221 1482 3291 nobis
1499 3220 1616 3291 debita
1631 3235 1764 3295 nostra.
1816 3221 1886 3295 Sed
1911 3248 2059 3321 quaerar
2079 3231 2138 3301 alt.

120 3327 261 3397 cordiae
296 3321 483 3393 statuimus
512 3319 616 3389 nobis
647 3313 763 3388 Deum
793 3319 993 3410 propicium
1024 3345 1110 3407 esse,
1162 3322 1259 3413 quis:
1306 3321 1411 3394 Umle
1438 3337 1566 3394 norant
1597 3335 1712 3412 patres
1744 3318 1837 3395 hanc
1862 3329 2068 3401 doctrinam
2099 3335 2139 3403 da

119 3452 186 3497 nos
203 3423 388 3506 exaudire,
416 3419 507 3491 velle
532 3442 688 3505 servare,
714 3433 750 3491 et
771 3433 993 3512 expectamus
1013 3425 1108 3494 salu·
1161 3423 1290 3492 fiducia
1315 3423 1598 3509 misericordiae,
1632 3438 1666 3495 ct
1687 3426 1732 3495 de
1755 3428 1962 3502 remissione
1983 3449 2136 3526 peceato-

120 3545 204 3600 tem.
255 3522 352 3596 Haec
367 3547 408 3593 ex
424 3520 598 3595 sententia
612 3521 697 3593 dicti
711 3517 923 3613 prophetici.
972 3519 1109 3597 Obser-
1161 3524 1271 3594 rum?
1307 3523 1541 3616 Respondeo:
1581 3524 1635 3597 De
1656 3520 1724 3596 boc
1756 3529 1906 3604 articulo
1940 3540 2136 3626 pugnabant

119 3630 219 3701 tabis
253 3641 371 3699 autem
404 3623 487 3693 fidei
520 3627 609 3695 duas
643 3623 766 3693 landes
798 3623 960 3716 ingentes
985 3626 1109 3708 tribui,
1159 3619 1358 3717 Prophetae
1378 3651 1457 3697 cum
1475 3629 1678 3699 doctoribus
1692 3628 1791 3719 legis.
1836 3630 1920 3706 ldeo
1935 3649 1988 3709 tot
2003 3638 2137 3723 Psalmi,

118 3733 216 3828 quod
235 3728 400 3801 videlicet
417 3726 486 3796 fide
509 3741 544 3796 et
569 3724 799 3797 iustihcemnr
823 3741 858 3798 et
879 3727 1109 3803 vivificemur.
1160 3742 1214 3799 tot
1236 3729 1330 3798 dicta
1345 3725 1604 3820 Prophetarum
1625 3729 1864 3804 vociferantur
1885 3733 2051 3811 homines
2071 3764 2135 3811 non

117 3832 215 3915 Dens
228 3835 323 3903 euim
341 3829 422 3899 ideo
441 3828 553 3898 hlium
571 3840 673 3899 suutn
688 3850 754 3918 pro
772 3828 877 3898 nobis
892 3831 1002 3915 dedit,
1027 3833 1119 3902 ideo·
1161 3852 1234 3899 esse
1249 3832 1359 3902 iustos
1376 3832 1470 3920 lege,
1496 3847 1531 3903 et
1545 3832 1726 3902 inculcant
1740 3835 1929 3909 conciones
1944 3841 1989 3912 de
2008 3842 2133 3914 miseri-

118 3936 274 4007 uobislit
289 3932 485 4025 propicius,
509 3952 555 3998 ne
570 3951 771 4020 pereamus,
796 3931 889 4001 sicut
907 3930 1027 4024 inquit
1049 3934 1106 4004 iu·
1161 3931 1293 4004 cordia.
1345 3926 1392 4003 Et
1406 3930 1529 4003 Esaias
1545 3935 1674 4004 diserte
1698 3935 1833 4029 inquit,
1856 3939 2027 4014 Maeciam
2048 3948 2133 4016 snm.

27 4068 30 4073 ·
117 4060 216 4110 raus:
247 4034 359 4118 Vivo,
380 4032 465 4102 nolo
482 4047 631 4102 mortem
652 4033 863 4122 peccatoris,
888 4032 948 4103 sed
968 4047 1108 4107 utcon-
1160 4057 1240 4103 rum
1264 4033 1444 4103 victimam
1472 4060 1537 4127 pro
1565 4051 1718 4127 peccato.
1776 4034 2018 4116 Renovabant
2039 4047 2130 4139 igitur

119 4152 277 4212 vertatur
304 4149 337 4205 et
361 4135 470 4203 vivat.
530 4129 621 4203 Cum
645 4153 746 4201 mens
769 4135 1016 4230 perterrefacta
1039 4136 1109 4206 hde
1161 4134 1451 4226 promissionem,
1487 4138 1643 4229 primum
1675 4140 1792 4224 Adae,
1824 4159 1945 4236 postea
1978 4143 2130 4221 Abrahae

121 4240 243 4310 statuit
260 4238 329 4307 sibi
346 4234 478 4305 remitti
496 4246 656 4325 peccata,
681 4232 788 4303 simul
810 4234 983 4307 liberatur
1005 4263 1026 4307 a
1046 4260 1110 4329 pa·
1158 4237 1286 4306 iactam
1302 4238 1346 4307 de
1367 4253 1517 4309 venturo
1535 4240 1740 4324 liberators,
1769 4244 2017 4338 intelligebant
2032 4249 2130 4323 Deam

121 4340 286 4418 vocibus,
313 4353 346 4407 et
370 4336 526 4427 concipit
550 4341 669 4407 veram
690 4335 989 4417 consolationem,
1018 4362 1108 4433 quae
1159 4337 1361 4429 promisisse
1377 4341 1699 4411 reconciliationem
1723 4361 1867 4435 propter
1889 4350 1995 4423 illum
2016 4354 2130 4425 libera·

119 4457 171 4513 est
189 4442 342 4511 incoatio
357 4440 394 4508 in
412 4439 516 4509 nobis
531 4437 623 4507 vitae
639 4449 816 4522 aeternae,
840 4437 931 4508 sicut
945 4433 1109 4513 Christus
1159 4453 1272 4511 torem
1300 4452 1334 4509 et
1356 4440 1638 4530 benedictorem,
1669 4447 1713 4512 dc
1737 4471 1808 4536 quo
1824 4450 1960 4522 dictum
1976 4470 2045 4529 est:
2074 4452 2129 4527 Cs-

118 4544 260 4634 ioquit:
303 4540 398 4612 Haec
424 4555 474 4611 est
497 4540 571 4611 vita
595 4553 757 4624 aeterna,
796 4549 838 4609 ut
857 4556 1048 4631 agnoscant
1072 4556 1109 4615 le
1160 4554 1224 4632 put
1247 4543 1421 4633 serpentis
1449 4557 1619 4619 conteret.
1686 4548 1728 4614 ln
1750 4544 1841 4621 hauc
1871 4557 2128 4642 promissionem

115 4642 232 4715 Deum
255 4668 395 4727 verum,
431 4657 464 4714 et
484 4665 588 4736 quem
610 4640 738 4711 misisti
761 4637 877 4710 lesum
903 4663 976 4712 esse
999 4639 1107 4715 Chri·
1159 4642 1392 4713 intuebantur
1423 4658 1457 4715 et
1488 4660 1619 4716 norant
1659 4650 1885 4739 promissioni
1927 4661 2129 4730 credendum

116 4762 221 4818 stum.
273 4743 394 4834 Quare
414 4745 567 4815 sciamus
581 4742 687 4813 simul
701 4766 782 4811 cum
799 4743 1006 4815 remissione
1024 4770 1106 4839 pec·
1159 4766 1253 4828 esse,
1279 4759 1425 4837 propter
1438 4740 1529 4817 hauc
1549 4752 1778 4839 expectabant
1792 4756 1912 4826 omnia
1928 4774 2066 4832 caetera
2081 4764 2132 4833 he·

114 4864 274 4919 catorum
300 4860 335 4918 et
365 4845 651 4917 reconciliatione
678 4845 907 4916 coniunctam
939 4869 1013 4916 esse
1041 4850 1108 4918 do-
1160 4845 1295 4917 nclicia.
1345 4848 1403 4917 Ad
1418 4841 1510 4918 hanc
1525 4851 1796 4940 promissionem
1818 4859 1863 4927 de
1885 4876 2043 4936 ventum
2058 4864 2132 4935 tiber

114 4951 297 5022 nationem
314 4946 471 5037 Spiritus
485 4947 616 5032 sancti,
643 4947 795 5017 sciamus
809 4970 958 5039 regnum
972 4945 1107 5023 Christi
1158 4962 1294 5033 ratore,
1321 4950 1523 5021 referebant
1543 4967 1693 5024 caeteras
1720 4959 1984 5046 promissiones.
2044 4963 2133 5038 Vati·

113 5052 151 5120 iu
181 5050 356 5133 Ecclesia,
390 5045 457 5119 hoc
480 5062 550 5133 est,
584 5049 705 5133 iustis,
740 5071 815 5119 non
838 5071 912 5120 esse
939 5051 1106 5135 otiosum,
1158 5049 1325 5120 cinantur
1347 5046 1546 5144 Prophetae
1568 5057 1766 5126 rediturum
1801 5084 1874 5132 esse
1906 5069 2079 5156 populum
2098 5090 2133 5139 ax

113 5158 173 5223 sed
199 5177 279 5224 vere
303 5151 424 5222 adesse
446 5149 552 5219 nobis
573 5150 685 5219 lilium
705 5146 793 5235 Dei,
822 5172 905 5221 vere
924 5152 1107 5225 destruere
1157 5149 1361 5246 Babylone,
1403 5155 1485 5247 quia
1510 5172 1638 5227 norant
1667 5174 1831 5249 oportere
1851 5164 2025 5240 Messinm
2048 5171 2136 5243 nasci

111 5280 217 5342 opera
239 5254 394 5337 diaboli,
421 5274 662 5344 propugnare,
688 5250 876 5338 adiuvare,
907 5264 940 5324 et
963 5277 1104 5328 servare
1158 5279 1199 5323 ex
1222 5253 1331 5339 luda,
1373 5268 1408 5327 et
1432 5258 1547 5348 palam
1577 5260 1680 5329 edere
1708 5257 1944 5355 Evangelium
1976 5271 2017 5341 in
2045 5274 2137 5350 sinn,

113 5358 304 5428 credentes.
346 5352 442 5427 Haec
459 5354 579 5425 omnia
595 5352 845 5447 complectitur
858 5377 925 5429 vox
941 5352 1104 5451 Prophe·
1129 5352 1133 5405 ¹
1156 5354 1260 5428 Hanc
1274 5357 1505 5450 principalem
1531 5362 1802 5453 promissionem
1826 5368 2037 5459 intuentur,
2062 5398 2136 5459 cum

1161 2813 1396 2905 quotidiana,
1426 2838 1510 2884 cum
1542 2814 1693 2905 petimus
1724 2838 1851 2905 panem
1881 2823 2140 2910 quotidianum,

1163 2914 1281 2984 veniat
1301 2914 1339 2982 in
1361 2931 1532 3001 mentem,
1567 2912 1659 2986 hanc
1680 2917 1887 3007 petitionem
1910 2936 2071 2997 nostram
2087 2949 2140 2996 cx·
