4522 5782
40 213 110 289 Ι
177 258 181 267 ·
294 201 297 215 '
407 207 491 285 llll.
544 207 1140 290 suamvoluntatem
1165 200 1383 293 tottttttS.
1431 208 1540 291 CAP.
1566 212 1704 305 xvut.
1941 244 1944 249 ·
2002 214 2083 301 Μ

40 386 102 461 nis
124 381 186 459 10.
216 406 329 456 cosns
352 407 434 456 cum
455 382 592 455 Lazaro
622 386 662 456 in
678 381 856 459 Bethania
881 389 921 458 in
950 389 1044 460 sab··
1087 388 1296 480 precatione
1324 412 1400 459 non
1422 389 1537 461 solum
1568 390 1745 461 naturalis
1767 389 1940 483 quaedam
1963 403 2016 463 est
2040 392 2079 461 in

40 493 134 563 batos
191 486 261 560 Die
293 486 357 564 20.
389 488 465 557 dies
494 486 713 561 Palmarum.
772 488 842 562 Die
863 493 926 563 21.
956 517 1034 562 ms·
1085 489 1260 563 Cicerone
1276 491 1358 580 fuga
1377 492 1521 575 mortis,
1545 494 1609 562 sed
1635 493 1741 562 etiam
1766 493 2078 570 accedunt‚vitiosi

40 592 159 664 ledisit
173 590 269 677 boui,
296 605 331 662 et
345 592 386 661 iu
403 590 537 682 templo
553 593 743 664 acerrimas
761 594 952 664 conciones
969 591 1033 665 ha-
1084 594 1249 680 affertus,
1277 608 1460 665 succenset
1473 591 1573 675 Deo,
1601 595 1773 680 miratur,
1797 619 1862 667 eur
1876 592 1964 683 baec
1976 620 2080 687 prae-.

40 696 132 779 buit,
157 695 316 789 quaein
331 689 517 767 Mettbaeo
543 708 674 767 estant.
727 693 796 768 Die
825 699 887 768 st.
922 721 1032 768 coena
1085 712 1183 769 stans
1199 710 1326 768 natura
1344 699 1452 769 tantis
1470 698 1573 767 malis
1592 711 1740 769 onerata
1759 698 1823 784 sit,
1848 722 1950 789 aegre
1973 700 2079 771 amit-

41 791 267 871 ioBetbsnia
290 798 330 867 in
353 799 463 867 domo
484 795 645 870 Simonis
665 799 809 892 leprosi.
871 801 944 872 Die
968 801 1031 875 23.
1085 800 1128 872 tit
1147 801 1468 893 vitaevoluptates.
1520 799 1571 871 lta
1586 801 1626 871 in
1642 801 1723 871 aliis
1744 801 1807 871 alii
1827 804 2000 873 accedunt
2021 802 2080 873 in·

41 902 152 995 pastio
183 897 307 974 ludas.
372 897 442 971 Die
472 897 536 975 24.
572 902 650 971 dies
679 925 908 997 azymorum,
952 926 1033 975 esus
1084 903 1243 974 ordinati
1260 918 1389 978 motus.
1442 901 1547 974 Atio
1565 899 1734 988 Christo,
1767 903 1832 976 etsi
1858 919 1910 976 est
1930 917 2078 976 natura·

41 1005 134 1096 agni,
174 1017 210 1074 et
239 1003 417 1075 institutio
441 1027 573 1074 coenae
598 1002 820 1081 Dominicae.
878 1006 1034 1101 Fuitque
1090 1006 1135 1076 lis
1151 1007 1234 1095 fuga
1250 1007 1376 1078 mortis
1390 1022 1425 1079 et
1440 1007 1564 1091 dolor,
1590 1022 1708 1078 tamen
1727 1005 1813 1077 haec
1829 1031 1902 1077 non
1920 1019 2005 1080 suot
2020 1008 2079 1078 in·

41 1130 140 1178 secus
154 1099 342 1199 paschatis
366 1104 517 1177 Mosaici
537 1108 656 1178 diess
683 1131 828 1200 vespere
849 1111 927 1181 eius
946 1110 1032 1194 diei,
1086 1110 1263 1184 ordinata.
1327 1107 1453 1181 Postea
1484 1134 1568 1180 vero
1605 1124 1691 1180 sunt
1719 1110 1863 1181 dolores
1894 1105 2080 1197 horrendi,

41 1209 469 1302 adpostridianumiuxta
485 1210 883 1284 rationemMosaicam.
910 1212 1033 1303 Quare
1084 1235 1238 1306 quorum
1260 1213 1543 1302 magnitudinem
1568 1236 1632 1283 nec
1657 1208 1838 1294 homines,
1877 1238 1942 1283 nec
1962 1214 2080 1304 angeli

42 1308 249 1385 Christuset
267 1312 428 1403 legitimo
452 1313 511 1382 die
533 1315 688 1387 comedit
709 1336 861 1405 agnum,
887 1329 922 1386 et
946 1340 1032 1386 vero
1083 1315 1151 1385 ulli
1168 1329 1314 1405 possunt
1332 1315 1463 1410 eloqui.
1517 1313 1592 1387 Scit
1613 1311 1779 1388 Christus
1799 1312 1914 1386 Qum
1939 1340 2021 1387 vere
2044 1330 2080 1389 et

9 1409 500 1507 :metamaucensium
523 1431 585 1488 est.
644 1415 711 1488 Die
739 1419 800 1494 25.
837 1420 1032 1490 crucifixio.
1085 1413 1308 1490 horribiliter
1324 1419 1429 1489 irasci
1447 1420 1611 1511 peccatis,
1638 1414 1781 1489 etbanc
1797 1418 1887 1488 iram
1905 1418 1995 1489 inse
2015 1420 2079 1490 de·

41 1516 99 1590 llis
114 1517 185 1589 26.
212 1518 283 1590 tute
304 1519 343 1588 in
361 1520 534 1611 sepulcro.
595 1516 666 1590 Die
688 1519 752 1598 27.
780 1513 1005 1594 resurrectio.
1083 1520 1234 1591 rirstam
1251 1545 1335 1594 osse.
1389 1520 1482 1593 lacet
1503 1522 1612 1612 igitur
1634 1535 1831 1613 prostratus
1856 1545 1976 1591 coram
1990 1510 2079 1608 Ded,

1082 1624 1210 1694 dolens
1230 1647 1267 1694 se
1290 1649 1391 1695 reum
1423 1647 1517 1709 esse,
1557 1624 1657 1695 acsi
1688 1624 1963 1695 contaminasset
1998 1646 2077 1696 sese

40 1766 556 1863 Christmgnumcomedeffl
601 1788 635 1845 οἱ
656 1774 788 1844 deinde
811 1799 960 1866 agonem
984 1776 1029 1845 ad
1083 1722 1251 1848 borribili
1287 1728 1531 1848 turpitudine,
1577 1751 1650 1826 qua
1685 1726 1884 1849 turpissimi
1925 1725 2079 1801 cultores

38 1888 193 1947 mmm
212 1829 586 1963 Olivefiincomffl’,
612 1900 717 1947 mom
739 1879 918 1949 omarum
939 1878 1030 1947 vici·
1054 1910 1057 1947 1
1083 1830 1285 1914 idolorum,
1333 1825 1551 1911 homicidae,
1597 1833 1724 1922 polluts
1757 1831 1971 1900 libidinibus
2002 1843 2079 1902 toto

37 1977 347 2051 mantel-0301
373 1980 506 2049 ,min
528 2003 570 2050 ,a
619 1993 694 2050 me
771 2006 814 2051 ua
842 1983 966 2052 urb„
1011 2023 1030 2041 ·
1054 1952 1058 2015 t
1083 1935 1171 2052 orbe
1188 1947 1363 2052 terrarum
1378 1956 1415 2002 se
1433 1932 1736 2006 contaminarunt.
1789 1930 1860 2003 Pro
1884 1928 2077 2052 hippocre-

347 2005 371 2074 y
595 2003 619 2069 p
703 2031 712 2066 ’
746 2006 768 2074 q
966 2005 1011 2074 pe
1056 2039 1581 2127 itisnosmsdeprecatocest,
1606 2037 1910 2107 etluctaturcum
1928 2058 1981 2105 sra
1998 2030 2078 2120 Des,

35 2084 148 2153 stabat
165 2081 361 2161 orientem,
386 2107 428 2152 ac
442 2106 547 2175 saepe
569 2083 787 2169 celebratur,
820 2098 859 2155 ut
883 2091 920 2160 2.
940 2082 1031 2175 Reg.
1056 2150 1057 2153 ,
1450 2140 1459 2156 .
1777 2138 1786 2154 .
1995 2136 2003 2152 .

35 2180 90 2260 15.
115 2184 159 2255 in
182 2184 266 2275 fuga
288 2181 449 2261 Davidk·
511 2183 560 2257 E,
583 2210 787 2280 quanquam
811 2189 857 2256 de
881 2188 1030 2258 nomine
1056 2256 1057 2260 Ἰ
1081 2151 1122 2209 ut
1137 2161 1277 2229 semper
1295 2154 1430 2230 partem
1447 2163 1521 2208 rrae
1544 2140 1752 2232 deprecator
1776 2161 1815 2206 sn
1838 2159 1912 2206 sese
1927 2139 2079 2223 derivet,

32 2284 391 2380 Cedroodisputant,
423 2302 543 2359 tanmn
566 2303 844 2363 consentaneum
868 2304 921 2362 est
943 2315 1030 2361 ean·

31 2390 110 2461 dem
125 2391 406 2482 appellationem
421 2414 515 2473 esse,
544 2416 636 2486 quae
654 2406 707 2464 est
721 2393 760 2462 iu
775 2395 898 2463 eadem
916 2389 1031 2464 histo·

31 2494 82 2563 ria
94 2490 263 2568 flavidis.
313 2493 397 2566 Exit
413 2494 524 2586 igitur
536 2492 704 2566 Christus
718 2501 842 2566 eadem
856 2497 931 2578 via,
960 2522 1029 2591 qua

30 2593 150 2667 David
166 2596 254 2667 olim
271 2620 462 2688 oppressus
484 2599 624 2689 ingenti
646 2599 771 2671 dolore
795 2616 827 2672 et
851 2601 951 2670 luctu
971 2600 1029 2671 lu·
1056 2638 1057 2656 π

31 2713 149 2790 gerat,
177 2711 304 2771 exutus
318 2700 390 2769 iam
407 2725 481 2770 non
497 2701 612 2772 solum
629 2725 760 2794 regno,
795 2704 857 2774 sed
883 2702 945 2773 illa
970 2726 1030 2772 ex-

32 2802 176 2874 cellenti
192 2801 335 2874 virtutis
349 2802 474 2893 gloria,
499 2829 605 2899 quam
620 2800 810 2879 babuerat:
839 2808 900 2876 sed
916 2806 1031 2876 multo
1184 2804 1420 2876 Accesserant
1435 2819 1468 2875 et
1490 2804 1581 2874 aliae
1598 2827 1721 2875 causae
1737 2803 1929 2875 tristissimi
1948 2804 2077 2887 luctus,

31 2905 170 2977 scissim
190 2918 244 2976 est
263 2906 332 2977 iter
351 2902 508 2994 Christi,
549 2909 614 3002 qui
637 2910 681 2979 ad
710 2909 815 3002 longe
849 2908 1031 2979 difficilius
1054 2974 1056 3002 Ε
1081 2910 1177 3004 quod
1195 2907 1357 2978 videlicet
1375 2908 1466 2979 vidit
1481 2933 1580 2978 snam
1599 2920 1736 2999 gentem
1755 2907 1978 2979 interituram
1994 2928 2079 2992 esse,

32 3023 211 3080 tutamen
226 3009 419 3100 egreditur.
1054 3012 1057 3083 l
1081 3012 1166 3083 item
1183 3012 1280 3105 quod
1297 3010 1388 3080 vidit
1402 3011 1591 3080 maximam
1610 3023 1746 3103 partem
1770 3010 1909 3102 generis
1925 3005 2077 3079 humani

1053 3088 1057 3153 ¹
1083 3114 1256 3205 ingratam
1277 3113 1354 3184 fore
1377 3137 1441 3206 pro
1458 3108 1526 3183 boc
1541 3112 1732 3200 beneficio,
1766 3125 1885 3182 tantae
1910 3111 2075 3181 multitu-

36 3262 46 3279 ,
85 3158 193 3333 hosa
208 3173 323 3251 ΨΜ
339 3185 476 3253 9¹¹m¹¹⁸
491 3175 608 3248 'nm’
635 3163 752 3336 ¹⁰5¹}
782 3177 815 3234 Εἰ
839 3188 894 3284 ”i
915 3178 1032 3284 Cam
1054 3164 1057 3257 ξ
1082 3217 1178 3288 dinis
1199 3229 1382 3288 aeternum
1401 3215 1586 3289 interitum
1612 3216 1717 3287 etiam
1744 3215 1851 3299 vidit,
1884 3227 1917 3286 et
1938 3210 2075 3303 ingenti

34 3287 72 3333 ¹²¹
138 3276 217 3349 ¹¹¹⁰,
245 3287 338 3357 ‘1⁰³⁹
354 3268 610 3335 ''amum'“b
625 3267 705 3336 ³¹⁰⁸
754 3268 1032 3358 v³¹¹3⁰¹¹⁵¹¹³⁰⁰'
1054 3262 1058 3405 i
1081 3320 1264 3391 moesticia
1287 3319 1497 3412 deploravit.
1556 3316 1654 3391 Haec
1680 3320 1966 3407 consideremus,
1992 3340 2074 3386 cum

35 3366 182 3458 piosius.
244 3361 449 3438 Matthaeus
479 3367 623 3439 orditur
645 3393 721 3439 eam
746 3370 988 3441 narrationem
1012 3396 1031 3441 a
1054 3414 1107 3492 ³b
1192 3423 1201 3441 .
1375 3422 1385 3440 .
1615 3423 1624 3441 .
1916 3421 1925 3438 ·
1993 3420 2003 3437 ·

36 3470 244 3563 pavoribus:
286 3465 415 3562 Coepit
437 3467 536 3541 lesus
560 3471 702 3557 dolere,
734 3486 770 3543 et
804 3462 1057 3545 vehementer
1108 3423 1478 3514 ⁰⁰d¹c¹uml⁹3¹m⁰⁵‘
1513 3419 1926 3514 C⁰⁰p¹td⁰l⁶⁸e²t³ng¹
1944 3443 2078 3505 ΝΜ

36 3573 115 3664 sogi
134 3573 271 3658 animo,
297 3587 332 3643 ct
348 3569 514 3644 Christus
528 3572 663 3668 inquit:
691 3573 823 3646 Tristis
840 3590 893 3647 est
911 3577 1031 3648 anima
1054 3528 1058 3569 Ι
1082 3540 1117 3598 ⁸²
1147 3525 1281 3617 δίψῃ
1315 3538 1437 3597 ⁰⁰⁵²m
1466 3540 1605 3619 9⁰⁰⁰&
1635 3526 1789 3596 “imm
1818 3524 1856 3593 ³¹¹
1889 3519 2074 3594 Christum

38 3698 112 3745 mea
126 3698 244 3769 usque
261 3675 305 3745 ad
321 3689 493 3762 monem,
526 3677 622 3747 inm.
643 3672 710 3747 ho,
737 3679 881 3749 dolores
905 3703 1030 3773 preca·
1054 3586 1058 3725 i
1080 3629 1252 3700 translata
1267 3652 1341 3699 esse
1367 3642 1401 3701 et
1422 3629 1559 3699 auxisse
1577 3628 1652 3699 eius
1667 3628 1821 3698 dolores.

35 3789 113 3865 tor,
136 3778 483 3864 ettautaestlucta,
515 3792 555 3850 ut
580 3794 752 3852 cruentus
776 3784 887 3853 sudor
910 3806 1032 3852 erum·
1185 3780 1302 3872 Supra
1328 3793 1447 3851 antem
1482 3783 1733 3873 respondimus
1768 3781 1813 3851 ad
1846 3777 2077 3859 obiectioneo
2174 3792 2179 3801 “

36 3896 113 3973 pat,
147 3881 305 3952 mittitur
335 3893 369 3951 et
390 3881 539 3971 angelus
559 3885 605 3952 ad
630 3908 711 3954 eum
736 3884 1034 3957 confirmandum.
1082 3910 1173 3980 quae
1185 3884 1342 3954 breviter
1359 3880 1419 3954 hic
1436 3887 1627 3976 repetenda
1643 3898 1736 3959 sunt.
1788 3879 1909 3951 Prima
1931 3893 2001 3968 est,
2036 3879 2076 3949 in

35 3978 132 4057 llaec
146 4007 230 4055 cum
247 3984 369 4075 legunt
385 3979 550 4055 homines
565 3985 730 4079 profani,
756 3986 946 4075 mirantur,
968 4013 1034 4059 cur
1055 3938 1058 4055 i
1082 3988 1206 4061 multis
1218 3986 1300 4057 aliis
1316 3986 1404 4057 viris
1417 4000 1452 4057 et
1468 3987 1597 4080 puellis
1610 4012 1685 4056 non
1703 3985 1772 4062 fuit
1786 3995 1907 4055 tantus
1919 3980 2024 4052 dolor
2037 3981 2077 4052 in

36 4098 131 4159 tauta
147 4087 331 4159 moesticia
347 4087 387 4159 in
405 4088 483 4158 viro
505 4089 779 4175 fortiextiterit,
806 4116 885 4160 rum
905 4091 1034 4163 Socra·
1055 4060 1059 4113 Ι
1082 4094 1183 4163 aditu
1212 4089 1360 4172 mortis,
1401 4104 1556 4185 quantus
1579 4091 1617 4161 in
1639 4084 1796 4160 Christo.
1862 4083 1936 4157 Cur
1966 4084 2080 4175 igitur

36 4200 104 4276 tes,
129 4191 206 4263 imo
223 4184 405 4262 interdum
417 4190 523 4261 etiam
541 4192 700 4285 puellae,
723 4206 765 4264 ut
780 4190 946 4264 Herculis
960 4195 1032 4266 lilia
1082 4197 1178 4288 ipse,
1211 4216 1292 4262 cum
1319 4188 1449 4263 babeat
1487 4216 1661 4263 summam
1685 4192 1860 4261 virtutum
1887 4187 2075 4279 perfectio·
2172 4236 2174 4241 ·

38 4294 129 4386 apud
147 4292 371 4387 Euripidem,
398 4294 567 4366 dicantur
583 4296 709 4366 maiori
726 4297 837 4367 animi
856 4298 1033 4393 tranquil·
1082 4322 1186 4377 nem,
1212 4298 1301 4366 adeo
1318 4295 1539 4388 expavescit?
1589 4292 1821 4386 Respondeo:
1850 4289 1958 4361 Nulla
1976 4314 2073 4360 crea-

39 4394 133 4468 litate
156 4410 308 4469 mortem
333 4396 464 4467 adiisse
495 4414 529 4470 et
560 4400 787 4487 sustinuisse,
824 4403 883 4470 sed
906 4396 1032 4471 Eccle-
1055 4376 1058 4509 ἰ
1082 4415 1162 4472 tura
1182 4412 1296 4491 potest
1311 4401 1484 4470 sustinere
1500 4397 1785 4487 magnitudinem
1810 4395 1885 4465 irae
1901 4390 1989 4478 Dei,
2015 4408 2074 4465 tu·

130 1663 191 1739 Fas
206 1664 275 1739 bac
299 1669 430 1740 tabella
452 1671 691 1741 animadverti
713 1685 849 1764 potest,
875 1697 948 1766 qno
972 1672 1030 1743 die

1056 2344 1258 2436 1pitudini,
1295 2370 1401 2440 quam
1426 2346 1590 2428 deberet,
1629 2344 1719 2415 sicut
1741 2343 1828 2413 loab
1851 2343 2076 2434 vituperatus

1056 2467 1057 2491 ³
1081 2448 1311 2539 patrocinans
1326 2446 1525 2534 Absoloni,
1559 2449 1620 2518 sed
1643 2447 1704 2517 bic
1726 2447 1832 2517 dolor
1855 2459 1889 2516 et
1902 2445 1995 2516 lucta
2011 2444 2077 2515 filii

1080 2548 1169 2634 Dei,
1194 2550 1300 2642 longe
1316 2564 1460 2642 superat
1482 2574 1607 2621 omnes
1628 2551 1791 2621 omnium
1810 2549 2019 2639 angelorum
2043 2563 2078 2619 et

1081 2647 1271 2724 bominum
1289 2653 1533 2746 cogitationes.
1872 2647 1877 2659 ⁸

1056 2292 1057 2296 η
1082 2241 1145 2336 qui
1157 2242 1305 2312 videtur
1320 2243 1431 2311 malos
1446 2241 1649 2327 sublevare,
1675 2255 1709 2313 et
1732 2241 1853 2310 minus
1871 2239 1977 2309 irasci
2001 2254 2078 2310 tur·
2121 2310 2124 2317 ,
2200 2238 2209 2245 ’

40 4499 86 4569 sia
101 4501 232 4592 cogitet
250 4522 392 4587 causas,
418 4514 454 4575 et
469 4501 660 4574 discrimen
677 4505 801 4574 mortis
813 4498 971 4586 Christi,
997 4516 1031 4573 et
1055 4522 1058 4575 i
1082 4504 1125 4575 lit
1148 4502 1259 4593 igitur
1278 4503 1373 4572 filius
1395 4500 1463 4572 Dei
1488 4518 1665 4592 poenam,
1699 4523 1746 4568 ne
1773 4497 1902 4570 caeteri
1925 4497 2075 4581 ferrent,
2201 4585 2205 4593 α

43 4603 191 4677 sliorum
214 4599 415 4677 hominum.
478 4603 679 4678 Commune
705 4621 758 4678 est
777 4601 845 4676 boc
865 4607 1033 4677 omnibus
1083 4608 1162 4676 ideo
1181 4606 1219 4675 in
1238 4603 1432 4675 Laurentio
1450 4616 1485 4673 et
1497 4604 1576 4673 aliis
1595 4603 1710 4673 maior
1724 4603 1889 4674 alacritas
1905 4601 2077 4684 cernitur,

45 4699 267 4793 bominibus,
293 4731 374 4779 tum
392 4732 492 4779 mens
507 4709 689 4801 praevidet
706 4722 874 4794 mortem,
900 4721 940 4780 ut
954 4709 1034 4778 ani·
1083 4710 1166 4805 quia
1182 4729 1305 4777 causae
1323 4706 1534 4799 praecipuae
1546 4706 1682 4777 doloris
1697 4706 1735 4775 in
1753 4706 1804 4776 eis
1824 4726 1898 4775 non
1920 4717 2004 4772 sunt
2023 4715 2077 4773 ta·

44 4825 142 4882 mast
157 4835 220 4883 cor
238 4825 470 4902 expavescant
485 4813 660 4881 cruciatus
674 4827 707 4882 et
724 4826 883 4883 mortem.
935 4811 1034 4902 Quia
1082 4815 1153 4895 les,
1178 4822 1218 4880 ut
1234 4810 1274 4878 in
1287 4804 1445 4881 Christo.
1496 4806 1599 4880 Beati
1616 4834 1770 4904 quorum
1789 4823 1880 4880 tecta
1896 4819 2077 4896 suntpec-

46 4926 165 4986 sstura
192 4914 445 4985 universaliter
474 4915 565 5005 fugit
586 4915 862 4986 destructionem
886 4916 961 5001 sui,
993 4941 1034 4986 ae
1056 4934 1059 4985 ἵ
1083 4927 1176 4997 cata,
1208 4912 1329 5009 inquit
1351 4911 1526 4988 Psalmus.
1586 4910 1652 4984 Est
1676 4914 1786 5003 igitur
1808 4909 1960 4981 alacrior
1981 4905 2078 4976 Lau-

47 5018 170 5089 sersari
185 5030 223 5088 et
237 5017 431 5087 incolumis
447 5041 593 5087 manere
617 5019 727 5110 rupit.
777 5017 837 5091 Sic
854 5033 888 5089 et
903 5017 1034 5091 Socra-
1055 4988 1059 5063 Ι
1083 5017 1237 5099 sentius,
1269 5019 1457 5112 quiscum
1481 5017 1534 5087 ira
1557 5012 1625 5084 Dei
1648 5015 1809 5086 derivata
1835 5014 1881 5084 sit
1909 5011 1949 5080 in
1971 5006 2078 5082 Chri·

47 5132 89 5189 tes
109 5137 144 5195 st
164 5119 291 5193 Cicero
312 5143 394 5190 vere
409 5120 554 5206 dolent,
588 5144 795 5217 quanquam
818 5121 938 5215 aliqua
954 5147 1035 5192 mo·
1056 5104 1058 5141 ¹
1082 5134 1196 5206 stum,
1222 5118 1419 5191 Laurentio
1436 5119 1612 5211 parcitur,
1639 5142 1777 5188 neeam
1795 5128 1928 5213 cernat.
1968 5109 2078 5183 Chri·

47 5221 221 5297 derstione
235 5238 366 5317 regunt
379 5240 496 5314 gestus
514 5238 698 5304 externos,
732 5237 851 5294 tamen
875 5225 1035 5296 inclusus
1084 5237 1159 5294 stus
1175 5227 1328 5294 luctatus
1345 5237 1395 5292 est
1411 5237 1447 5292 et
1461 5222 1529 5293 fuit
1543 5215 1700 5312 λύτρον,
1725 5234 1766 5290 ut
1783 5217 1888 5289 nobis
1904 5230 2080 5307 parcatur,

46 5330 145 5399 estin
158 5328 279 5400 anima
297 5341 333 5399 et
355 5328 395 5397 in
417 5330 524 5399 corde
545 5329 668 5410 dolor,
703 5327 767 5421 qui
793 5327 929 5396 nullius
952 5351 1034 5397 ora-
1056 5278 1060 5424 ξ
1084 5349 1192 5420 quare
1210 5323 1375 5397 Psalmns
1398 5326 1503 5398 dicit:
1541 5324 1580 5396 st
1605 5324 1812 5418 iniquitates
1835 5319 2080 5392 observaveris

45 5430 135 5506 tiene
148 5430 237 5505 satis
251 5431 408 5503 describi
424 5446 551 5527 potest.
602 5425 651 5502 Et
664 5431 702 5501 in
724 5424 791 5501 bae
806 5443 954 5501 naturae
971 5431 1034 5501 ds·
1056 5434 1061 5519 l
1085 5427 1255 5519 Domine,
1280 5429 1436 5502 Donum
1450 5429 1532 5523 quis
1549 5427 1750 5499 sustinebit.
