4522 5782
109 187 209 263 1047
356 180 359 185 ’
416 250 420 257 ,
548 220 553 231 -
693 173 824 253 Plllb.
847 170 969 251 MEL.
995 169 1207 251 SCRIPTA
1229 160 1533 249 EXEGETICA·
1818 226 1830 245 -.
1870 190 1879 203 '
2046 166 2138 251 Μ

109 356 347 433 Ecclesiamm
362 350 565 425 Fridericus
579 345 790 444 Myconius,
826 361 862 419 et
880 345 996 419 iustus
1011 342 1104 416 Ma.
1146 343 1253 419 risaei
1280 355 1317 415 ct
1337 339 1553 412 Zadducaei.
1618 335 1667 410 Et
1696 360 1756 418 rer
1780 335 1953 411 Herodes
1976 352 2015 413 et
2033 341 2140 415 rolin
2182 392 2184 405 .

113 464 196 533 nius
218 472 252 530 et
274 481 338 548 ego
359 455 602 527 recitassemus
624 452 664 521 iu
680 451 796 523 literis
809 450 949 541 seriptis
968 449 1015 519 ad
1028 471 1096 540 op·
1148 449 1254 519 turba
1269 457 1373 515 crant
1387 435 1520 528 achei,
1544 457 1664 513 tamen
1678 454 1784 513 erant
1796 436 1984 519 Ecclesiae
2006 434 2074 515 hae
2090 446 2138 517 ir-

114 565 241 634 timum
255 559 458 649 Principem
472 552 608 626 Ducem
629 551 805 624 Senoniae
818 548 1023 625 Electorem
1038 549 1098 620 lo·
1149 549 1290 632 miliae,
1322 539 1518 615 Zachariae
1547 541 1747 630 Simeonis,
1779 540 1934 635 loseph,
1960 540 2140 631 Zebedaei,

116 662 291 743 hannem,
323 662 360 729 in
380 659 511 752 quibus
532 656 737 747 petebamus
752 676 890 725 annuas
911 651 1099 745 pensiones
1149 667 1183 721 et
1208 649 1342 720 multoe
1363 646 1464 720 aliae.
1528 643 1574 717 Et
1598 641 1664 716 hae
1688 650 1733 715 de
1756 638 1923 717 doctrina
1948 649 2142 719 contentis·

116 765 311 836 mediocres
326 786 367 831 ex
383 760 485 831 certis
501 758 641 840 lundis,
666 779 755 850 quos
778 757 1100 834 nominaveramus,
1149 756 1260 831 bant,
1293 764 1327 821 et
1350 749 1472 819 eadem
1496 770 1581 817 voce
1606 746 1723 821 Deum
1744 749 1966 821 invocabant
1992 761 2031 819 et
2059 752 2140 821 cele·

118 866 266 940 attribui
284 862 468 942 Ecclesiis,
494 862 541 931 ita
558 859 749 928 delectatus
764 872 815 930 est
829 858 984 948 optimus
993 854 1101 926 Prin·
1152 856 1324 937 brabant,
1352 865 1385 922 et
1404 848 1694 921 coniunctionem
1712 874 1812 920 suam
1832 853 2055 937 tuebantur,
2074 876 2140 927 uon

119 992 200 1060 ceps
216 963 281 1036 hac
295 963 489 1047 sententia,
513 976 552 1033 ut
567 961 684 1030 statim
696 960 833 1031 Esaiam
851 960 924 1050 ipse
940 960 1102 1046 inspexe·
1153 956 1370 1027 dimicabant
1386 952 1480 1020 inter
1496 972 1568 1022 sese
1585 967 1623 1023 ut
1634 951 1805 1025 Cadmaei
1817 953 1960 1038 tratres,
1983 966 2049 1025 aot
2058 949 2143 1025 Ceu·
2182 980 2184 1007 =

120 1071 184 1155 rit,
223 1083 256 1138 et
286 1069 376 1136 lecto
401 1079 477 1137 toto
502 1064 615 1153 capite
645 1063 756 1132 laetus
784 1062 1025 1152 responderit,
1068 1082 1105 1127 se
1155 1058 1249 1130 tauri
1269 1070 1304 1125 et
1320 1049 1504 1144 Lapithae.
2182 1052 2184 1063 '

122 1194 261 1262 semper
276 1166 382 1238 huius
400 1167 594 1236 sententiae
618 1187 808 1234 memorem
831 1165 927 1247 lore,
952 1176 988 1233 et
1010 1160 1106 1231 redi·
1257 1155 1350 1229 Cum
1373 1154 1482 1243 igitur
1502 1151 1606 1223 Pauli
1631 1152 1861 1227 salutationes
1884 1152 2060 1243 legimns,
2081 1152 2144 1231 Ec-

122 1287 179 1345 ltts
199 1273 279 1341 ittos
294 1268 481 1358 Ecclesiis,
511 1269 555 1335 de
573 1266 703 1357 quihus
720 1267 991 1355 scripseramus,
1018 1264 1106 1332 libe·
1157 1260 1298 1331 clesiam
1317 1256 1415 1350 pingi
1434 1256 1537 1326 nobis
1552 1256 1805 1336 existimemus,
1828 1255 2144 1352 sciamusaliqrers

122 1374 244 1443 raliter
258 1372 463 1452 donaverit,
491 1383 524 1440 et
543 1367 683 1437 iusserit
707 1369 937 1438 donationem
956 1364 1110 1458 publicis
1159 1361 1346 1432 honestum
1368 1373 1507 1429 coetum
1533 1358 1727 1443 visibilem,
1753 1374 1787 1430 et
1807 1352 1980 1427 honestas
2002 1359 2144 1431 familias

123 1474 234 1547 literis
255 1498 336 1544 mox
356 1471 573 1543 confirmari.
1159 1465 1290 1534 multas
1306 1461 1434 1544 luisse,
1461 1460 1547 1529 etin
1567 1459 1616 1531 eis
1631 1461 1812 1531 doetrinae
1831 1460 1952 1529 lucem
1968 1460 2095 1546 fuisse,
2115 1476 2146 1535 rt

1161 1590 1279 1637 veram
1298 1562 1363 1633 Dei
1386 1562 1666 1648 invocationem,
1692 1576 1727 1632 et
1749 1575 1912 1632 mutuam
1935 1562 2144 1635 benevolen-

1161 1669 1247 1738 tiam
1277 1681 1310 1734 et
1344 1665 1500 1733 studium
1532 1667 1683 1735 tuendae
1713 1663 1994 1739 coniunctionis.
2070 1663 2147 1741 l'rdt

471 1747 610 1858 Caput
641 1747 765 1831 XVI·
1161 1765 1368 1839 enituDeus
1384 1790 1445 1856 per
1460 1767 1565 1835 iidem
1579 1787 1614 1837 et
1627 1780 1779 1835 caeteras
1794 1764 1946 1835 virtutes
1961 1762 2147 1837 Ecclesiam

1162 1872 1317 1961 fulgere,
1348 1890 1422 1937 non
1449 1868 1525 1940 vult
1539 1869 1708 1947 ¹doctores
1733 1866 1929 1937 ambitione
1957 1868 2148 1941 cavillatio-

228 1969 270 2041 In
286 1983 463 2062 postremo
480 1967 593 2059 capite
607 1964 802 2056 adscriptae
818 1978 901 2035 sunt
927 1967 1113 2039 salutatio-
1163 1997 1226 2043 nes
1256 1995 1331 2041 non
1362 1970 1590 2055 necessarias,
1626 1983 1688 2039 aut
1720 1962 1938 2059 sophismata
1971 1992 2087 2041 serere
2107 1974 2146 2043 ad

127 2099 212 2160 nes,
246 2088 281 2143 et
304 2071 432 2141 deiude
454 2069 673 2153 admonitio,
714 2089 760 2135 ne
792 2068 1010 2159 recipiantur
1034 2071 1114 2157 opi·
1163 2075 1380 2146 turbandum
1396 2070 1495 2161 pium
1520 2094 1752 2153 consensum,
1777 2071 1838 2139 sed
1863 2069 1945 2139 vult
1967 2074 2147 2165 candorem

127 2181 255 2263 stiones
279 2184 475 2265 pugnantes
492 2194 572 2239 cum
592 2165 658 2239 hac
682 2192 806 2238 norma
824 2194 929 2262 quam
954 2173 1114 2254 tradidit,
1165 2178 1203 2246 iu
1222 2170 1609 2247 iudicandoadhiberi.
1662 2171 1744 2243 Non
1759 2170 1835 2242 vult
1850 2188 2002 2263 propter
2022 2174 2146 2264 privata

128 2276 317 2353 sicutalibi
334 2273 468 2367 inquit:
493 2270 534 2344 si
550 2272 630 2365 quis
644 2267 985 2362 aliudEvangelium
1002 2276 1114 2359 docet,
1165 2278 1245 2349 odia
1269 2269 1418 2347 distrahi
1442 2277 1613 2367 populum
1639 2275 1677 2344 in
1700 2274 1856 2343 diversas
1879 2273 2076 2363 factiones,
2095 2280 2148 2349 rad

127 2374 314 2455 anathema
341 2376 397 2449 sit.
1163 2382 1241 2451 vult
1264 2399 1329 2447 nos
1351 2377 1439 2449 dicti
1464 2372 1571 2448 huius
1587 2398 1759 2447 memores
1775 2397 1865 2445 esse:
1893 2375 1997 2449 Deus
2012 2378 2146 2452 dilectio

231 2477 286 2549 De
301 2469 593 2558 salutationibus,
610 2472 674 2543 etsi
688 2495 762 2541 non
779 2472 891 2545 multa
907 2474 1041 2560 dicam,
1060 2490 1113 2547 ta·
1164 2496 1233 2566 est,
1259 2479 1330 2568 Qui
1357 2494 1475 2548 manet
1499 2479 1537 2548 in
1561 2478 1770 2562 dilectione,
1797 2477 1835 2545 in
1856 2473 1937 2548 Deo
1964 2493 2097 2563 manet,
2118 2496 2148 2555 ct

129 2606 213 2655 rnen
236 2577 304 2650 hoc
324 2575 598 2647 monerevisum
616 2587 677 2655 est·
729 2572 944 2664 Haeclonga
964 2600 1114 2646 nornen·
1163 2582 1386 2654 Deusineo.
1429 2579 1485 2652 Aa
1502 2576 1570 2651 hoc
1586 2580 1743 2652 studium
1761 2580 1913 2648 tuendae
1930 2582 2146 2655 coniunctio·

131 2688 265 2757 elatura
293 2678 474 2763 ostendit,
519 2677 635 2770 qualis
660 2677 768 2747 fuerit
800 2671 969 2748 Ecclesia.
1034 2675 1113 2749 Etsi
1163 2685 1220 2754 nis
1236 2683 1415 2775 pertinent
1428 2679 1517 2753 haec
1537 2683 1695 2773 exempla
1717 2680 1998 2767 salutationum,
2024 2687 2148 2779 dequo

131 2788 227 2857 enim
248 2777 308 2853 hic
330 2805 404 2851 non
427 2780 576 2869 legimus
592 2777 785 2849 multorum
802 2775 941 2868 Regum
958 2793 992 2851 et
1006 2776 1112 2849 Prin·
1163 2788 1275 2857 multa
1300 2785 1452 2873 cogitare
1473 2787 1586 2855 bonas
1610 2797 1744 2853 mentes
1769 2796 1804 2851 et
1831 2798 1983 2875 propter
2005 2786 2146 2875 glorian

133 2889 253 2979 cipum
277 2884 443 2963 nomina,
470 2895 588 2953 tamen
603 2882 749 2970 adparet
764 2879 872 2949 fuisse
887 2895 1024 2953 coetum
1047 2878 1113 2951 ho·
1162 2886 1251 2971 Dei,
1276 2899 1310 2956 et
1326 2901 1470 2978 propter
1484 2882 1662 2957 Ecclesiae
1679 2884 1865 2955 utilitatem
1881 2908 2030 2958 necesse
2043 2904 2104 2964 est.

132 3001 312 3061 nestorum
333 2980 540 3067 hominum,
573 2994 607 3052 et
623 2982 752 3051 multas
767 2977 932 3052 honestas
950 2984 1114 3059 familias.

132 3090 232 3161 Talis
246 3084 460 3157 estEcclesin
478 3106 595 3173 sparsa
612 3083 649 3151 in
666 3083 823 3152 diversas
838 3084 1012 3172 regiones,
1028 3110 1114 3155 con·
1305 3049 1377 3126 ΡιΓ
1391 3049 1603 3125 blanditias
1618 3062 1649 3124 θ’
1667 3045 1936 3145 hm‘dlchblm
1953 3062 2018 3134 ⁶¹⁶·

133 3193 289 3264 sentiens
311 3192 354 3259 de
376 3183 591 3273 Evangelio,
623 3199 715 3255 recte
737 3207 928 3273 agnoscens
955 3201 988 3259 et
1008 3188 1114 3257 invo-
1266 3190 1369 3263 lubet
1385 3216 1526 3282 cavere,
1549 3218 1595 3262 n,
1612 3189 1750 3282 decemp
1773 3191 1952 3282 wippa„
1972 3211 2148 3289 mmm,

132 3317 216 3369 cans
243 3290 359 3363 Deum
394 3301 430 3358 et
458 3286 654 3358 Dominum
683 3300 844 3355 nostrum
868 3285 984 3357 lesum
1007 3285 1114 3359 Chri·
1162 3297 1213 3365 las
1238 3320 1340 3365 verae
1368 3295 1562 3369 doctrinae.
1614 3291 1698 3363 Duo
1723 3306 1840 3363 autem
1862 3295 2016 3367 artificia
2040 3301 2147 3369 uomi-

135 3409 248 3473 stum,
288 3390 426 3462 etiamsi
454 3413 519 3457 nee
549 3385 655 3457 habet
683 3388 832 3476 imperia
863 3391 1008 3471 mundi,
1049 3414 1115 3459 nec
1164 3412 1250 3478 nat,
1291 3396 1421 3489 quibus
1449 3391 1654 3489 hypocritae
1681 3396 1827 3482 capiunt
1856 3390 2054 3467 hominum
2081 3401 2149 3471 rui-

135 3496 338 3566 continetur
351 3492 458 3561 unius
474 3491 571 3578 regni
592 3489 784 3573 militibus,
813 3503 851 3559 ut
868 3503 953 3559 tune
970 3493 1114 3582 collige.
1163 3522 1265 3583 mo„
1303 3493 1572 3595 χρηστολογίας
1618 3513 1652 3567 e,
1686 3490 1867 3593 εὐλογίας.
1946 3498 2149 3589 Signinum

18 3610 21 3615 ’
134 3600 241 3670 btiur
263 3591 437 3671 Εΰίῑθῦῖθ,
463 3616 535 3661 non
561 3604 699 3663 tantum
720 3591 757 3660 in
771 3588 938 3661 Romano
954 3593 1115 3683 imperio,
1164 3615 1280 3672 autem
1303 3596 1567 3696 χρηστολογίαι
1592 3599 1743 3669 blandos
1767 3620 1951 3669 sermones
1967 3600 2151 3692 ingruere,

21 3736 26 3741 ·
136 3701 197 3793 sed
214 3696 318 3769 etiam
333 3694 371 3763 in
388 3716 496 3782 regno
511 3687 723 3763 Parthorum
743 3706 778 3764 et
798 3693 896 3767 alibi.
947 3691 1014 3764 Est
1036 3720 1114 3765 om·
1164 3717 1198 3774 et
1219 3703 1415 3774 blanditiae
1438 3703 1527 3771 aliae
1541 3714 1624 3770 sunt
1641 3701 1678 3769 in
1696 3699 1870 3783 moribus,
1894 3701 1992 3773 aliae
2011 3705 2054 3774 in
2074 3707 2150 3800 ipsis

6 3852 8 3857 ·
135 3801 225 3879 nino
249 3809 382 3867 m00⁸l2
405 3791 736 3887 speclfflssctlffilte
762 3795 800 3863 5¹¹
824 3790 991 3876 htcvila,
1019 3799 1116 3891 quod
1163 3804 1403 3892 dogmatibus,
1429 3828 1519 3895 quae
1541 3804 1709 3872 alludunt
1723 3804 1767 3871 ad
1788 3801 1920 3871 iudicia
1943 3818 1978 3874 et
1998 3808 2150 3881 adfectus

135 3894 211 3975 Βοὴ
229 3897 739 3995 ⁶⁰⁰¹ll¹⁴²¹⁰¹⁰¹¹l⁶⁰⁰l⁶⁰d⁸¹¹¹
764 3897 935 3986 imperio,
961 3922 1026 3969 nee
1049 3894 1117 3970 ha·
1165 3930 1309 3990 eorum,
1335 3928 1485 3996 quorum
1509 3907 1657 3974 societas
1680 3903 1873 3996 quaeritur.
1929 3901 1974 3975 ln
1997 3910 2151 3981 muribus

135 4007 198 4077 bet
221 4015 314 4077 certa
338 3999 511 4093 praesidia
533 3999 697 4089 politica,
721 3999 781 4068 sed
799 4013 851 4070 est
876 4000 972 4071 velut
991 4023 1116 4089 agmen
1165 4008 1344 4077 simulatio
1362 4003 1572 4076 humilitatis
1591 4019 1625 4075 et
1645 4006 1833 4094 patientiae
1851 4021 1953 4096 grata
1966 4022 2023 4080 ert
2037 4006 2150 4082 homi.

137 4101 384 4189 scholasticum
413 4123 573 4191 sparsum
605 4101 642 4169 in
674 4101 831 4173 diversas
857 4101 1018 4190 regiones
1040 4103 1117 4173 sine
1165 4110 1290 4193 nibus,
1333 4107 1416 4201 quia
1448 4133 1527 4178 eum
1552 4108 1663 4177 simus
1686 4121 1813 4176 natura
1837 4111 2007 4198 superbi,
2051 4116 2161 4205 magt,

139 4205 318 4300 P⁰¹²¹lll³2
351 4203 608 4294 ⁸5⁰⁰·0l‘lbu‘s
645 4202 722 4271 ⁸3⁰⁰
749 4203 878 4285 ⁸?le
917 4203 994 4273 ³5⁰⁰
1025 4227 1118 4293 redes
1166 4233 1323 4279 amamus
1345 4234 1421 4293 eos,
1447 4211 1508 4302 qui
1525 4211 1693 4278 videntur
1707 4232 1781 4277 sese
1797 4208 1890 4278 infra
1908 4235 1978 4281 nos
1991 4216 2150 4292 abiicere.

139 4309 292 4401 (lenique
317 4320 357 4377 ¹¹1
371 4302 540 4388 villelm,-
555 4305 630 4373 ⁸3⁰⁸
651 4303 788 4373 ⁰rdln2·
839 4301 935 4373 Haec
949 4306 1118 4385 deformi·
1170 4309 1348 4385 Usitatum
1366 4325 1416 4380 est
1432 4313 1536 4381 etiam
1553 4334 1680 4400 augere
1694 4311 1969 4383 admirationem
1986 4315 2151 4389 iactandis

140 4423 195 4483 tas
212 4409 343 4479 alienat
364 4408 504 4477 animos
521 4426 642 4495 regum
667 4419 701 4475 et
717 4418 919 4496 potentum,
950 4409 1012 4479 sed
1029 4409 1119 4478 scia-
1169 4413 1357 4505 colloquiis
1373 4437 1452 4483 cum
1468 4410 1563 4498 Deo,
1587 4437 1647 4482 seu
1663 4407 1937 4500 enthusiasmis‚
1963 4439 2029 4487 seu
2049 4421 2153 4493 rimu·

141 4534 220 4581 mus
236 4510 273 4578 in
288 4505 353 4578 hac
369 4507 440 4579 vita
455 4509 559 4578 talem
575 4521 712 4578 coetum
729 4531 800 4576 esse
813 4504 1021 4581 Ecclesiam.
1071 4506 1121 4581 Et
1168 4516 1274 4584 landa
1297 4516 1438 4599 ecstasi,
1472 4515 1719 4585 seuvidendis
1739 4515 1897 4605 spectris.
1950 4514 2054 4591 Haec
2075 4522 2151 4595 arti·

140 4627 261 4701 imm
282 4610 415 4680 imma
440 4609 780 4698 ci‘⁰¹¹¹¹¹⁸i’l‘tltt¹t¹u⁵‚
807 4611 929 4701 quales
952 4611 1023 4682 sint
1052 4607 1118 4680 ho-
1144 4618 1245 4705 ¹licia
1269 4630 1303 4687 et
1318 4617 1404 4685 olim
1423 4631 1553 4686 norant
1576 4613 1761 4702 monachi,
1787 4629 1820 4685 et
1844 4642 1945 4689 nune
1964 4624 2073 4693 multi
2092 4626 2151 4695 im.

140 4714 274 4803 mittes,
296 4711 418 4802 quales
430 4711 605 4799 familiae,
625 4734 716 4803 quae
736 4712 977 4783 testimouium
995 4714 1120 4785 dicunt
1168 4733 1327 4808 postores
1350 4719 1616 4789 circumierunt.
1688 4717 1732 4787 ln
1763 4719 1854 4788 urhe
1878 4718 2150 4797 Monasterieusi

140 4817 186 4887 ‘l‘
206 4814 381 4889 dmin&
438 4811 519 4881 N⁰¹¹
541 4826 591 4883 ‘⁵1
612 4814 705 4883 ‘ssim
727 4810 920 4907 Cyclopum
947 4814 1119 4888 autCen-
1168 4820 1392 4911 luitquidam
1405 4819 1562 4903 Nebulo,
1590 4819 1651 4912 qui
1669 4843 1771 4910 saepe
1793 4821 1830 4888 in
1850 4823 2010 4914 publicis
2031 4829 2098 4897 viis
2119 4840 2149 4897 a

141 4931 324 4989 lautorum
347 4916 539 5000 exercitus,
567 4916 625 4985 sed
643 4915 772 5007 aliquis
788 4920 961 4998 ordoest,
987 4932 1020 4991 et
1037 4933 1119 4988 sunt
1169 4919 1354 4991 bominum
1383 4921 1579 5014 frequentia
1605 4923 1876 5012 subnotamus
1907 4939 1989 5011 est,
2024 4944 2060 5000 et
2089 4929 2147 5001 uti.

141 5019 463 5105 ‘ludladsstltlttfle
495 5030 531 5087 el
554 5017 710 5108 exeuipta
733 5016 917 5091 virtutum.
967 5015 1016 5090 Et
1036 5034 1120 5093 scint
1168 5025 1327 5115 quandiu
1344 5023 1461 5091 iacens
1475 5024 1596 5093 ucsdus
1612 5025 1650 5092 in
1667 5024 1803 5094 coelum
1820 5027 1981 5109 sustulit,
2000 5032 2148 5101 etmirut

140 5116 1032 5217 dliquflehossetlttefamiliae,elr2010⁵⁰nlettllttm
1052 5122 1118 5190 ali·
1167 5139 1283 5212 gestus
1305 5127 1438 5195 edidit:
1474 5144 1593 5215 postea
1618 5126 1767 5215 protulit
1797 5142 1891 5196 terta
1920 5134 2087 5202 mandata
2107 5133 2147 5201 ad

142 5248 210 5317 qua
229 5224 434 5297 (θῃῑῦῐὶθῑῖθ
456 5235 525 5304 etl,
552 5236 593 5293 ut
614 5220 777 5312 quamvis
798 5220 836 5288 in
857 5216 984 5291 Iudaea
1000 5225 1117 5291 diver·
1170 5227 1360 5317 populum,
1389 5231 1487 5319 quasi
1511 5228 1653 5296 oracula
1676 5227 1804 5297 tradita
1819 5228 1859 5297 in
1877 5230 2147 5324 colloquiunei.

140 5341 324 5411 &limiae
343 5339 464 5411 mhi,
488 5325 688 5418 ‘tuatimer
707 5345 743 5397 ὅθ
759 5321 995 5405 dimicabam,
1022 5319 1118 5397 Pha·
1167 5328 1273 5399 Tales
1288 5329 1501 5420 imposturae
1516 5331 1648 5401 multae
1663 5330 1830 5420 leguntur
1847 5332 1886 5400 in
1902 5328 2145 5409 Mahomrtirir
2168 5364 2171 5369 >
