4522 5782
108 198 191 281 sss·
705 186 1211 273 cummarcanis
1235 186 1539 273 ιιιοιιιιοι.
1673 218 1690 269 ,ι
1730 202 1742 241 -·
2067 195 2148 271 ιιι

115 379 175 447 dra
190 372 370 447 doctrmae
390 391 583 439 necessaria
597 364 790 450 Ecclesiae
817 369 861 438 ad
886 369 1107 439 venerandos
1158 361 1359 439 mostbenes
1381 379 1415 439 et
1437 365 1521 452 alii,
1559 367 1618 437 secl
1653 364 1808 435 exitiales
1828 363 2005 456 sibiipsis
2027 376 2064 437 et
2086 388 2150 457 pa-

116 476 310 593 Evangelii
322 472 701 562 ministros,doctores
719 485 754 541 et
770 469 974 567 dsscrpsdns
1010 468 1106 539 Hor·
1158 473 1257 541 triae.
1286 468 1383 541 Haec
1398 494 1523 559 magna
1539 470 1779 540 etrnetiabrlss
1792 492 1935 539 miserta
1952 480 2015 554 est,
2029 469 2149 559 frange

116 594 233 652 temur
256 575 433 671 principes
453 587 488 643 et
511 564 692 657 civitates,
713 569 1003 661 utllvangelinm
1020 597 1107 662 pure
1158 589 1189 641 et
1214 573 1373 643 consumi
1399 585 1537 642 tantum
1560 571 1768 663 perniciosis
1792 571 1991 641 laboribus.
2026 570 2149 642 minus

117 696 154 754 ct
170 693 264 752 recte
288 702 440 771 proponi
432 674 627 746 Ecclesiis
650 689 794 766 curent,
828 689 861 744 et
884 674 1109 743 consolemur
1158 676 1263 744 miser
1296 689 1346 743 est
1369 669 1512 764 Scipio,
1549 673 1611 767 qui
1643 694 1700 742 res
1719 673 1810 763 gerit
1830 673 1936 744 utiles
1958 673 2095 791 patriae
2115 686 2151 745 et

118 807 260 867 omnes,
290 783 350 874 qui
377 779 531 899 pericula
554 793 587 846 ιι
608 801 796 848 aerumnas
818 777 992 845 sustinent
1024 799 1106 865 pro·
1160 776 1371 865 posteritati,
1412 778 1473 845 sed
1497 789 1616 846 tamen
1642 798 1706 845 nec
1725 776 1847 861 novit,
1881 799 1946 845 nec
1969 774 2152 847 iuvencis

117 901 199 979 pter
213 882 503 976 propagationem
521 878 720 967 Evangelii.
771 876 935 969 Deanue
953 891 986 946 et
1002 877 1107 945 nobis
1157 878 1294 958 Deum,
1319 901 1383 948 nec
1399 879 1521 948 retulit
1542 902 1624 947 suos
1639 878 1778 946 labores
1794 879 1838 946 ad
1856 872 1952 947 hunc
1967 877 2088 961 tinem
2109 890 2150 950 ut

119 989 225 1080 ipsis,
263 985 323 1079 qui
347 996 490 1075 propter
522 982 678 1051 studium
700 977 885 1069 Evangelii
915 978 1107 1049 toleramus
1160 980 1252 1051 Deus
1270 994 1363 1050 recte
1376 993 1585 1068 agnoscatur
1600 993 1634 1050 et
1649 980 1857 1053 celebretur
1898 976 1984 1049 ldeo
1999 1001 2065 1048 nec
2080 1002 2147 1070 ipss

120 1102 358 1171 contemtum,
385 1084 561 1174 inopiam,
588 1081 710 1164 exilia,
735 1082 907 1174 supplicia
931 1095 964 1149 et
985 1081 1105 1152 multi·
1159 1082 1319 1174 Scrprom
1334 1083 1436 1152 salut
1439 1105 1504 1151 ires
1523 1096 1605 1152 suut
1627 1082 1681 1151 sui
1706 1082 1864 1165 labores,
1898 1105 1963 1150 nec
1988 1080 2149 1152 serviunt

119 1193 227 1281 plicas
255 1187 430 1268 miserias,
464 1181 555 1253 hanc
577 1183 855 1254 consolationem
879 1182 1107 1251 inculcemus.
1160 1185 1264 1253 rebus
1298 1183 1441 1253 divinis.
1510 1183 1559 1252 At
1593 1182 1755 1264 Samuel,
1795 1181 1927 1264 Da'vid,
1969 1182 2147 1268 leremias,

120 1294 162 1361 ln
179 1288 247 1361 hoc
270 1290 486 1378 glorificatur
508 1300 605 1376 pater
628 1310 745 1371 incias,
776 1299 815 1356 ιιι
838 1285 992 1353 fructum
1015 1285 1107 1353 mul·
1160 1284 1335 1376 Baptista,
1361 1301 1393 1354 ct
1409 1287 1559 1369 sianiles,
1584 1286 1647 1355 etsi
1665 1287 1840 1354 sustinent
1862 1286 2022 1374 ingentes
2045 1309 2149 1355 aeru-

118 1401 198 1465 tum
213 1392 351 1470 seratis,
370 1389 509 1458 etliatis
526 1388 595 1457 mei
611 1387 790 1479 discipuli.
823 1384 992 1457 Fructum
1007 1387 1108 1470 serre,
1160 1389 1595 1478 mnasexiguotempore,
1628 1402 1745 1457 tamen
1763 1389 1853 1458 beati
1871 1401 1973 1470 sunt,
2007 1386 2091 1479 quia
2115 1399 2150 1457 et

120 1512 154 1565 ιι
184 1494 258 1561 lieri
290 1492 484 1583 discipulos
514 1485 668 1574 Christi,
709 1485 881 1578 significat
916 1511 1107 1580 propagare
1161 1489 1235 1559 Deo
1251 1491 1409 1580 placent,
1435 1506 1468 1559 et
1486 1514 1539 1557 res
1553 1501 1681 1577 gerunt
1696 1504 1899 1580 perpetuam
1923 1488 2073 1557 salutem
2098 1488 2150 1557 al·

118 1594 373 1683 Evangelinm,
401 1610 460 1662 seu
484 1592 617 1660 servire
642 1592 680 1659 in
705 1591 902 1659 ministerio
925 1603 958 1659 ct
981 1592 1108 1660 studiis
1160 1592 1310 1663 serentes
1331 1591 1417 1682 ipsis
1439 1605 1474 1661 et
1488 1589 1680 1662 Ecclesiae.
1731 1589 2049 1660 llaecconsolatio
2071 1611 2151 1661 sae-.

118 1698 150 1767 ιι
154 1726 172 1761 v
175 1696 323 1785 cersgelii,
349 1693 416 1764 boc
431 1695 546 1764 allicio
562 1692 714 1763 affirmat
731 1688 897 1764 Christus
918 1692 1109 1779 glorificari
1163 1694 1456 1783 pessimerepetna
1466 1708 1528 1777 est
1537 1687 1818 1763 ntadAbraham
1830 1693 1971 1773 dicitur,
1979 1688 2070 1760 Gen
2079 1686 2150 1761 15..

22 1869 25 1873 ,
118 1797 249 1868 Deum.
302 1795 425 1890 ltaque
449 1795 631 1884 Evangelii
656 1795 862 1894 propagatio
885 1807 918 1863 ιι
941 1795 1137 1874 studium·
1133 1793 1237 1927 bgo
1254 1806 1433 1886 protector
1455 1809 1554 1875 tuus,
1588 1809 1622 1865 ιι
1647 1819 1777 1863 merres
1799 1808 1859 1862 tua
1885 1817 2011 1883 magna
2035 1795 2148 1863 valde.

119 1915 203 1969 sunt
216 1902 310 1969 bona
332 1922 456 1990 opera,
494 1895 567 1966 Deo
591 1896 782 1995 placentia,
814 1896 929 1965 cultus
952 1894 1018 1966 Dei
1046 1920 1107 1964 ne·
1133 1872 1353 1967 l‘ollicetur
1367 1898 1627 1978 defensionem
1655 1897 1808 1986 praemia
1832 1911 1864 1963 et
1889 1918 2085 1977 successus,
2116 1908 2150 1965 et

120 2002 281 2085 cessarii,
323 2000 453 2093 quibus
476 1998 572 2069 Deus
601 1988 752 2068 allirmat
780 2021 818 2067 se
842 1993 1013 2067 ιιοιιοιι
1002 1995 1107 2070 allici.
1160 1995 1378 2073 &Corinth
1395 1996 1430 2073 4.
1447 1999 1533 2068 diest
1549 1997 1696 2068 Paulus
1716 1998 1797 2066 ldeo
1814 2024 1886 2067 non
1905 1998 2151 2086 ιιιιιιιιοιιιιιιιι

119 2103 217 2174 llaec
234 2118 283 2173 est
299 2102 447 2192 simplex
463 2096 570 2170 liuius
589 2101 677 2171 dieti
701 2101 894 2180 sententia,
927 2125 1017 2193 quae
1041 2124 1107 2169 no·
1160 2103 1222 2171 se'd
1246 2102 1407 2194 quamvis
1431 2116 1595 2172 externus
1617 2114 1738 2171 noster
1761 2096 1868 2169 ιιοιιιο
1893 2099 2149 2191 corrumpitur,

118 2205 174 2277 bis
197 2219 230 2275 ιι
255 2204 428 2274 illustrior
453 2218 485 2273 et
511 2204 650 2272 dulcior
673 2204 760 2287 erit,
795 2226 875 2271 curn
896 2195 964 2272 boe
992 2204 1109 2287 modo,
1163 2219 1278 2273 tamen
1302 2203 1453 2275 interior
1477 2217 1668 2273 renovatur
1692 2204 1736 2270 ιιι
1761 2201 1878 2269 diem
1901 2200 2007 2273 diem.
2061 2198 2149 2268 Nam

118 2323 157 2376 ut
172 2307 265 2392 disi,
291 2328 366 2379 eam
385 2307 428 2373 ael
442 2327 545 2374 usum
563 2305 919 2376 accommodabimus.
1162 2304 1365 2390 tribulatio,
1390 2330 1501 2397 quae,
1527 2305 1741 2374 cum‘subita
1760 2306 1821 2387 sit,
1848 2303 1936 2372 levis
1950 2316 2022 2388 est,
2048 2301 2151 2371 allert

229 2474 332 2547 Sicut
349 2470 482 2547 ditexit
498 2501 553 2545 me
564 2484 689 2573 pater,
716 2474 770 2545 ita
790 2454 912 2547 dilexi
927 2498 998 2547 vos.
1162 2407 1333 2476 emnem
1346 2411 1487 2500 pondus
1502 2422 1663 2477 aeternae
1678 2407 1821 2496 glome‘

1161 2573 1240 2647 Hoc
1256 2585 1307 2649 est
1324 2573 1546 2648 mandatum
1563 2602 1700 2658 nisam,
1736 2585 1774 2646 nt
1794 2571 1968 2669 diligatis
1986 2572 2150 2645 invicem.

221 2610 271 2683 Et
288 2607 343 2681 bis
360 2611 463 2702 ipsis,
495 2611 556 2703 qui
579 2626 787 2681 exercentur
808 2610 974 2701 periculis
997 2624 1029 2679 et
1051 2633 1109 2679 ae·
1302 2692 1306 2699 Ι

120 2716 260 2786 rumnis
279 2729 423 2805 propter
445 2714 559 2782 studia
583 2728 618 2783 et
643 2715 927 2804 propagationem
937 2709 1109 2801 Evange-
1261 2714 1458 2811 Aliquanto
1476 2716 1640 2809 superius
1660 2716 1839 2805 descripsit
1858 2712 2071 2796 Ecclesiam,
2099 2728 2152 2781 at.

118 2819 179 2902 lii,
223 2817 418 2886 consolatio
454 2815 615 2884 omnium
649 2839 784 2884 summa
814 2832 846 2887 et
877 2816 1108 2884 mercesim·
1162 2819 1288 2890 tribuit
1315 2820 1447 2904 cultus,
1486 2820 1766 2894 invocationem,
1799 2833 1832 2884 et
1859 2816 2148 2906 propagationem

117 2943 239 2989 raensa
270 2918 494 3009 proponitur.
554 2916 652 2987 Sicut
684 2918 806 2987 dilexit
836 2940 893 2985 me
916 2930 1030 3007 pater,
1061 2917 1109 2986 ita
1164 2918 1358 3013 Evangelii.
1409 2920 1574 2991 Nuncde
1592 2920 1694 2990 tertio
1720 2918 1815 2987 cultu
1840 2942 1901 2987 seu
1924 2918 2021 2985 boun
2042 2939 2149 3007 opere

119 3045 183 3111 ego
202 3020 311 3108 diligo
333 3042 405 3091 vos.
458 3015 536 3088 Etsi
561 3018 661 3106 impii
686 3020 892 3089 ardentibus
916 3020 1008 3087 odiis
1035 3042 1110 3102 vos,
1161 3023 1413 3108 concionatur,
1447 3026 1541 3116 quod
1568 3041 1600 3092 et
1625 3023 1740 3112 ipsum
1765 3046 1839 3089 non
1862 3019 1976 3088 solum
1999 3018 2147 3107 singulis

119 3124 183 3216 qsii
197 3120 433 3211 Evangelinm
451 3123 654 3210 propagatis
669 3136 704 3190 et
719 3122 872 3202 discitis,
896 3144 1109 3212 persequen·
1163 3127 1199 3193 in
1217 3126 1353 3216 privata
1371 3124 1442 3195 vita
1459 3126 1694 3193 necessarium
1712 3137 1782 3200 est,
1809 3123 1868 3190 sed
1886 3121 1990 3191 etiam
2007 3120 2145 3209 publice

118 3239 195 3308 tur,
234 3239 353 3295 tamen
380 3225 504 3292 scitote
536 3247 598 3292 vus
625 3223 725 3311 diligi
752 3238 786 3292 et
815 3222 958 3292 delendi
989 3220 1109 3292 aDeo
1163 3229 1199 3295 in
1216 3227 1466 3319 propagatione
1484 3228 1666 3295 doctrinae
1693 3238 1726 3293 ct
1749 3226 1784 3291 in
1807 3222 2065 3312 gubernatione
2081 3218 2146 3291 Ec·

119 3340 220 3417 patre
237 3325 396 3394 etafilio
414 3324 569 3394 Domino
592 3341 715 3394 nostro
736 3323 813 3397 lesu
830 3321 994 3406 Christo,
1019 3325 1109 3394 sicut
1162 3330 1304 3411 elesiae,
1337 3329 1500 3399 videlicet
1530 3330 1573 3397 (le
1598 3329 1786 3396 cniicordia
1810 3349 1870 3394 seu
1895 3338 2017 3394 mutua
2044 3325 2146 3392 bene·

119 3451 222 3516 saepe
251 3426 336 3494 alias
362 3425 514 3503 dicitur,
556 3439 590 3495 et
619 3424 744 3495 lissiae
773 3450 848 3515 cap.
880 3421 941 3496 51.
974 3427 1108 3495 dictum
1163 3429 1329 3500 volentia.
1388 3429 1615 3520 Perspicuum
1649 3446 1699 3496 est
1731 3429 1960 3509 irnnrdatum,
1999 3440 2033 3496 et
2066 3440 2140 3494 ιιοιι

120 3544 189 3599 est:
215 3526 322 3597 Posui
341 3528 489 3597 verbum
516 3551 635 3596 cneum
660 3528 698 3594 in
724 3552 785 3596 ore
810 3541 894 3611 tuo,
928 3542 961 3598 et
984 3531 1109 3598 umbra
1162 3533 1515 3603 omnibussententia
1530 3547 1595 3602 est:
1621 3529 1822 3600 Concordia
1844 3553 1973 3625 parvae
1996 3551 2052 3596 res
2073 3548 2139 3595 cre-

118 3651 248 3699 manus
264 3652 362 3698 meae
384 3628 520 3720 protexi
544 3642 595 3711 ιι,
628 3644 666 3698 ιιι
692 3631 828 3720 plantes
854 3631 981 3699 coelos.
1033 3628 1110 3698 llae
1161 3648 1284 3718 scunt,
1324 3635 1682 3725 discordiamagnae
1713 3628 1938 3715 dilabn'utnr,
1988 3645 2023 3702 et
2046 3650 2136 3697 uerno

118 3731 373 3825 promissiones
403 3731 545 3799 divinae
574 3737 806 3822 opponendae
835 3744 918 3800 sunt
939 3735 1031 3802 odiis
1056 3748 1098 3826 ty·
1164 3738 1301 3825 ignorat
1319 3736 1517 3807 Psalmnm:
1545 3733 1636 3809 Ecce
1652 3760 1756 3827 qnam
1772 3736 1907 3801 bonnm
1923 3745 1956 3801 et
1971 3755 2076 3824 qnam
2092 3730 2138 3797 iu·

120 3834 296 3918 rarmicis,
320 3834 684 3922 etobtemperandum
706 3848 756 3904 est
773 3831 849 3903 Deo
870 3836 1110 3926 praecipiente
1163 3840 1337 3925 cundum,
1379 3833 1577 3908 habitares
1562 3839 1684 3906 fratres
1706 3839 1741 3903 in
1767 3859 1891 3904 mrum.
1924 3828 2137 3922 QmiPsal-

118 3951 159 4009 ut
174 3932 409 4027 Evangelmm
424 3958 678 4026 propagemus,
711 3951 746 4007 et
762 3937 984 4022 laetandum,
1014 3939 1109 4031 quod
1163 3964 1243 4008 mus
1275 3942 1501 4031 peculiariter
1525 3945 1568 4009 de
1593 3940 1774 4009 doctrinae
1797 3936 1986 4006 concordia
2009 3930 2138 4007 concio·

118 4038 265 4129 abipso
288 4037 497 4126 diligamur,
531 4061 570 4105 ac
594 4039 767 4127 speranda
792 4055 860 4120 est,
898 4063 970 4108 non
994 4040 1111 4108 solum
1164 4057 1279 4113 natur.
1329 4028 1908 4131 Quiacumfitmentiobalsami,
1937 4036 2140 4133 qquaron

34 4214 40 4219 ,
117 4139 297 4224 defensio,
320 4141 384 4209 s'ed
411 4139 516 4208 etiam
538 4137 722 4209 felicitas
712 4164 749 4207 m
771 4137 1108 4228 colligendaEccle-
1164 4157 1290 4214 unctus
1322 4158 1393 4225 est,
1432 4146 1593 4216 doctrina
1624 4144 1852 4232 significatur.
1920 4137 1969 4211 Ut
2003 4136 2138 4208 distillat

119 4244 189 4324 sia,
215 4242 310 4334 quod
328 4238 490 4310 videlicet
506 4243 619 4308 nostri
636 4241 773 4310 labores
797 4243 909 4310 futuri
932 4244 1006 4313 sint
1030 4266 1110 4333 per·
1164 4247 1357 4317 balsamum
1382 4270 1401 4315 a
1424 4248 1554 4317 vertice
1577 4241 1775 4314 Αιιιιιιιὶι
1766 4269 1804 4311 ιιι
1835 4244 1984 4313 barbam
2012 4258 2047 4311 et
2071 4256 2139 4309 oras

117 4356 226 4433 petuo
243 4334 412 4412 salmam.
427 4342 641 4434 nobisipsis
662 4358 695 4414 et
717 4366 865 4432 magnae
885 4344 1111 4416 multitudini
1165 4350 1382 4428 vestimenti,
1424 4351 1471 4416 ita
1495 4373 1564 4417 una
1587 4347 1816 4417 ‹lacrimat›
1839 4368 1912 4415 uno
1934 4367 2072 4414 summo
2094 4363 2140 4409 sa·

118 4467 223 4513 verae
238 4440 426 4514 Ecclesiae.
1164 4453 1323 4532 cerdote,
1350 4464 1383 4521 et
1401 4453 1529 4520 vertice
1546 4444 1687 4522 Christo
1703 4470 1841 4539 sparsa,
1863 4450 2032 4516 doceatur
2045 4469 2064 4513 a
2078 4456 2140 4529 tote

222 4545 319 4615 Haec
333 4560 386 4616 est
401 4560 519 4617 autem
537 4569 617 4616 vera
632 4561 668 4617 ιι
684 4547 782 4616 firma
797 4547 1014 4632 consolatio
1039 4549 1112 4617 lae·
1163 4567 1263 4622 coetu
1282 4554 1520 4635 sacerdotum,
1552 4576 1626 4620 non
1649 4553 1782 4639 lingant
1805 4548 1875 4619 sibi
1900 4544 2064 4617 homines
2087 4570 2141 4613 no·

119 4645 207 4731 tari,
240 4647 324 4741 quia
346 4640 477 4718 scimus
497 4672 562 4717 nos
585 4645 661 4719 Deo
684 4651 947 4740 obtemperare,
981 4665 1015 4720 et
1036 4649 1111 4721 Deo
1164 4679 1223 4724 vas
1244 4656 1431 4744 opiniones
1454 4657 1497 4722 de
1512 4653 1610 4735 Deo
1638 4656 1698 4721 sed
1722 4664 1912 4741 agnoscant
1935 4672 2017 4718 eum
2026 4699 2038 4734 ,
2064 4647 2142 4716 sicut

46 4764 48 4769 '
118 4749 415 4839 placerenostros
441 4750 599 4833 labores,
632 4752 706 4819 imo
729 4752 897 4822 sacrificia
914 4749 990 4822 Deo
1013 4769 1110 4843 grata
1166 4779 1237 4847 ipse
1253 4779 1289 4827 se
1304 4756 1485 4847 patefecit
1503 4768 1536 4824 et
1552 4756 1668 4825 colant
1684 4780 1765 4825 eum
1782 4755 1876 4823 mrta
1892 4752 2043 4821 verbum
2058 4745 2142 4844 quod

117 4875 212 4936 esse,
238 4866 273 4922 et
288 4875 354 4923 nos
368 4852 511 4920 delendi
528 4876 567 4921 ac
587 4804 851 4938 iuvariaDeo,
876 4878 942 4923 nec
966 4876 1039 4925 esse
1062 4856 1110 4925 ir·
1165 4880 1239 4948 ipse
1255 4859 1412 4931 tradedit.
1446 4854 1512 4929 Est
1528 4871 1644 4928 autem
1662 4856 1840 4949 singulare
1858 4846 1984 4932 παθος
2000 4848 2144 4941 hisper-

117 4955 203 5023 ritas
229 4954 492 5039 contentiones,
523 4956 585 5023 sed
608 4955 777 5026 salutares
804 4956 909 5025 nobis
931 4967 964 5026 et
986 4954 1111 5028 Eccle-
1164 4959 1282 5029 ticnlis
1315 4960 1571 5050 significat,um
1599 4958 1677 5029 Hoc
1703 4969 1928 5049 praeceptum
1945 4978 2070 5024 meum
2088 4963 2142 5021 est

118 5058 188 5125 siae
212 5042 299 5141 Dei,
327 5056 517 5126 aeternitas
549 5057 722 5126 intuenda
742 5071 815 5140 est,
848 5082 888 5126 ac
912 5081 992 5127 vere
1016 5059 1111 5128 bona
1164 5060 1237 5133 bur
1254 5077 1352 5132 vocat
1372 5086 1515 5153 proprie
1533 5086 1657 5147 snum
1681 5085 1762 5131 cum
1788 5061 1890 5129 toties
1914 5071 2017 5151 aptes
2044 5052 2145 5124 tradi

119 5162 295 5229 ducantur
310 5157 371 5227 illa
388 5158 500 5241 bona,
525 5181 622 5249 quae
635 5174 803 5249 perpetuo
826 5161 995 5229 duratura
1016 5174 1111 5241 snnt,
1162 5163 1322 5236 sumsit?
1347 5164 1423 5234 Alii
1439 5164 1565 5234 usitate
1582 5166 1810 5253 respondent,
1826 5138 2040 5230 diciCliristi
2054 5180 2147 5225 man·

120 5274 154 5326 et
169 5274 252 5330 sunt
267 5272 437 5350 perpetua
459 5282 539 5328 cum
554 5255 631 5328 Deo
651 5261 890 5339 consuetudo,
923 5262 1053 5332 laetitia
1078 5277 1111 5336 et
1165 5266 1307 5351 datum,
1333 5281 1477 5358 propter
1489 5268 1681 5345 auxilium
1707 5289 1790 5358 quia
1808 5259 1973 5333 Cbnsms
1995 5261 2055 5329 dat
2072 5256 2149 5346 Sps

121 5361 243 5447 gloria.
304 5359 460 5452 Magnos
484 5361 623 5432 labores
644 5363 818 5433 sustinent
839 5359 1009 5450 Pericles,
1040 5362 1113 5436 De·
1164 5369 1468 5453 ritumsanctum,
1495 5393 1565 5462 qno
1584 5371 1689 5438 corda
1713 5367 1976 5449 accenduntur,
2011 5375 2051 5434 ιιι
2072 5356 2149 5431 buis
