4522 5782
179 150 349 290 'sats
423 238 426 244 -
478 198 496 223 ··
753 198 883 280 rum
909 184 1026 276 nau
1052 194 1263 276 scotera
1304 189 1605 276 mananm
2144 192 2225 276 aas

188 380 291 455 lum?
341 376 382 450 ld
409 374 506 447 enim
530 373 640 445 luerit
662 369 848 444 detrahere
868 369 1074 447 Christum:
1115 375 1174 443 sed
1229 386 1398 455 amorte,
1416 371 1478 466 qui
1495 386 1548 443 est
1564 394 1631 463 pro
1646 368 1752 441 nobis
1767 370 2065 458 laetusvietima,
2088 370 2226 465 quise·

53 477 57 483 ⁸
191 497 323 557 statuas
343 474 528 551 Christum
551 498 635 547 vere
657 477 701 546 ad
732 478 890 548 dextram
914 476 1024 569 patris
1045 477 1179 560 sedere,
1231 481 1290 548 det
1305 477 1349 545 ad
1369 476 1547 545 dexteram
1569 473 1702 572 patris,
1727 488 1768 546 ut
1787 474 1911 545 salvet.
1961 473 2055 547 Nam
2073 471 2136 546 hic
2157 469 2225 543 ho·

193 610 268 658 esse
288 587 572 665 intercessorem,
598 593 638 650 ut
659 580 902 651 exaudiamur.
955 576 999 649 ln
1021 573 1091 650 boc
1113 601 1179 649 usu
1232 601 1298 649 nos
1316 577 1465 649 Domini
1487 576 1602 671 qualis
1616 576 1680 660 ait,
1704 587 1741 645 et
1765 599 1855 669 qnae
1877 574 2048 648 beneficia
2069 576 2228 668 complc-

194 687 364 759 discimus
397 681 597 771 intelligere
623 676 731 750 huius
762 681 849 752 dieti
879 681 951 749 vim
982 693 1018 751 et
1038 694 1181 750 senten·
1234 695 1367 765 ctatur,
1390 703 1432 750 ex
1453 680 1623 750 omnibus
1647 677 1945 769 promissionibus
1968 678 2090 770 colligi
2114 681 2226 765 dehet.

196 792 295 863 tiam.
360 783 451 856 Nam
483 783 547 877 qui
588 806 662 852 non
694 783 881 866 invocant,
917 796 1048 872 negant
1075 778 1184 854 Chri·
1235 783 1324 855 sicut
1346 782 1386 851 in
1415 779 1574 854 Psalmo:
1613 778 1716 851 Dixit
1741 776 1925 854 Dominus·
1942 779 2105 854 Domino
2135 804 2225 866 mee,

197 907 290 963 stum
314 890 435 959 sedere
457 888 502 958 ad
519 887 697 957 dexteram
713 885 843 975 patris,
865 897 901 955 et
919 886 1185 958 intercessorem
1235 901 1271 958 et
1296 885 1390 956 aliis.

198 1017 272 1065 esse
297 1004 363 1065 etc.
1575 1048 1583 1068 .
1729 1050 1736 1067 .
1900 1048 1908 1068 .
1976 1049 2018 1068 ..

1377 1040 1498 1126 Corda
1522 1075 1618 1122 cnam
1635 1045 1796 1124 credatur
1816 1045 1873 1122 ad
1892 1060 2095 1124 suslscsam·

372 1151 492 1255 PWP‘
509 1165 560 1228 ‘⁸¹
577 1153 721 1227 ‘'ml''
740 1152 780 1225 'P
796 1177 856 1226 W
875 1164 938 1227 ¹¹⁴⁰
952 1164 1017 1230 ⁶¹⁶·
1340 1185 1571 1257 Manifestum
1594 1183 1836 1257 testimonium
1857 1197 1930 1272 est,
1961 1189 2058 1279 qnod
2082 1186 2155 1259 tide
2173 1186 2225 1258 iu·

303 1293 420 1367 Antea
443 1288 673 1387 reprehendit
696 1292 974 1379 dubitationem,
1006 1317 1103 1365 nunc
1123 1292 1188 1363 ad·
1238 1291 1450 1373 stifitemur,
1473 1311 1557 1357 nam
1573 1288 1785 1358 adversariis
1801 1282 1887 1357 hacc
1900 1290 2007 1359 verba
2023 1288 2134 1383 plane
2146 1304 2226 1363 sunt

200 1402 254 1471 dit
271 1397 516 1469 affirmativam
531 1395 805 1485 descriptionem
828 1396 930 1465 fidei:
957 1394 1116 1467 Verbum
1137 1407 1189 1466 cst
1237 1396 1372 1477 otiosa,
1409 1402 1445 1461 et
1477 1384 1572 1459 nihil
1609 1389 1854 1478 significantia.
1894 1387 2023 1462 Postea
2052 1392 2225 1483 affingunt

201 1524 311 1594 prope
334 1500 372 1568 iu
394 1522 455 1570 ore
479 1513 553 1571 tuo.
607 1494 656 1567 Et
678 1499 728 1567 sic
752 1497 877 1568 definit
898 1497 1073 1568 iusticiam
1092 1498 1188 1583 lidei,
1239 1495 1368 1568 multas
1381 1486 1590 1586 sophisticas
1605 1491 1924 1582 interpretationes.
1963 1490 2040 1563 Nos
2051 1516 2142 1564 vern
2152 1516 2224 1566 nnn

199 1605 295 1696 qttod
317 1603 365 1671 sit
381 1624 456 1671 non
472 1601 654 1687 dubitare,
678 1601 740 1668 sed
758 1601 901 1669 credere
921 1595 1006 1671 huie
1021 1601 1128 1671 verbo
1143 1601 1187 1669 de
1235 1615 1504 1688 corrumpamus
1525 1594 1659 1666 dictum
1682 1592 1804 1679 Pauli,
1834 1595 1897 1664 sed
1921 1617 2005 1666 rere
2026 1594 2225 1668 tribuams

199 1701 362 1789 Christo,
387 1716 423 1773 et
436 1717 590 1774 statuere
608 1702 704 1794 qnod
727 1697 822 1772 lesus
843 1702 890 1771 sit
912 1701 1107 1783 Dominus,
1135 1702 1187 1771 vi·
1234 1701 1336 1786 tidei,
1366 1696 1406 1770 id
1427 1696 1523 1791 quod
1544 1697 1578 1765 ei
1607 1696 1736 1768 tribuit
1758 1695 1908 1781 Paulus,
1941 1719 2008 1768 nec
2031 1698 2222 1770 obscurum

199 1807 329 1877 delicet
361 1804 441 1889 ille,
477 1828 540 1895 per
563 1827 666 1896 quem
697 1817 749 1874 est
777 1804 951 1894 promissa
974 1804 1187 1887 benedictio,
1235 1817 1306 1890 est,
1330 1801 1418 1896 quid
1438 1800 1544 1869 fidem
1563 1810 1684 1878 vocet,
1709 1799 1844 1869 scilicet
1865 1799 1923 1880 id,
1949 1801 2048 1896 quod
2069 1803 2221 1872 vocabu

201 1909 266 2003 qui
285 1908 826 1996 liberatamortectapeccato.
1235 1907 1311 1978 lum
1339 1914 1454 1975 sonat.
1506 1897 1694 1973 confidere
1724 1900 1764 1971 in
1792 1895 1995 1989 Christum,
2028 1902 2219 1996 sicutipse

305 2006 369 2079 Est
384 2009 493 2096 igitur
507 2006 690 2099 perspicua
713 2002 914 2078 antithesis:
936 2003 1078 2076 lustitia
1102 2008 1188 2098 legis
1236 2004 1295 2079 hic
1317 2009 1574 2097 interpretatur
1594 2003 1724 2082 fidem,
1754 2025 1846 2096 quae
1868 2003 1981 2076 credit
2008 2003 2127 2078 lesum
2148 2026 2219 2077 esse

202 2125 255 2182 est
282 2111 396 2180 lacere
425 2109 558 2198 legem,
585 2110 623 2177 id
652 2123 721 2190 est,
762 2123 814 2180 est
841 2125 961 2181 nostra
984 2111 1187 2192 ohedientia
1236 2108 1444 2182 Dominum.
1504 2101 1553 2175 Et
1576 2125 1699 2195 supraz
1736 2103 1839 2195 Quae
1862 2105 1991 2198 accipit
2014 2108 2217 2198 promissio·
2252 2138 2255 2173 t

202 2214 299 2283 iuxta
315 2213 444 2298 legem,
466 2234 528 2281 seu
550 2211 687 2300 integra
712 2235 772 2280 seu
798 2212 958 2303 politica:
1000 2214 1060 2281 sed
1084 2213 1186 2282 iusti·
1236 2236 1330 2285 nem.
1380 2205 1430 2279 Et
1450 2203 1526 2279 hic:
1560 2200 1693 2276 Omnis
1714 2207 1777 2299 qui
1800 2208 1976 2304 creditjin
2001 2231 2106 2296 eum,
2129 2208 2215 2304 quod

200 2315 256 2385 cia
271 2313 352 2383 fidei
378 2327 429 2386 est
452 2314 616 2396 credere,
637 2314 733 2404 quod
757 2327 904 2404 propter
923 2307 1106 2384 Christum
1128 2339 1187 2384 ac·
1236 2329 1329 2386 certe
1346 2310 1538 2402 signifieat,
1565 2309 1626 2401 qui
1643 2309 1790 2379 conlidit
1811 2310 1850 2377 in
1874 2332 1975 2391 eum,
2003 2310 2042 2381 id
2068 2325 2138 2398 est,
2158 2310 2213 2407 qut

200 2414 293 2507 cepti
321 2416 451 2495 simus,
492 2439 567 2484 non
596 2427 742 2506 propter
771 2429 930 2485 nostram
965 2415 1187 2506 dignitatem,
1235 2415 1406 2499 conlidit,
1443 2413 1542 2507 quod
1572 2424 1718 2506 propter
1757 2412 1874 2504 ipsum
1911 2409 2012 2485 Deus
2038 2413 2089 2487 sit
2121 2415 2210 2486 nobis

200 2517 389 2611 qualitates
403 2529 464 2587 aut
482 2517 642 2590 virtutes.
692 2511 858 2615 Oppunit
878 2517 987 2608 igitur
1010 2519 1187 2608 superiori
1234 2517 1428 2614 propicius.

200 2617 423 2703 definitioni,
448 2618 578 2712 inqua
602 2618 864 2711 inquitlacere.
924 2617 997 2689 lant
1022 2621 1061 2689 in
1077 2622 1185 2692 altera
1426 2672 1464 2755 0
1743 2680 1751 2700 ,
1823 2677 1852 2755 d
1909 2678 1927 2751 1
1971 2684 1974 2690 .

203 2719 425 2806 definitione,
453 2718 569 2811 Prope
586 2734 636 2789 est
650 2721 798 2790 verbum
816 2721 854 2789 in
872 2744 933 2792 ote
950 2734 985 2791 et
1000 2726 1117 2808 corde,
1132 2724 1185 2792 vi·
1467 2677 1565 2777 “fil
1589 2682 1772 2784 ⁶⁰⁰s⁶⁸⁸¹⁰
1796 2707 1820 2751 ⁰
1861 2706 1906 2754 ⁸⁰
1927 2692 2035 2758 ΨΜ·

200 2821 348 2907 delicet,
386 2822 470 2914 quia
511 2824 621 2892 verbo
657 2818 959 2914 apprehendimus
989 2820 1186 2909 Christum,
1334 2819 1536 2893 Multorum
1551 2817 1637 2893 haec
1653 2821 1858 2912 imaginatio
1875 2835 1947 2906 est,
1972 2822 2113 2893 etiamsi
2127 2825 2206 2895 bona

199 2937 345 3016 propter
359 2948 464 3016 quem
481 2923 563 2994 iusti
579 2938 615 2995 et
630 2926 762 3021 accepti
784 2948 925 3008 sumus,
949 2949 1025 2997 non
1041 2940 1187 3022 propter
1234 2947 1341 3019 opera
1358 2947 1433 2995 non
1447 2939 1628 2996 merentur
1642 2925 1884 2996 remissionem
1902 2939 2144 3017 pcccatorum,
2165 2941 2206 2998 ta-

197 3025 407 3119 dignitatem
430 3040 604 3098 nostram.v
1234 3048 1318 3097 men
1342 3040 1462 3119 postea
1483 3028 1611 3098 mereri
1639 3028 1748 3097 vitam
1771 3042 1972 3111 aeternam,
2005 3027 2098 3100 sient
2116 3026 2207 3099 multi

300 3125 415 3200 Est-et
430 3127 518 3199 illud
536 3132 724 3199 observatu
743 3127 891 3218 dignum
916 3133 962 3202 de
982 3133 1187 3210 necessitate
1233 3130 1421 3214 dixerunt,
1458 3125 1621 3199 homines
1651 3128 1890 3201 etiamsinon
1919 3145 2125 3203 mereantur
2143 3131 2206 3225 pri·

196 3227 388 3300 ministerii
423 3243 456 3300 et
494 3231 593 3300 verbi
623 3231 772 3312 vocalis,
808 3246 841 3302 et
873 3235 919 3302 de
946 3237 1075 3319 modo,
1112 3260 1184 3328 quo
1233 3255 1329 3302 mam
1344 3231 1514 3323 gratiam,
1540 3246 1658 3302 tamen
1683 3231 1813 3299 deinde
1833 3234 1961 3301 mereri
1978 3233 2090 3301 vitam
2107 3247 2207 3304 aeter·

198 3330 585 3420 agitDeusnobiscum.
636 3330 718 3402 Non
733 3333 828 3402 enim
841 3335 1108 3426 imaginandum
1124 3351 1186 3423 est,
1234 3356 1329 3404 nam.
1377 3333 1437 3403 Ad
1454 3329 1522 3404 hoe
1535 3333 1647 3403 citant
1661 3334 1772 3403 multa
1787 3334 1897 3405 dicta:
1923 3328 2001 3405 Ore
2021 3334 2060 3404 fit
2082 3336 2205 3406 cordes·
2251 3376 2255 3381 ·

198 3432 293 3524 quod
325 3427 423 3502 Dens
451 3433 569 3504 mittat
597 3430 772 3524 Spiritum
796 3432 836 3508 S.
864 3436 942 3509 siue
971 3441 1080 3510 verbo
1110 3465 1183 3514 sun.
1233 3437 1287 3505 sio
1300 3436 1345 3506 ad
1361 3436 1522 3507 salutem.
1574 3432 1677 3507 Item:
1703 3431 1867 3518 Esuriris
1899 3450 1934 3507 el
1955 3435 2108 3507 d0d3⁸fi⁸
2128 3432 2206 3509 mibi

198 3533 271 3604 Sed
296 3531 430 3604 Paulns
454 3534 598 3605 deducit
626 3556 692 3606 nos
730 3537 776 3605 ad
807 3537 1043 3609 ministerium
1077 3545 1183 3614 etad
1232 3538 1364 3612 cibum.
1423 3535 1533 3608 ltem:
1565 3535 1604 3608 Si
1626 3532 1775 3607 habeam
1796 3561 1940 3608 omnem
1967 3539 2098 3621 fidem,
2129 3540 2206 3610 dile·

196 3636 347 3703 verbum
371 3636 512 3723 vocale,
546 3659 620 3707 nost
643 3638 827 3708 invenitur
856 3641 944 3711 alibi
969 3639 1063 3713 Deus
1088 3659 1183 3716 extra
1231 3640 1385 3711 ctionem
1401 3651 1518 3710 autem
1536 3662 1610 3709 nnn
1624 3635 1792 3719 habeam,
1817 3637 1911 3710 nibil
1926 3664 2018 3712 sum.

196 3759 301 3807 snum
322 3738 491 3822 verbum,
529 3752 592 3809 aut
610 3740 688 3808 sine
711 3742 820 3811 verbo
844 3764 927 3829 sun,
959 3745 998 3814 in
1019 3741 1087 3817 boc
1107 3749 1184 3819 vult
1332 3740 1391 3814 Ad
1413 3738 1501 3812 haec
1520 3742 1613 3812 dieta
1634 3742 1755 3811 ontnia
1776 3765 1850 3813 uno
1880 3746 1990 3826 modo
2012 3744 2207 3836 respondeo.

140 3904 149 3923 ,
196 3837 350 3927 agnosci.
392 3836 472 3911 Hoc
486 3840 725 3912 instrumento
740 3843 818 3913 vult
833 3867 907 3915 esse
922 3847 1051 3918 efficax.
1097 3848 1182 3920 Ideo
1231 3841 1395 3916 Concedo
1415 3844 1647 3913 necessariam
1672 3867 1746 3913 esse
1769 3844 1944 3916 incoatam
1967 3847 2208 3931 obedientiam,

196 3939 235 4009 in
250 3941 348 4009 omni
364 3941 559 4013 tentatione
575 3967 786 4036 quaeramus
801 3943 916 4017 Deum
941 3971 1005 4041 per
1023 3952 1185 4035 verbum,
1231 3948 1382 4016 sednon
1397 3959 1556 4017 meretur
1570 3946 1678 4016 vitam
1703 3960 1899 4034 aeternam,
1924 3971 2000 4018 non
2022 3961 2076 4020 est
2093 3972 2148 4019 res
2160 3949 2207 4018 di·

196 4055 231 4113 et
248 4041 287 4109 in
303 4044 638 4117 verboresistamus.
690 4040 1039 4122 Ethancessecerto
1055 4054 1184 4124 volun.
1231 4071 1300 4138 gna
1329 4048 1401 4118 vita
1431 4062 1594 4133 aeterne,
1635 4072 1696 4119 seu
1732 4050 2011 4140 pretiumsvitae
2047 4065 2207 4135 aeternae,

195 4155 304 4214 tatem
328 4142 396 4214 Dei
413 4157 629 4237 statuamus,
661 4170 751 4239 quae
775 4148 814 4218 in
836 4152 945 4221 verbo
971 4155 1080 4243 ipsius
1102 4182 1185 4248 pro.
1233 4173 1299 4220 nee
1315 4149 1450 4243 placet,
1464 4150 1536 4221 nisi
1551 4151 1634 4243 quia
1650 4152 1829 4222 credimus
1842 4148 2094 4229 inChristum.
2125 4152 2206 4243 Quia

197 4243 357 4336 ponitur.
407 4245 493 4318 ldeo
508 4243 565 4318 hic
582 4252 625 4317 de
643 4272 681 4319 re
705 4261 823 4335 tanta,
849 4253 895 4321 de
916 4255 1110 4327 salvatione
1127 4260 1184 4328 di·
1232 4252 1328 4322 enim
1351 4253 1466 4353 placet
1487 4253 1691 4324 obedientia
1712 4267 1856 4346 propter
1877 4255 2002 4340 fidem,
2034 4257 2206 4327 contradi·

130 4398 134 4407 .
196 4346 261 4416 eit:
287 4342 404 4437 Prope
424 4362 477 4421 est
497 4353 644 4420 verbum
670 4351 708 4418 in
730 4375 792 4422 ore
816 4368 891 4427 tuo.
945 4355 1053 4430 ltem:
1092 4358 1183 4430 Ver·
1232 4355 1303 4425 ctio
1320 4369 1373 4427 est
1388 4355 1596 4445 imaginari,
1621 4359 1718 4449 quod
1733 4380 1839 4449 opera
1854 4358 1912 4426 vel
1928 4358 2135 4444 iustifieent,
2159 4356 2204 4427 vel
2252 4410 2255 4417 .

196 4444 284 4516 bum
304 4448 386 4518 fidei
411 4452 506 4543 quod
533 4453 788 4539 praedicamus.
839 4454 886 4527 Et
909 4472 1027 4548 postea
1051 4476 1183 4552 repetet
1231 4470 1436 4529 mereantur
1463 4459 1571 4528 vitam
1594 4471 1786 4534 aeternam.
1844 4455 1935 4529 Fide
1952 4474 2072 4532 autem
2092 4459 2203 4533 statui·

197 4541 295 4617 hunc
320 4551 486 4620 modums
519 4551 633 4645 Fides
648 4568 700 4627 est
722 4579 763 4626 ex
785 4558 931 4646 auditu,
956 4564 1101 4639 auditus
1122 4590 1185 4660 per
1231 4580 1311 4628 mus
1327 4561 1434 4630 nobis
1452 4573 1599 4653 propter
1611 4555 1794 4632 Christum
1817 4561 1925 4651 gratis
1947 4563 2077 4634 donari
2091 4563 2204 4633 remis·

196 4649 348 4722 verbum
362 4648 431 4721 Dei
445 4667 509 4728 est.
1231 4662 1367 4730 sionem
1390 4675 1629 4753 peccatorum,
1659 4674 1695 4733 et
1714 4664 1823 4735 vitam
1845 4676 2039 4739 aeternam.
2096 4661 2144 4737 Et
2160 4676 2204 4734 ts·

460 4814 510 4892 ι·
528 4821 848 4926 ιιι
1231 4763 2203 4950 tattnta‘antzatt:‚staalda

298 4950 406 5044 Quod
421 4966 539 5027 autem
564 4957 697 5052 inquit:
723 4958 764 5031 st
782 4954 960 5037 conless'us
975 4966 1086 5039 fueris
1102 4966 1181 5041 Do-
1332 4963 1430 5039 Haec
1446 4968 1629 5059 responsio
1643 4963 1851 5040 nihilhabet
1865 4970 2118 5062 perplexitatis,
2130 4994 2206 5042 con·

195 5056 334 5128 minum
350 5054 485 5147 lesum,
513 5060 559 5127 ita
577 5061 827 5132 resolvendum
853 5079 922 5150 est,
947 5066 986 5139 Si
1001 5072 1181 5145 coulenus
1229 5065 1322 5140 cedit
1344 5071 1576 5140 necessariam
1605 5093 1679 5140 esse
1701 5071 1962 5157 obedientiam,
1994 5084 2033 5144 at
2059 5068 2207 5146 detrahit
2251 5054 2255 5169 1

193 5157 304 5229 tueris
320 5156 436 5229 lesum
452 5182 527 5230 esse
540 5156 757 5242 Dominum,
782 5162 819 5232 id
835 5179 992 5248 est,non
1013 5172 1180 5266 otiosum,
1228 5172 1435 5263 opinionem
1450 5171 1585 5258 meriti,
1608 5185 1643 5244 et
1663 5175 1766 5244 docet
1788 5175 1968 5267 quomodo
1993 5173 2148 5267 placeat,
2170 5188 2206 5247 ut
2253 5182 2255 5267 ζ

194 5260 257 5375 sed
278 5259 382 5329 illum
406 5255 622 5346 Dominum,
646 5265 691 5333 de
711 5265 911 5356 quoiaetae
932 5276 1182 5366 suntpromis-
1227 5271 1372 5347 Christo
1400 5274 1579 5346 tribuatur
1606 5297 1691 5346 suus
1716 5269 1848 5360 honos,
1888 5289 1923 5347 et
1951 5273 2042 5347 hdes
2072 5288 2206 5349 maneat

195 5379 331 5445 ΜΝ,
354 5360 418 5454 qui
438 5361 569 5434 liberat
587 5384 702 5455 genus
719 5357 919 5443 humanum
940 5394 962 5445 a
982 5390 1126 5469 peecata
1143 5390 1180 5453 et
1228 5387 1336 5455 certa.
1364 5397 1367 5401 ·
1393 5375 1512 5452 Pieres
1540 5377 1637 5449 enirn
1665 5377 1819 5460 inceste,
1852 5377 1956 5451 sisic
1984 5377 2218 5469 sentiendum.
