4522 5782
972 48 978 81 l

211 160 2075 341 xtn.aconcamarare-mianumancontarmos.caram.1214

88 414 201 484 troque
218 388 298 463 Deo
309 392 440 483 gratias
455 414 615 479 agatntts,
631 405 663 461 et
680 394 872 481 cogitemus
888 418 998 471 esse
994 408 999 445 ¹
1023 393 1106 485 gelii
1130 394 1248 465 efficax
1276 419 1441 495 essenon
1467 398 1623 491 potentia
1652 400 1723 471 ulla
1747 395 1922 486 humana,
1949 408 2009 509 scd

88 494 422 584 iasetttiumphot
446 494 594 564 mttttet
604 498 965 594 ,reprimentisdia-
1021 498 1165 577 diviua,
1194 512 1231 568 ιιι
1248 514 1370 591 postea
1395 475 1544 570 dicetur.

106 610 284 663 etennrm
309 608 452 682 organa.
551 610 555 621 “
1121 596 1463 695 Hicdicataliquist
1489 597 1866 699 Nihiligiturreiert‚
1894 612 2008 702 aqui·

88 682 241 767 Verbum
274 692 523 791 θριαιιβιύειιν
552 701 651 771 aiunt
684 701 814 769 factum
850 724 924 771 esse
949 728 968 773 a
992 758 996 837 ⁴
1019 702 1359 795 busantqaommlo
1383 706 1593 789 doccantur,
1625 729 1654 774 ιι
1646 703 2008 800 'humanapotentia

88 801 253 884 ,idest,
271 802 481 882 iolimnfici
499 800 736 894 quiadic'unt,
753 803 968 874 olimvicto-
993 797 1139 894 nihil:
1132 805 1226 891 agit?
1275 802 1369 874 Hmc
1385 806 1576 876 olnectrom
1595 813 1784 898 respondet
1801 813 2007 883 altertsen

88 852 627 987 tionatosessefnliislicorom,
654 903 969 998 quiavictoriaest
992 895 1148 991 'tentia‚
1183 930 1273 1000 qnae
1303 902 1360 976 hic
1389 909 1572 978 recitatur:
1607 906 1758 981 Etiamsi
1782 915 1933 984 efficacia
1955 930 2006 988 est

88 1030 106 1076 t.
141 1002 278 1098 Αμβη
297 1020 349 1075 ιιι
372 1028 493 1126 margo
517 1006 572 1073 vel
600 1006 819 1095 extremitas,
846 1021 884 1076 ut
909 1032 968 1083 co·.
1019 1007 1162 1093 divina,
1179 1022 1296 1079 tamen
1314 1030 1379 1078 nos
1397 1024 1536 1101 oportet
1550 1011 1671 1083 fideles
1690 1038 1763 1083 esse
1778 1040 1815 1085 m
1833 1018 2007 1102 docendo,

109 1106 273 1195 imposita
310 1109 418 1196 capiti
450 1122 511 1177 aut
551 1111 695 1177 caeteris
735 1111 968 1185 ornamentis.
1019 1107 1054 1175 id
1085 1122 1155 1194 est,
1197 1135 1318 1179 vocem
1350 1107 1580 1202 Evangelii
1570 1131 1811 1205 incorruptam
1846 1122 2005 1200 tradere,

89 1224 184 1277 utem
205 1210 387 1278 dissimilis
411 1210 621 1299 significatio
638 1210 673 1278 in
694 1213 968 1282 constructione
1018 1209 1108 1281 sicut
1136 1212 1173 1280 in
1206 1212 1323 1301 ριῐοιι
1352 1210 1512 1302 Epistola
1539 1215 1649 1286 dicit:
1698 1214 1776 1288 lloc
1799 1220 2032 1313 reqmntur,

88 1312 209 1402 nquit:
246 1310 322 1401 Ago
351 1313 481 1400 gratias
504 1310 580 1380 lleo
603 1312 758 1381 vincenti
785 1328 819 1383 et
839 1314 968 1383 trium·
1017 1324 1056 1381 ut
1073 1312 1236 1384 fideles
1208 1337 1328 1385 scmus
1370 1314 1421 1384 lta
1440 1310 1525 1384 hac
1513 1319 1648 1410 tnqmt
1676 1317 1826 1389 Allirmo
1842 1346 1899 1391 me
1915 1324 2004 1394 lide
2099 1354 2104 1359 ·

93 1411 569 1503 iinnoltisperChcistnm.
621 1411 856 1503 Hicpersona
881 1440 966 1484 con·
1016 1414 1084 1480 lem
1110 1438 1201 1500 esse,
1228 1416 1453 1486 doceresine
1477 1419 2004 1510 cotcttptelistraditamaDeo

88 1511 360 1606 ttrimnphanti
387 1513 615 1604 ¹significatur.
668 1514 710 1586 ln
744 1516 966 1587 Colossensi-
1016 1470 1232 1597 doctrinam,
1259 1531 1292 1587 et
1313 1519 1389 1609 ipso
1414 1531 1500 1589 teste
1522 1532 1556 1589 et
1579 1535 1756 1611 spectante
1778 1548 1897 1595 meum
1922 1550 2004 1596 cur·

88 1618 278 1687 rcusativas
294 1619 466 1707 significat
482 1639 668 1705 personam
686 1614 872 1705 hostilem,
898 1621 966 1690 du·
1016 1640 1093 1686 sum
1130 1633 1163 1689 et
1194 1621 1338 1690 iuvante
1371 1616 1525 1694 Christo.
1584 1623 1666 1693 Non
1702 1624 1832 1696 misceo
1863 1627 2004 1699 veritati

112 1696 294 1809 triumpho
320 1721 493 1790 diabolos.
1015 1742 1122 1810 prava
1140 1722 1322 1810 dogmata,
1347 1722 1438 1792 sicut
1459 1745 1635 1814 caupones
1654 1726 1737 1797 vina
1759 1746 2003 1821 corrumpunt.

1015 1820 1097 1889 Non
1129 1821 1275 1892 inllecto
1310 1824 1492 1894 veritatem
1520 1827 1566 1895 ad
1598 1828 1743 1899 allectus
1780 1826 2004 1919 ludaeorum,

1015 1922 1077 2015 qui
1101 1925 1280 1995 somniant
1303 1950 1450 2015 regnum
1478 1927 1678 2016 politicum,
1703 1954 1777 2002 non
1801 1934 1845 2001 ad
1869 1931 2002 2015 iudicia

88 2024 202 2096 Sumta
233 2042 283 2096 est
316 2018 521 2111 metaphora
546 2046 564 2092 a
589 2024 845 2095 consuetudine
876 2026 964 2096 olic-
1015 2024 1184 2111 rationis,
1211 2050 1301 2120 quae
1325 2040 1424 2146 putat
1449 2028 1525 2115 lege
1550 2030 1629 2100 tolli
1652 2045 1854 2123 peccatum,
1882 2048 1916 2105 et
1936 2058 2002 2106 nec

88 2150 131 2195 tm
148 2150 289 2196 accensa
304 2124 426 2210 thura
453 2150 543 2218 quae
558 2128 675 2195 itrmos
693 2127 888 2216 fragrantes
904 2153 963 2198 ex
1014 2127 1126 2216 legem
1160 2152 1226 2199 nec
1259 2129 1435 2201 iusticiam
1458 2124 1651 2248 Evangelii
1688 2142 1780 2204 recte
1821 2136 2000 2225 intelligit.

88 2230 219 2299 tAc
242 2244 282 2299 ut
305 2230 356 2297 illi
385 2223 516 2299 halitus
545 2229 781 2320 dissipantur,
823 2230 873 2301 sic
895 2256 963 2302 no·
1012 2226 1071 2298 Ab
1103 2224 1169 2300 hac
1200 2231 1538 2302 commemoratione
1561 2237 1605 2303 de
1631 2258 1693 2304 sna
1715 2235 1883 2306 fidelitate
1908 2238 1999 2308 redit

88 2332 272 2400 conciones
297 2325 902 2421 ingenerehumanosparguntur,
929 2346 964 2405 et
1011 2332 1055 2399 ad
1079 2332 1223 2403 alteram
1246 2334 1455 2406 sententiam
1479 2335 1524 2403 de
1546 2336 1716 2422 efficacia,
1748 2339 1850 2408 'etde
1874 2339 2001 2408 discri-

94 2456 148 2501 res
172 2447 255 2502 sum
281 2435 341 2514 iis,
377 2435 437 2527 qui
463 2454 520 2500 eas
547 2433 615 2498 fide
645 2433 842 2523 accipiunt,
882 2435 963 2506 aliis
1012 2433 1108 2503 mine
1133 2435 1218 2526 legis
1242 2446 1275 2506 et
1295 2434 1493 2526 hvangeht.

209 1883 344 1959 Bonus
365 1882 457 1959 odor
478 1910 607 1955 sumas
631 1880 728 1958 Deo.

118 2536 177 2627 qui
213 2553 464 2625 aspernantur,
506 2535 727 2604 ammnciant
761 2536 849 2605 iram
883 2535 962 2612 Dei.

88 2653 253 2706 te'autem
279 2638 429 2729 inquit:·
448 2634 580 2720 Sumus
606 2637 723 2706 honus
745 2640 834 2708 odor
854 2635 962 2711 Chri-

88 2741 187 2823 lest,
214 2740 402 2809 conciones
425 2753 568 2808 nostrae
591 2752 674 2810 sunt
697 2734 828 2810 halitus
850 2740 962 2833 sparsi
1387 2719 1526 2832 capili
1561 2723 1638 2809 111.

90 2841 175 2930 isto,
210 2845 307 2911 etde
328 2843 426 2928 ipso,
457 2841 521 2935 qui
545 2854 628 2911 sunt
649 2843 740 2929 grati
765 2841 852 2918 Deo.
908 2844 962 2913 Ac

88 2943 320 3013 commodatio
342 2945 388 3013 sit
408 2942 601 3022 illustrior,
642 2945 748 3033 pinge
774 2943 810 3011 in
842 2959 961 3016 mente
1112 2936 1166 3008 De
1192 2952 1267 3010 toto
1293 2960 1357 3009 suo
1379 2939 1599 3021 ministerio,
1633 2942 1677 3009 de
1699 2940 1866 3011 fidelitate
1900 2944 2001 3016 etde

88 3068 167 3111 nem
189 3040 321 3115 Christi
345 3058 513 3136 tanquam
537 3045 666 3111 summi
688 3046 879 3116 sacerdotis
902 3071 962 3116 co.
1011 3040 1162 3112 efficacia
1181 3055 1348 3132 provocat
1372 3042 1476 3111 initio
1494 3047 1539 3110 ad
1560 3043 1800 3115 testimonium
1820 3044 1999 3134 ipsorum:

88 3159 220 3216 aeterno
250 3160 348 3237 patre
371 3145 551 3216 offerentis
582 3169 725 3216 accensa
755 3144 860 3216 thura
892 3151 961 3218 late
1012 3140 1086 3213 Vos
1108 3144 1204 3213 scitis
1227 3166 1345 3212 meum
1370 3142 1607 3213 ministerium
1629 3145 1738 3214 fuisse
1760 3146 1879 3215 efficax
1905 3147 1999 3216 inter

88 3250 170 3318 antia
194 3262 229 3319 et
251 3246 450 3320 exhalantia
471 3248 597 3319 fumos.
649 3245 725 3317 Hos
751 3244 882 3319 halitus
904 3250 962 3318 in·
1012 3269 1095 3330 vos,
1127 3245 1209 3337 quia
1226 3245 1446 3315 eteniracula
1463 3244 1620 3330 vidistis,
1652 3258 1771 3317 etmos
1791 3247 1857 3338 ipsi
1879 3248 1998 3320 ornati

88 3364 192 3419 etatur
215 3375 289 3419 esse
314 3376 433 3419 vocem
458 3345 664 3441 Evangelii,
706 3348 961 3443 quaeaCbri-
1012 3349 1094 3416 estis
1118 3344 1551 3436 donlsSpiritussancti,
1591 3350 1687 3417 dono
1711 3349 1924 3435 curationis,
1964 3364 2000 3421 et

88 3476 195 3521 ammo
218 3456 397 3522 sacerdote
419 3475 484 3541 per
506 3452 601 3541 ipsos
625 3455 819 3543 spargitur,
851 3466 885 3523 et
911 3468 962 3525 est
1013 3451 1110 3519 dono
1133 3449 1357 3539 linguarum,
1392 3449 1550 3519 sensistis
1571 3464 1605 3521 ct
1622 3451 1851 3522 in'cordib'us
1874 3452 1999 3523 vestris

88 3579 119 3638 c,
144 3556 227 3645 quia
244 3557 289 3622 ab
311 3555 389 3646 ipso
410 3550 553 3623 Christo
576 3555 712 3636 editur,
739 3580 811 3623 non
830 3569 881 3626 est
895 3550 962 3625 ho·
1013 3550 1280 3621 conversionem
1305 3563 1339 3652 et
1358 3552 1648 3623 consolationem.
1702 3549 1798 3643 Ergo
1821 3576 1895 3623 non
1917 3577 1997 3625 sum

88 3681 118 3722 m
136 3657 337 3743 inventum,
359 3670 399 3727 ιιι
414 3658 457 3724 ιιι
472 3655 622 3724 eslicacia
637 3656 826 3727 ministerii
842 3658 959 3727 statim
1012 3653 1203 3745 impostor,
1229 3677 1295 3722 nec
1313 3654 1476 3724 doctrina
1498 3655 1616 3725 inanis
1642 3654 1761 3724 sabula
1783 3671 1846 3727 est.
1939 3694 1942 3699 ·

88 3780 118 3825 ιι
135 3759 270 3829 dicetur
285 3760 323 3828 in
339 3758 451 3848 capite
467 3758 647 3847 proximo,
667 3758 729 3828 ubi
746 3759 815 3845 ait,
841 3756 961 3830 Evan-
1112 3753 1156 3825 ln
1178 3749 1243 3823 hac
1272 3755 1490 3844 praelatione
1517 3755 1600 3827 lacit
1624 3757 1841 3827 mentionem
1874 3780 1999 3829 causae

88 3883 111 3926 n
137 3884 210 3928 esse
233 3861 471 3930 ministerium
494 3859 640 3947 spiritus
664 3876 698 3931 et
718 3860 822 3935 vitae.
874 3858 964 3932 Vult
1013 3854 1214 3938 efficientis,
1233 3857 1297 3925 ubi
1312 3857 1497 3928 manifesta
1516 3858 1727 3933 asseveratio
1742 3873 1811 3942 est,
1837 3882 1926 3953 quae
1945 3860 1998 3929 al-

99 3963 282 4031 ostendere
306 3964 496 4031 discrimen
526 3962 612 4049 legis
637 3977 670 4032 et
693 3960 895 4052 Evangelii,
928 3976 961 4033 et
1013 3960 1147 4043 firmat,
1182 3957 1418 4028 ministerium
1442 3956 1629 4046 Evangelii
1655 3982 1727 4029 esse
1749 3961 1890 4045 efficax,
1922 3984 1999 4031 non
2116 3999 2119 4003 ·

88 4075 110 4131 ιι
140 4062 477 4154 Pseudoapostolos,
518 4065 578 4153 qui
605 4066 715 4133 multa
745 4064 896 4134 futiliter
918 4068 963 4134 de
1015 4056 1180 4129 humanis
1198 4059 1352 4145 viribus,
1385 4062 1445 4128 sed
1464 4061 1544 4131 Deo
1561 4062 1637 4151 ipso
1654 4075 1880 4133 convertente
1894 4075 1928 4132 et
1943 4060 1998 4131 vi-

88 4166 250 4250 licebant,
277 4168 498 4234 conabantur
513 4164 673 4253 politiam
689 4164 807 4260 Moysi
821 4191 962 4237 conser-
1015 4158 1178 4231 vilicante
1199 4163 1317 4234 corda.
1376 4159 1455 4231 Hoc
1477 4162 1718 4232 testimonium
1744 4165 1998 4253 opponendum

109 4281 143 4336 et
160 4269 339 4358 fingebant
357 4265 517 4337 homiues
540 4266 614 4355 lege
638 4267 749 4337 iustos
766 4292 860 4353 csse,
888 4294 962 4338 non
1015 4278 1067 4334 est
1089 4264 1209 4333 moltis
1233 4264 1424 4347 erroribus,
1475 4262 1550 4333 Atti
1572 4266 1752 4334 somniant
1775 4266 1811 4333 in
1835 4262 1998 4355 Evange-

88 4370 248 4457 igebant,
282 4371 320 4439 in
348 4367 543 4458 Evangelio
574 4393 647 4436 non
671 4370 840 4440 constitui
871 4372 964 4462 poli·
1015 4366 1104 4439 lium
1129 4389 1201 4435 esse
1225 4365 1374 4434 otiosam
1399 4367 1658 4447 narrationem,
1692 4380 1725 4437 et
1749 4363 1842 4436 nihil
1863 4369 1999 4440 efficere

88 4467 194 4541 huius
219 4473 309 4542 vitae
331 4473 507 4556 mortalis,
533 4472 592 4539 sed
616 4471 867 4542 offerrifilium
885 4472 965 4560 Dei,
1015 4490 1184 4560 usquam,
1225 4480 1258 4536 et
1290 4469 1443 4556 cogitant
1470 4468 1612 4534 inanem
1639 4491 1713 4537 esse
1744 4468 1902 4538 laborem
1932 4474 1998 4539 do·

88 4574 212 4642 ιιιιιιιιι
228 4588 262 4644 et
278 4574 394 4644 abolet
413 4587 590 4663 peccatum
607 4586 641 4643 et
657 4589 828 4665 mortem
857 4589 891 4645 et
909 4601 964 4645 re
1016 4570 1119 4640 cendi
1143 4582 1177 4639 ct
1202 4571 1361 4638 discendi
1385 4568 1589 4657 Evangelii,
1615 4583 1650 4639 et
1673 4570 1807 4639 nnllam
1829 4595 1906 4641 esse
1924 4568 1999 4641 Ec

88 4690 286 4745 taeterntun
301 4676 476 4745 iusticiam
491 4688 525 4746 et
541 4675 672 4768 vitam,
697 4691 737 4747 ut
758 4690 878 4769 postea
905 4702 965 4749 co·
1017 4672 1170 4742 clesiam
1222 4669 1316 4741 Huic
1333 4672 1530 4762 pernicioso
1551 4697 1662 4742 errort
1653 4673 1893 4762 'opponenda
1915 4684 1999 4743 sunl

88 4801 116 4846 ts
139 4779 289 4848 dicetur.
1018 4772 1129 4843 multa
1152 4773 1244 4843 dicta
1263 4768 1424 4843 hocloco
1449 4791 1483 4843 ct
1505 4774 1602 4843 alihi.
1654 4773 1748 4845 Sunt
1762 4788 1879 4845 autem
1899 4796 2001 4866 prae·

463 4947 471 4963 ,
631 4945 638 4962 ,
1019 4878 1142 4965 cipua:
1180 4871 1350 4945 lohanms
1370 4873 1447 4947 20
1475 4874 1575 4946 Sicut
1599 4877 1695 4947 masat
1716 4902 1773 4946 me
1797 4890 1912 4969 pater,
1951 4874 2001 4944 sic

154 4942 207 5015 Ei
225 4942 281 5017 “d
293 4942 383 5019 '¹⁰⁶⁶
404 4971 487 5046 ΨΜ
508 4939 700 5037 suffimm
723 4947 800 5019 ⁶⁸¹?
1018 5002 1082 5066 ego
1105 4978 1206 5048 mitto
1235 5001 1307 5047 vos.
1360 4975 1590 5049 Manifestum
1608 4995 1659 5050 est
1676 4993 1813 5061 autem,
1846 4976 1910 5044 lilii
1929 4976 1999 5044 mi·

88 5080 210 5155 inserit
248 5087 390 5152 brevem
422 5083 792 5152 commemorationem
827 5086 871 5154 de
902 5107 964 5154 sna
1018 5080 1202 5150 nisterium
1230 5080 1338 5148 fuisse
1369 5079 1501 5151 efficax.
1551 5077 1616 5150 Est
1645 5081 1755 5169 igitur
1777 5092 1811 5148 et
1833 5078 2000 5170 deinceps

88 5200 165 5264 ate,
192 5199 312 5276 postea
330 5190 374 5254 de
396 5183 547 5254 ellicacia
573 5183 749 5274 loquetur.
801 5183 854 5256 Ac
877 5186 966 5255 darae
1018 5183 1137 5250 ellieax
1155 5205 1217 5273 per
1239 5181 1346 5266 alios,
1373 5182 1513 5274 abipso
1539 5193 1600 5249 aut
1615 5182 1781 5249 mandato
1805 5179 1917 5269 ipsius
1937 5203 2001 5249 vo·

88 5288 300 5368 sententiae,
334 5309 422 5379 quas
444 5286 714 5355 tenere'ambas
736 5308 876 5356 necesse
905 5300 966 5356 aot.
1018 5298 1124 5353 catos.
1179 5276 1349 5353 iohannis
1368 5279 1444 5358 td:
1471 5280 1548 5374 Ego
1566 5280 1654 5369 elegi
1672 5303 1734 5348 vos
1750 5294 1782 5350 et
1799 5281 1900 5372 posui
1923 5303 1998 5367 vos,

107 5383 194 5459 haec
215 5402 284 5461 est:
324 5389 469 5462 Certum
492 5399 561 5476 est,
585 5385 823 5460 ministerium
842 5385 965 5460 Evan·
1017 5397 1057 5456 ut
1080 5404 1143 5455 vos
1164 5385 1249 5458 eatis
1272 5398 1306 5457 et
1327 5386 1482 5459 fructum
1504 5380 1642 5468 feratis,
1675 5394 1709 5453 et
1727 5383 1864 5455 lructm
1885 5396 1999 5457 vester
