4522 5782
172 207 273 309 1215
525 278 530 287 Ι
760 185 886 262 ΡΙΙΙΒ.
913 181 1268 260 transumpta
1295 178 1599 257 EXEGETlCd.
1757 202 1763 213 ¹
1813 240 1817 265 ,
1905 186 1983 261 .··,,’·
2118 172 2202 263 mn

179 393 334 458 maneat.
380 371 497 445 Lucae
524 368 604 438 tn:
641 357 714 450 Qui
740 381 803 428 vos
825 358 944 437 amlit,
979 380 1035 427 me
1058 355 1160 426 audit
1223 376 1351 425 omnes
1374 353 1623 443 cogitationes,
1656 354 1769 425 bonas
1795 352 2036 441 intentiones,
2072 373 2207 428 emp„

183 491 300 565 Roma
322 485 371 552 l.:
397 470 630 559 Evangelium
648 477 699 533 est
715 458 946 553 potentiaDci
962 459 1005 527 ad
1024 458 1171 529 salutem
1211 472 1259 528 ·et
1283 456 1554 527 assuefactione:
1580 452 1816 527 humansrum
1846 456 2003 541 virittrn,
2035 458 2116 529 sine
2134 457 2207 552 spi.

184 587 282 663 nancti
299 575 467 650 credenti.
520 571 645 640 Esaiae
663 558 741 637 55.:
765 558 922 631 Verbum
940 584 1056 628 meum
1076 561 1170 653 quod
1224 561 1296 628 ritu
1324 571 1445 628 sanato
1476 561 1687 627 accendente
1716 582 1839 627 verum
1863 559 2035 629 timorem
2065 558 2149 645 llei,
2177 576 2208 633 et

147 738 152 743 -
186 687 385 783 egredictur
400 681 443 749 de
460 698 521 745 ore
538 694 628 753 meo,
642 692 715 737 noo
732 664 860 733 redibit
877 663 918 731 ad
938 687 993 729 me
1010 686 1174 744 vacnum,
1226 685 1344 730 veram
1376 660 1539 728 fidtaciam
1569 674 1604 730 et
1634 659 1897 729 invocationem
1928 660 1996 730 lilii
2024 661 2115 747 Dei,
2148 689 2207 756 qua

188 797 248 867 sed
275 785 400 857 elficiet
421 776 562 859 omnia,
588 794 678 866 quae
701 767 794 839 volo.
847 758 1068 836 Esaiae6l.:
1104 761 1172 831 Po·
1226 764 1332 833 corda
1346 761 1545 832 liberantur
1560 786 1600 831 ex
1617 762 1710 831 veris
1727 763 1927 833 doloribus.
1981 760 2084 833 llaec
2103 767 2209 835 omui,

13 904 22 913 '
128 958 132 963 .
187 894 245 969 sni
263 889 369 957 verba
386 905 461 951 mea
479 878 515 946 in
536 901 599 945 ore
619 887 699 956 tuo,
724 884 759 940 et
777 869 904 937 umbra
927 890 1053 934 manus
1078 887 1175 935 meae
1227 864 1391 934 nominat
1420 865 1582 943 literam,
1614 864 1748 949 idest,
1789 864 1902 955 pictas
1931 865 2154 937 imitationes
2178 868 2210 937 io
2252 850 2254 929 ἶ

218 1008 371 1080 rotegam
403 1001 453 1067 te,
492 992 531 1051 nt
561 977 697 1068 plantes
725 971 853 1043 coelos.
905 963 1076 1038 iohannis
1099 965 1176 1039 17.:
1228 980 1345 1039 mente
1361 978 1395 1035 et
1411 965 1566 1035 externis
1581 967 1770 1046 membris,
1797 990 1888 1060 quae
1908 991 1986 1035 uon
2001 983 2091 1037 ment
2108 971 2213 1041 eitset

191 1024 274 1172 lton
293 1115 358 1183 pro
381 1085 437 1155 bis
453 1096 589 1153 tantum
607 1100 692 1159 oro,
717 1074 777 1142 sed
803 1072 907 1141 etiam
937 1095 1001 1162 pro
1027 1071 1090 1156 iis,
1115 1070 1177 1162 qui
1231 1084 1348 1138 motus
1371 1068 1499 1143 divini,
1562 1066 1624 1139 Sic
1646 1067 1805 1160 loquitur
1830 1071 1876 1138 de
1904 1069 2010 1139 litera
2036 1067 2213 1143 Roma:

194 1192 363 1273 credituri
379 1199 462 1259 suut
480 1209 541 1276 per
558 1179 716 1249 Verbum
733 1198 855 1243 eorum
873 1173 909 1239 in
930 1196 997 1245 me.
1229 1167 1461 1241 circumcisio
1479 1169 1599 1238 cordis
1614 1171 1742 1259 spiritu
1757 1194 1829 1239 non
1846 1172 1964 1261 litera.
1990 1168 2038 1240 Et
2051 1170 2215 1247 Romal:

297 1293 392 1365 llaec
409 1304 442 1359 et
460 1272 807 1355 similia'testimonia
824 1275 896 1345 sint
912 1272 1017 1343 nobis
1033 1272 1070 1340 in
1088 1294 1179 1339 con·-
1231 1271 1437 1345 Serviamns
1460 1273 1498 1341 in
1522 1275 1680 1341 novitate
1702 1273 1867 1362 spiritus,
1893 1297 1969 1343 non
1993 1273 2034 1343 in
2058 1289 2216 1347 vesamae

197 1412 339 1492 spectu,
373 1407 414 1463 ut
436 1401 531 1460 certo
557 1396 770 1464 statuamus,
807 1402 888 1446 vere
914 1375 1034 1464 colligi
1059 1371 1181 1445 Eccle·
1232 1375 1367 1447 literae,
2139 1406 2143 1413 .
2252 1322 2256 1413 l

196 1505 283 1575 siam
301 1496 397 1578 Deo,
422 1491 707 1585 quandocunque
724 1495 757 1551 et
776 1480 980 1570 ubicunque
997 1489 1099 1545 sonat
1115 1498 1182 1543 vox
1335 1473 1491 1566 Spiritus
1511 1473 1684 1563 significat
1712 1475 1893 1546 verissimo
1912 1471 1985 1547 ltoc
2008 1477 2094 1549 loco
2116 1475 2218 1570 Spiri-

195 1598 382 1690 Evangelii
401 1595 626 1681 incorrupta,
651 1598 686 1655 et
702 1585 736 1652 id
754 1581 991 1650 ministerium
1009 1601 1090 1647 vere
1110 1598 1183 1645 esse
1232 1592 1310 1650 tum
1336 1590 1516 1662 sanctum,
1554 1579 1803 1668 procedentem
1824 1579 1873 1648 sla
1899 1592 2056 1651 seterno
2080 1592 2173 1672 petre
2191 1594 2220 1651 et

198 1708 331 1778 efficax,
381 1695 484 1766 Hanc
525 1685 831 1760 confirmationem
873 1680 978 1751 nobis
1018 1678 1185 1749 omnibus
1235 1679 1310 1748 lilio
1336 1678 1496 1749 Domino
1529 1694 1652 1750 nostro
1668 1677 1758 1751 'lesu
1787 1674 1943 1752 Christo.
2018 1678 2116 1753 Com
2138 1683 2220 1753 enin

197 1802 431 1880 necessariam
453 1816 527 1864 esse
551 1787 777 1882 perspicuum
800 1798 871 1866 est,
916 1806 1007 1875 quae
1033 1781 1187 1850 illustrat
1238 1803 1322 1851 voce
1344 1777 1532 1869 Evangelii
1551 1796 1692 1872 accepts
1719 1805 1781 1873 per
1805 1782 1938 1868 lilium,
1978 1783 2046 1876 qui
2071 1797 2123 1853 est
2145 1782 2222 1854 vap.

199 1907 390 1983 articulum
412 1894 585 1994 symboli:
617 1888 732 1961 Credo
753 1910 827 1957 esse
849 1882 1043 1955 Ecclesiam
1064 1876 1188 1953 catlto·
1238 1885 1324 1952 bum
1346 1883 1479 1952 aeterni
1502 1884 1631 1973 patris,
1666 1885 1942 1954 reconciliamur
1963 1898 2115 1955 aeterno
2136 1887 2223 1976 patri,

200 2013 325 2091 licam,
349 2015 551 2073 ‘mmmm
574 1990 873 2064 ⁰⁰m¹¹¹¹¹¹¹50⁰²m0
1237 1984 1344 2055 simul
1361 1984 1407 2053 ab
1420 1998 1564 2054 aeterno
1580 2001 1678 2076 patre
1701 1998 1735 2056 et
1760 1987 1832 2056 tilio
1854 1985 2064 2057 effunditur
2077 1987 2115 2057 ia
2131 1970 2232 2057 corda

303 2104 368 2178 Est
384 2116 499 2173 autem
519 2098 657 2167 illustre
676 2090 917 2162 testimonium
938 2082 1008 2158 boc
1030 2086 1108 2155 loco
1123 2108 1188 2176 po·
1239 2100 1358 2157 nostra
1377 2083 1534 2177 Spiritus
1556 2100 1718 2171 sanctus,
1744 2101 1777 2157 et
1799 2112 1883 2157 vere
1903 2085 2050 2161 habitat
2074 2089 2114 2159 in
2135 2091 2224 2159 mai,

201 2216 329 2294 situm,
361 2211 493 2297 dequo
515 2212 635 2293 postea
658 2195 786 2266 dicam.
837 2188 927 2264 Cum
951 2186 1188 2280 promulgatio
1241 2188 1435 2273 divinitas,
1460 2188 1588 2260 liberat
1606 2211 1671 2256 nos
1690 2212 1730 2257 ex
1753 2190 1940 2259 doloribus
1958 2191 2225 2277 inleronan,et

203 2316 293 2408 legis
322 2335 397 2382 non
424 2305 532 2376 fucrit
558 2298 693 2382 inanis,
738 2296 798 2365 sed
830 2289 996 2362 habuerit
1025 2312 1108 2359 satos
1137 2288 1188 2357 el·
1241 2290 1396 2360 viviticat
1412 2312 1498 2374 nos,
1522 2290 1640 2360 incoat
1655 2314 1784 2359 novam
1807 2293 1921 2363 lucem
1951 2306 1986 2364 et
2014 2294 2226 2381 sapientiam,

201 2422 341 2495 lectus,
391 2404 678 2480 constitutionem
723 2397 868 2488 politiae
912 2393 1113 2476 Mosaicae,
1156 2403 1191 2458 et
1241 2405 1276 2463 et
1295 2404 1411 2460 motus
1423 2414 1508 2468 ‚cum
1524 2387 1601 2463 Deo
1616 2407 1859 2482 coagmentes,
1883 2407 1925 2465 ut
1937 2396 2133 2468 massisests
2145 2397 2228 2469 testi·

205 2520 318 2590 multa
343 2507 544 2583 testimonia
578 2499 794 2594 praesentiae
815 2497 904 2567 Dei:
950 2493 1095 2583 Quanto
1116 2515 1191 2560 rna·
1242 2492 1583 2564 muniandamque,

204 2622 258 2712 gis
282 2640 348 2686 vos
382 2607 567 2698 Evaugelii
594 2604 661 2674 erit
692 2601 834 2680 efficax,
886 2611 921 2668 et
949 2619 1030 2665 vere
1059 2595 1191 2662 adferet
1355 2590 1502 2664 Galatas
1538 2609 1684 2688 quarto:
1718 2593 1820 2669 Misit
1844 2592 1942 2667 Dens
1976 2599 2151 2687 spiritum
2174 2599 2228 2669 filii

206 2735 347 2794 aeterua
370 2717 463 2782 bona
473 2761 484 2794 ,
512 2729 601 2801 quae
625 2701 820 2799 promittit,
852 2723 933 2768 cnm
957 2711 1100 2789 propter
1124 2691 1193 2764 hoc
1244 2696 1299 2767 sui
1318 2695 1356 2764 in
1375 2697 1481 2765 corda
1498 2713 1637 2785 nostra,
1663 2699 1874 2770 clamantem
1888 2696 1998 2771 Abba
2016 2715 2130 2793 pater,

205 2817 445 2896 ministerium
487 2811 604 2901 priora
644 2803 764 2875 omnia
806 2803 896 2871 lacta
939 2802 1022 2867 sint.
1093 2795 1192 2884 Quid
1349 2794 1397 2867 Et
1412 2798 1448 2866 in
1468 2793 1566 2871 Actis
1582 2801 1881 2891 capitesecundos
1905 2797 2047 2873 Dextra
2065 2799 2230 2875 Deiml.

208 2926 305 2996 enim
330 2920 511 3011 prodesset
535 2909 658 3000 politia
674 2904 825 2975 mortuis
842 2902 1000 2994 patribus
1016 2897 1193 2975 Abrahae,
1244 2913 1349 2984 tatus,
1371 2900 1641 2991 promissionem
1651 2902 1762 2973 sancti
1778 2902 1936 2993 Spiritus
1949 2905 2135 2996 accipiens
2148 2930 2166 2974 s
2180 2929 2231 2994 ps·

209 3026 324 3108 lsaac,
352 3019 476 3093 lacolr,
502 3015 564 3107 qui
583 3033 660 3080 eam
675 3030 861 3099 nunquam
879 3001 1072 3074 viderunt?
1112 2999 1196 3071 Alia
1246 3017 1299 3074 tre
1317 3001 1442 3070 effudit
1461 3024 1679 3094 eum,quem
1696 3029 1793 3074 nunc
1808 3027 1872 3074 vos
1886 3005 2021 3075 videtis
2039 3022 2075 3077 et
2088 3011 2220 3079 mdiu,

80 3178 87 3197 ,
207 3128 318 3219 igitur
336 3122 468 3193 maiora
488 3119 580 3185 bons
601 3123 841 3201 expectarent.
893 3105 964 3180 Sed
983 3108 1028 3175 de
1043 3097 1098 3172 his
1117 3126 1195 3172 ver·
1347 3102 1394 3176 Et
1409 3099 1579 3176 lobannis
1600 3104 1675 3179 ta:
1704 3106 1811 3178 Dabit
1827 3108 1931 3177 vobis
1948 3086 2067 3179 slialm
2091 3111 2259 3200 paracle·¹

207 3233 264 3303 bis
285 3229 322 3297 ln
346 3239 439 3294 [extu
465 3233 582 3311 9031θὸ
606 3215 776 3283 όῐῦθῐῃῑὶῦο
1247 3219 1344 3291 tum,
1362 3218 1403 3275 ut
1420 3223 1559 3279 maneat
1574 3210 1756 3279 vobiscum
1772 3209 1809 3279 in
1831 3209 2115 3303 sempiternum,
2141 3212 2232 3304 spiri.

310 3325 386 3398 Alii
409 3321 611 3392 somniant:
651 3309 799 3382 Etiamsi
828 3333 901 3378 nou
929 3322 981 3378 est
1004 3305 1121 3375 inanis
1144 3305 1195 3374 la·
1249 3322 1324 3379 tum
1343 3308 1510 3381 veritati„

208 3433 294 3504 lvula
317 3422 573 3512 Evangelium,
598 3430 717 3487 tamen
742 3425 794 3481 est
814 3423 952 3480 tantum
975 3409 1048 3487 lex,
1075 3420 1110 3476 ct
1132 3402 1197 3475 ltac
1348 3405 1398 3478 Et
1416 3405 1608 3480 Zachariae
1631 3413 1711 3485 12.:
1739 3408 1935 3483 Effundam
1962 3436 2079 3505 snper
2101 3418 2233 3487 domun

208 3530 396 3619 disciplina
428 3521 590 3594 homines
620 3530 703 3585 sunt
735 3513 837 3596 insti,
882 3535 988 3604 quam
1018 3521 1200 3600 praestant
1250 3508 1367 3583 David
1394 3512 1559 3602 spiritum
1581 3504 1713 3602 gratiae
1733 3528 1768 3585 et
1795 3538 1953 3604 precum.
2022 3513 2102 3588 Etsi
2133 3518 2234 3587 brui,

209 3634 349 3702 viribus
371 3624 560 3708 humanis,
599 3632 746 3688 naturae
773 3628 953 3707 utcunque
978 3611 1200 3680 imitantibus
1251 3613 1440 3704 descriptio
1464 3629 1535 3696 est,
1561 3628 1679 3685 tamen
1702 3618 1876 3702 ostendit,
1902 3640 2018 3707 qnare
2043 3621 2234 3709 detanpi·

209 3739 335 3826 ledem-
1253 3717 1343 3786 ‘3⁰¹⁸
1358 3729 1518 3801 unctus,
1545 3719 1680 3810 etquid
1698 3719 1834 3790 intersit
1852 3720 1946 3789 inter
1961 3720 2148 3791 iusticiam
2167 3723 2232 3792 novi

311 3830 406 3903 Huic
423 3827 530 3897 falsae
546 3818 814 3910 imaginationi,
839 3818 883 3886 de
902 3840 970 3911 qua
996 3839 1075 3886 cnm
1091 3812 1201 3884 Pseu·
1253 3816 1471 3887 Testamenti
1488 3834 1522 3888 et
1539 3820 1670 3909 legem,
1697 3844 1768 3911 qua
1785 3821 1841 3891 vel
1857 3824 2094 3893 condemnati
2114 3826 2232 3893 ravimus
2251 3816 2257 3829 ’

211 3926 429 4028 doapostolis
452 3950 591 4018 semper
613 3922 776 4004 dimicat,
818 3920 968 4012 opponit
996 3931 1201 4010 sequentem
1253 3919 1291 3988 iu
1308 3932 1475 4004 mortem,
1501 3934 1560 3993 vet
1573 3936 1755 4014 utcunque
1770 3939 1988 4015 praestamus
2006 3926 2231 4018 disciplimn.

212 4034 423 4114 antithesin:
451 4029 548 4102 Deus
571 4028 654 4097 lecit
679 4046 744 4092 nos
767 4023 946 4091 ministros
970 4043 1043 4088 non
1070 4018 1204 4104 literae,
1257 4018 1338 4090 ldeo
1357 4021 1451 4089 enim
1467 4046 1531 4120 per
1545 4020 1779 4113 Evangelium
1794 4027 1900 4096 datur
1915 4023 2083 4115 Spiritus
2098 4041 2230 4109 senctm

213 4145 274 4215 sed
307 4137 479 4231 spiritns:
529 4131 631 4201 litera
658 4127 753 4196 enim
784 4124 931 4207 occidit,
967 4123 1027 4197 sed
1057 4121 1204 4213 spiritus
1256 4137 1296 4193 nt
1319 4122 1474 4211 primum
1496 4128 1604 4196 corda
1629 4127 1785 4198 sentiant
1807 4150 1845 4197 se
1875 4149 1951 4197 esse
1975 4129 2019 4197 in
2043 4132 2174 4221 gratia,
2207 4144 2231 4199 et

212 4243 380 4316 vivificat.
1255 4238 1446 4312 agnoscant
1467 4226 1578 4296 lilium
1595 4230 1685 4311 Dei,
1714 4252 1775 4319 per
1797 4252 1904 4322 quem
1927 4243 1963 4298 et
1978 4249 2131 4322 propter
2147 4254 2229 4324 quen

192 4362 196 4369 ’
328 4339 397 4410 llic
444 4334 599 4428 primum
646 4328 900 4423 adpellationes
945 4322 1202 4396 discernantur.
1256 4329 1361 4395 datur
1382 4328 1540 4397 remissio
1562 4343 1808 4420 peccatorum,
1832 4332 1925 4401 sicut
1949 4332 2028 4424 ipse
2052 4337 2169 4428 inquit
2191 4332 2232 4402 la.

215 4440 395 4533 Origenes
412 4453 446 4510 ct
463 4435 567 4506 multi
591 4434 672 4518 alii,
695 4433 786 4501 sicut
802 4425 1092 4515 pseudoapostoli
1103 4477 1115 4509 ,
1142 4451 1204 4497 co·
1257 4424 1339 4500 ban.
1368 4427 1445 4497 16.:
1482 4428 1560 4521 lpse
1583 4456 1639 4500 me
1660 4432 1883 4520 glorificabit.
1958 4432 2106 4523 Spiritu
2133 4450 2232 4508 ,antra

216 4549 375 4637 gitaruut
414 4537 649 4628 Evangelium
691 4534 803 4623 legem
850 4529 1043 4606 moralem,
1087 4543 1121 4597 ct
1162 4555 1204 4599 eo
1257 4533 1468 4600 accendente
1483 4534 1588 4602 corda
1598 4582 1610 4617 ,
1638 4534 1807 4603 beneficia
1825 4536 2041 4606 mediatoris
2056 4560 2233 4628 agnoscun-

217 4645 515 4726 commodiorem,
543 4661 650 4731 quam
673 4636 741 4705 luit
764 4630 940 4712 Mosaica,
967 4631 1048 4721 quia
1072 4627 1122 4697 es't
1145 4656 1205 4700 ex·
1258 4646 1336 4714 tur,
1362 4646 1396 4703 ct
1416 4658 1495 4703 vera
1514 4636 1640 4703 liclucia
1663 4635 1927 4707 misericordiae
1953 4657 2105 4732 propter
2122 4640 2234 4711 mati..

217 4750 394 4844 peditior,
435 4766 500 4813 nec
529 4753 653 4811 onerat
676 4750 795 4829 gentes
821 4733 1041 4814 ceremoniis,
1094 4727 1137 4800 Et
1161 4734 1205 4802 li·
1258 4749 1369 4802 torem
1395 4737 1586 4823 promissae
1606 4737 1834 4810 vivificantur.
1887 4735 2233 4834 Aesimulpmn.

218 4868 331 4924 teram
364 4845 531 4933 iutelligit
559 4838 728 4929 Origines
761 4836 1001 4916 ceremonias,
1040 4834 1204 4922 spiritum
1257 4837 1305 4906 tia
1330 4834 1396 4904 Dei
1424 4840 1594 4921 sentitur,
1626 4852 1659 4907 et
1682 4839 1720 4907 lit
1744 4863 1824 4908 vera
1850 4840 2049 4914 invocatio.
2103 4843 2233 4937 Ecquis

220 4951 549 5045 interpretationem
588 4940 824 5032 allegoricam.
877 4933 972 5005 Haec
1014 4930 1204 5024 Origenica
1259 4939 1332 5027 ipse
1348 4938 1503 5029 Spiritus
1518 4954 1659 5010 sanctus
1673 4941 2041 5030 estmotordiviuus,
2070 4963 2106 5019 et
2120 4948 2169 5016 lex
2185 4941 2235 5015 Dei

219 5057 450 5128 deliramenta
474 5048 560 5117 falsa
580 5057 614 5114 et
635 5041 856 5132 explodenda
880 5053 972 5106 suut.
1024 5034 1070 5106 Et
1092 5039 1205 5106 scien·
1259 5064 1332 5110 non
1347 5040 1386 5111 fit
1402 5044 1514 5123 aliter,
1530 5066 1594 5110 nec
1610 5043 1647 5110 in
1663 5043 1873 5131 angelisnee
1887 5043 1926 5112 in
1941 5041 2164 5128 horninibus,
2181 5046 2233 5116 nisi

221 5161 396 5241 domest,
418 5153 556 5221 literam
580 5145 651 5215 dici
674 5166 817 5212 omnem
841 5141 1039 5208 doctrinam
1063 5140 1149 5230 legis
1175 5153 1210 5209 et
1260 5143 1336 5233 ipso
1346 5144 1425 5213 Deo
1444 5147 1478 5212 iu
1498 5144 1547 5212 eis
1565 5144 1704 5214 lucente
1713 5142 1820 5237 etleos
1836 5164 2017 5233 movente,
2034 5153 2105 5220 iam
2120 5164 2195 5221 eunt
2207 5151 2233 5217 ia

218 5255 424 5346 Evangelii,
443 5251 659 5322 intellectum
676 5247 799 5314 literae
814 5240 1020 5310 historicum
1035 5242 1206 5311 seuiuxta
1261 5244 1391 5315 sanctis
1415 5247 1516 5316 initia
1540 5260 1703 5315 aeternae
1727 5246 1817 5317 vitae
1839 5261 1874 5319 et
1895 5249 2057 5322 iustitiae
2084 5269 2233 5327 aeternae,

220 5357 396 5431 sermonis
436 5351 687 5446 proprietatem
730 5358 766 5417 et
807 5342 1014 5438 allegorias,
1055 5344 1209 5438 denique
1263 5347 1353 5418 ,itm
1386 5364 1419 5418 e,
1452 5373 1532 5418 mo,
1563 5348 1695 5418 dicim,
1727 5346 1766 5417 3„
1792 5343 1862 5419 hue
1882 5354 1999 5445 “pne
2024 5356 2147 5427 nmio:
2173 5351 2231 5424 Nm

831 5576 858 5641 π’
