4522 5782
12 236 14 241 -
62 192 137 273 ssa
475 194 557 273 xtt.
608 188 907 272 uuannarto
935 196 985 268 ut
1014 191 1196 269 utnon.
1213 186 1437 273 ‘totatuta
1489 194 1593 272 ute.
1620 198 1682 273 xt.
2013 206 2092 283 aas

67 368 187 443 tricem
211 368 401 453 Cererem,
426 370 501 439 vini
524 372 682 440 datorem
706 364 906 452 Bacchum,
931 369 1053 460 opitu·
1205 366 1313 458 Apud
1330 365 1538 458 Euripidem
1554 367 1700 441 Hecuba
1723 372 1911 456 dubitans,
1937 378 2023 471 quid
2042 381 2089 451 sit

66 472 212 542 latorem
234 471 273 539 iu
295 468 437 562 praeliis
453 470 624 555 Martem,
652 468 832 540 Palladem
850 484 1052 542 monstran·
1103 462 1217 552 Deus,
1247 470 1297 538 sic
1320 469 1480 553 invocat,
1512 495 1535 539 o
1558 468 1895 569 lnpiter„quisqnis
1916 502 1969 562 es,
1994 481 2089 551 diffi-

65 586 131 644 tent
161 574 311 642 consilia
338 575 379 641 iu
407 574 664 662 gubernatione
692 569 848 663 Reipnh.
879 572 1052 643 lunonem
1104 568 1182 637 cilis
1205 570 1368 659 cognitu,
1404 573 1465 662 qui
1489 585 1618 640 terram
1643 574 1754 661 regis,
1787 578 1862 644 sive
1884 581 2089 653 necessitate

64 674 207 745 divitias
227 674 479 745 cumulantem.
531 674 599 745 Sed
619 675 663 743 sit
682 692 784 742 mens
800 674 957 763 cogitans
974 697 1052 741 ver·
1104 684 1272 758 naturae,
1309 672 1384 740 sive
1414 674 1564 759 cottsilio
1592 695 1727 762 regens.
1767 672 1885 758 ‚staec
1913 682 2088 755 dubitatio

66 777 148 847 tom
171 772 261 858 Dei,
293 776 436 864 alligata
467 779 511 844 ad
542 777 645 844 illurn
669 770 802 859 Deum,
832 775 894 868 qui
922 798 960 844 se
985 769 1052 844 hoc
1103 773 1301 843 communis
1319 786 1371 843 est
1384 775 1565 858 omnium,
1589 776 1651 867 qui
1668 776 1833 866 ignorant
1845 775 2089 870 Evangelium,

66 878 172 947 verho
196 878 375 967 patefecit,
402 890 436 947 et
457 878 520 970 qui
541 876 636 947 misit
656 876 769 946 lilium
785 877 1052 947 natumexvir-
1103 885 1163 943 aut
1182 875 1291 945 stoica
1315 875 1567 965 imaginatione
1589 889 1772 964 tenentur,
1806 878 1921 950 Deum
1940 883 2018 953 siue
2040 885 2088 953 li-

66 978 161 1069 gine,
194 975 312 1049 lesum
334 973 517 1050 Christum
546 977 758 1049 crucifixum
775 1000 840 1069 pro
864 978 986 1062 nobis,
1018 989 1052 1047 et
1103 976 1189 1044 bero
1204 975 1353 1047 consilio
1369 976 1419 1047 sic
1435 999 1537 1066 agere
1552 979 1766 1062 necessario,
1791 993 1832 1051 ul
1847 998 1991 1054 movent
2005 1006 2090 1056 cau-

66 1079 322 1167 macritatem,
348 1075 545 1150 exhibitum
561 1080 696 1171 populo
714 1075 836 1165 lsrael,
861 1079 951 1152 sient
968 1102 1053 1170 pro·
1102 1098 1159 1145 sae
1181 1080 1372 1164 secundae,
1397 1091 1458 1148 aut
1481 1079 1510 1147 si
1532 1079 1645 1149 libere
1661 1081 1751 1168 agit,
1778 1105 1901 1152 curare
1916 1090 2087 1176 quaedam

66 1181 192 1253 missus
213 1195 308 1262 erat,
338 1195 373 1252 et
396 1186 644 1254 concinnatum
670 1178 924 1275 lerosolymae,
956 1193 993 1251 et
1012 1179 1051 1248 in
1103 1200 1245 1267 magna,
1285 1203 1358 1248 oon
1380 1204 1504 1250 curare
1524 1179 1769 1271 particularia,
1801 1197 1841 1253 ut
1863 1183 1958 1254 idem
1979 1183 2089 1265 Euri·
2197 1252 2199 1261 .

67 1297 135 1354 tota
154 1282 306 1368 ludaea,
331 1298 366 1355 et
387 1284 566 1354 miraculis
586 1282 806 1353 testificatum
828 1282 873 1351 de
888 1277 1051 1369 Evange-
1103 1278 1201 1369 pidet
1224 1280 1352 1372 inquit.
1405 1278 1608 1365 Postremo,
1633 1296 1673 1353 nt
1698 1285 1848 1354 maxime
1864 1300 1961 1357 curet
1979 1291 2089 1378 pacti-

67 1384 131 1467 lio,
156 1408 199 1455 ac
216 1389 420 1476 praesertim
438 1385 704 1456 resuscitatione
720 1396 963 1468 mortuorum,
988 1383 1051 1453 illo
1103 1381 1252 1467 cularia,
1279 1396 1397 1453 tamen
1419 1406 1494 1453 non
1509 1383 1669 1453 exaudiri
1686 1385 1863 1475 indignos.
1915 1385 2089 1482 Haeopi·

67 1487 139 1577 ipso
162 1501 323 1579 tempore
343 1489 387 1556 de
408 1511 480 1579 quo
502 1488 663 1557 scribunt
682 1482 863 1576 Apostoli,
887 1485 1053 1556 videlicet
1102 1482 1228 1553 niones
1252 1485 1462 1575 obstrepunt
1477 1484 1607 1554 animis
1621 1486 1781 1556 omnium
1799 1486 1836 1555 in
1854 1489 2088 1580 invocatione,

67 1589 157 1679 qnod
181 1588 360 1658 excidium
379 1585 614 1683 lerosolymae
636 1588 816 1679 praecedit
836 1588 941 1657 annis
962 1608 1051 1681 qus·
1102 1608 1168 1654 nec
1192 1585 1393 1656 eluctantur
1415 1608 1457 1655 es
1480 1579 1537 1655 his
1560 1587 1740 1657 erroribus
1758 1584 1922 1672 Ethnici‚
1955 1588 2095 1665 Malao-⁶

68 1689 239 1779 draginta.
301 1688 350 1761 Ut
376 1690 485 1780 igitur
513 1690 631 1760 omnis
660 1689 838 1760 invocatio
869 1690 1050 1759 excitanda
1101 1687 1278 1772 metistae,
1306 1687 1447 1773 ludaei,
1474 1701 1509 1758 et
1531 1687 1593 1757 alii
1615 1687 1820 1778 ignorantes
1839 1686 2087 1781 Evangelium.

68 1804 114 1861 est
130 1791 415 1861 consideratione
437 1791 617 1877 mandati,
641 1805 677 1862 et
696 1790 943 1882 promissionis
957 1790 1050 1860 divi·
1101 1784 1173 1858 Sed
1203 1789 1290 1859 fides
1314 1789 1434 1880 agnito
1457 1784 1653 1880 Evangelio
1676 1790 1867 1873 eluctatur,
1908 1806 1942 1864 et
1963 1794 2087 1868 statuit

67 1915 146 1972 nse,
180 1893 231 1962 ita
260 1915 397 1985 semper
420 1893 528 1963 simul
554 1891 783 1982 cogitandum
805 1906 875 1978 est,
906 1891 987 1985 quis
1005 1891 1051 1963 sit
1101 1904 1217 1975 certo,
1250 1890 1330 1984 quis
1351 1891 1398 1962 sit
1419 1886 1535 1976 Deus,
1558 1913 1687 1984 nempe
1709 1891 1757 1976 is,
1783 1893 1845 1985 qui
1868 1916 1905 1963 se
1925 1896 2088 1986 patefecit

68 1994 122 2062 ille
137 1991 257 2075 Deus,
282 2018 387 2088 quem
408 1994 635 2077 invocamus,
661 1993 726 2064 nbi
742 2007 776 2064 et
790 1995 971 2088 quomodo
987 2016 1050 2084 pa·
1101 1992 1210 2061 verbo
1231 2014 1295 2062 suo
1319 2004 1355 2063 et
1375 1992 1482 2062 misso
1504 1990 1597 2078 filio,
1629 2004 1665 2064 et
1687 1992 1819 2064 additis
1840 1995 2014 2068 mirandis
2034 2011 2087 2070 te-

68 2094 230 2180 tefactus,
261 2110 392 2190 quanta
415 2095 557 2167 bonitas
579 2096 645 2180 sit,
669 2095 768 2188 quod
791 2118 828 2165 se
848 2094 898 2164 sic
919 2095 1050 2186 patefe-
1099 2091 1296 2179 stimoniis,
1323 2106 1359 2165 et
1386 2094 1484 2188 quod
1515 2094 1562 2165 sit
1582 2116 1689 2184 agens
1711 2094 1955 2182 liberrimum,
1988 2102 2087 2192 quod

68 2196 167 2277 serit,
192 2199 305 2290 {qnod
333 2194 479 2268 donarit
505 2197 756 2278 mediatorem,
787 2196 1050 2268 reconciliatio·
1100 2195 1239 2267 dederit
1266 2198 1433 2267 mandata
1461 2208 1496 2267 et
1510 2194 1780 2286 promissiones,
1813 2211 1848 2267 ct
1863 2202 2088 2289 proposuerit

10 2376 14 2387 ¹
68 2320 160 2382 nem,
184 2299 360 2371 auxilium
383 2312 419 2369 et
439 2299 600 2369 salutern.
650 2297 794 2368 Deinde
811 2297 892 2392 quis
913 2297 959 2369 sit
975 2320 1051 2367 me-
1099 2296 1330 2368 mediatorem
1351 2298 1484 2382 filium,
1516 2310 1663 2389 propter
1680 2320 1786 2391 quem
1806 2310 1901 2369 certo
1924 2301 2010 2373 velit
2026 2326 2088 2371 ex-

68 2399 197 2485 distor,
222 2400 306 2486 ubi,
329 2402 473 2493 quando
486 2400 679 2493 patefactus
693 2400 758 2483 sit,
783 2423 847 2470 cur
859 2418 981 2491 passus
994 2399 1050 2469 sit.
1100 2397 1242 2483 andire,
1269 2413 1303 2471 et
1324 2401 1420 2492 quod
1442 2398 1650 2491 expresserit
1670 2398 1902 2480 nominatim.
1928 2424 2014 2494 quas
2031 2426 2088 2474 res

10 2552 14 2561 -
68 2497 157 2573 llaec
176 2503 300 2573 omnia
324 2503 520 2596 quaelibet,
552 2500 715 2594 quamvis
735 2501 871 2586 brevis,
902 2496 1072 2571 invoca?
1100 2511 1195 2571 certo
1218 2500 1366 2573 daturus
1388 2500 1454 2586 sit,
1479 2512 1513 2572 et
1536 2500 1576 2569 in
1595 2500 1728 2594 quibus
1741 2502 1900 2594 requirat
1916 2502 2088 2575 obedien-

10 2678 14 2685 ,
68 2601 111 2674 tio
139 2603 327 2695 complecti
357 2605 473 2675 debet.
532 2598 588 2675 De
608 2598 678 2673 hoc
701 2602 867 2673 exercitio
889 2624 992 2695 saepe
1014 2615 1050 2675 et
1100 2601 1207 2684 tiam,
1233 2626 1321 2696 quas
1337 2615 1456 2674 tamen
1472 2601 1696 2692 mitigaturus
1709 2600 1767 2676 sit.

10 2696 17 2791 ¹.
69 2726 126 2774 nos
138 2703 256 2797 ipsos,
282 2718 317 2776 et
329 2700 523 2776 Ecclesiam
536 2704 904 2780 commonefaciamus.
952 2701 1050 2776 Lau-

10 2812 22 2903 ]
70 2806 178 2878 noda
209 2822 246 2878 ct
267 2802 569 2898 Philosophorum
590 2806 795 2897 diligentia,
824 2805 953 2900 quide
975 2806 1050 2876 sin-

10 2998 14 3007 ,
70 2908 151 2997 gulis
171 2908 370 2980 nautibus
391 2921 463 2979 tam
483 2919 663 2995 accurate,
688 2907 915 3003 quantumin
930 2902 1050 2998 philo·

11 3080 21 3091 ,
71 3005 185 3101 sophia
210 3010 287 3080 fieri
310 3011 444 3100 potuit,
477 3010 706 3102 scripserunt.
772 3005 978 3080 Dolendum
997 3022 1050 3081 est

10 3184 22 3205 d
71 3126 178 3181 autern
202 3113 241 3181 in
258 3108 416 3182 Ecclesia
434 3112 480 3182 de
502 3112 634 3183 virtute
647 3112 808 3182 omnium
823 3134 981 3200 summe,
1005 3113 1050 3181 de

10 3210 21 3299 'J
71 3213 288 3284 invocatione
309 3210 395 3298 Dei,
425 3237 501 3285 non
528 3214 711 3284 collectam
735 3235 809 3284 esse
830 3214 938 3282 simili
962 3213 1049 3283 dili-

1201 2750 1252 2827 Ut
1271 2751 1381 2844 igitur
1398 2775 1464 2824 nos
1480 2752 1525 2824 sd
1540 2750 1802 2824 invocationem
1820 2753 2026 2843 excitemus,
2053 2768 2088 2849 et

1100 2869 1195 2928 recte
1215 2855 1442 2940 invocemus,
1467 2868 1502 2927 et
1525 2854 1768 2925 discernamus
1787 2868 1943 2927 nostram
1965 2853 2089 2949 preca-¹

1100 2958 1234 3029 tionem
1262 2959 1309 3028 ab
1329 2953 1503 3042 Ethnica,
1535 2953 1705 3036 Tuccica,
1736 2953 1899 3032 ludaico.
1932 2959 2088 3030 breviter

1100 3059 1263 3150 colligam
1293 3054 1361 3128 hoc
1388 3058 1485 3138 loco,
1521 3079 1612 3151 quae
1637 3056 1824 3155 cogitanda
1853 3060 1943 3144 sint,
1976 3084 2017 3129 ac
2041 3066 2086 3131 dc

1100 3161 1249 3253 siugulis
1271 3160 1431 3252 pactibus
1454 3159 1747 3243 considerandum
1770 3173 1822 3230 est
1843 3160 1990 3229 verbum
2004 3160 2093 3249 Deis

71 3316 177 3403 gentis
199 3316 400 3386 doctrinam
416 3340 435 3385 a
449 3313 527 3387 Deo
542 3316 726 3397 traditam,
751 3316 790 3384 in
808 3314 1001 3406 praeceptis
1016 3327 1051 3386 et
1100 3256 1965 3437 3331,psppamfflagptlpffielgerbkellpitixessguip
1980 3286 2087 3436 330

10 3490 13 3517 2
72 3416 378 3506 lfflmlsslwlbm’
412 3441 501 3508 ‘³¹¹³‘
523 3431 642 3488 “¹³⁰¹
663 3417 701 3485 5¹¹
725 3417 865 3508 wilm
887 3411 1050 3508 Pmphe'
1100 3479 1180 3551 tuo,
1205 3466 1286 3560 quis
1307 3465 1469 3535 ascendet
1491 3464 1529 3531 in
1547 3462 1709 3531 coelum?
1734 3466 1792 3533 scd
1811 3478 2086 3554 proprestver-

73 3534 178 3589 ”mm
201 3517 530 3608 ⁸1A9⁰⁸⁸⁰l⁰m¹m
553 3519 720 3589 laudatur
740 3518 988 3610 ‘emeram'
1015 3531 1050 3590 ‘t
1101 3571 1186 3639 bum
1210 3569 1248 3635 iu
1273 3589 1334 3635 ore
1355 3579 1417 3636 tuo
1439 3578 1474 3637 et
1497 3566 1535 3633 in
1551 3565 1657 3635 corde
1675 3577 1748 3633 tuo.
1801 3562 1960 3634 Primum
1976 3566 2086 3658 igitur

10 3690 19 3719 ²·
73 3620 250 3789 {imni
272 3622 378 3708 digna
396 3623 516 3706 ¹⁸¹¹d⁰’
542 3618 906 3738 laudaliml‘m‘mii
925 3618 964 3738 ln
979 3642 1050 3708 μ’
1101 3668 1281 3738 invocanti
1295 3668 1441 3735 verbnm
1454 3667 1693 3759 quaerendum
1709 3678 1770 3751 est,
1796 3669 2085 3763 ostendensquid

110 3723 332 3804 matoubus,
359 3735 393 3792 et
413 3745 515 3811 saepe
534 3722 698 3793 salutaris
719 3734 768 3790 est
785 3742 921 3810 magma
936 3743 1050 3811 tmpe-

9 3896 13 3905 ,
76 3823 139 3891 aa
195 3818 252 3893 tte
279 3818 335 3891 ta
356 3838 391 3893 a
414 3824 493 3892 atta
515 3823 720 3912 turgottus
742 3822 934 3891 stanuum
956 3834 1051 3891 enar
1101 3772 1146 3841 *ἢ
1165 3771 1276 3841 ⁰⁸⁰⁸·
1334 3766 1416 3837 ΝΜ
1440 3768 1600 3846 ῑ““’“’“’
1618 3780 1673 3839 ¹¹¹
1695 3763 1839 3836 ΗΜ
1862 3771 1954 3859 ³⁹⁰⁶
1977 3765 2084 3839 ΕΜ·

9 3910 13 3931 ’
76 3923 225 3995 doctrina
244 3920 542 4014 Philosophorum
567 3923 764 3994 luculenter
781 3922 927 4015 scripta,
953 3926 1049 3991 atde
1100 3872 1219 3990 piiem
1243 3872 1365 3967 ignara
1388 3869 1467 3961 φή*
1492 3868 1534 3937 δὴ
1550 3863 1669 3958 DQ
1694 3892 1740 3936 ⁸⁰
1762 3869 1807 3938 δὴ
1828 3870 1916 3938 ⁰¹d⁰
1937 3883 2095 3987 nanim·

15 4004 24 4027 ·-
76 4024 197 4095 'inme
219 4027 382 4094 omnium
404 4027 547 4117 regina,
582 4028 626 4094 de
648 4024 828 4113 agnitione
850 4037 884 4094 a
906 4024 1049 4092 invoca.
1101 3974 1263 4061 alltgatus
1286 3972 1329 4039 ad
1353 3993 1472 4039 causas
1490 3971 1677 4049 secundas,
1703 3992 1748 4038 an
1772 3970 2083 4059 veroageuslthe·

9 4108 13 4125 ·
88 4125 97 4142 .
241 4127 250 4143 .
666 4128 675 4144 .
810 4124 854 4142 ..
979 4125 988 4141 .
1101 4098 1197 4144 rum:
1221 4073 1303 4142 Non
1327 4072 1469 4140 invocas
1491 4086 1529 4142 ut
1544 4069 1653 4140 Tucci
1678 4085 1710 4140 et
1730 4068 1848 4138 ludaei
1870 4073 2084 4147 contumelia

11 4200 18 4233 ·-
77 4124 269 4246 im⁸.D⁰¹'
295 4151 401 4219 qum
423 4150 552 4247 'iam'
576 4139 698 4245 lenum
720 4139 753 4196 ἐι
775 4126 900 4243 ἱῗικιὼ
921 4138 1048 4244 ‘mpii
1100 4175 1291 4246 afficientes
1314 4173 1425 4242 lilium
1473 4186 1507 4241 et
1529 4173 1721 4242 nescientes
1747 4171 1973 4241 mediatorem
2021 4176 2091 4245 sed·

76 4229 331 4346 tuventunturf
344 4252 446 4326 pauct
471 4229 675 4346 tutelltgunt
690 4250 762 4297 esse
778 4240 968 4344 virtutem,
987 4225 1050 4294 alu
1101 4278 1247 4345 verbum
1270 4272 1335 4344 Dei
1364 4223 1647 4362 ‘ihi’pmponis'
1680 4274 1774 4364 quod
1806 4286 1902 4342 mm
1925 4226 2083 4355 mium,

9 4402 25 4439 .·-
77 4342 192 4449 mim
218 4333 417 4448 d⁰⁶t¹l⁰³m
440 4330 578 4398 [mim
603 4352 693 4447 ‘wie’
711 4342 847 4447 ‚nolam
871 4328 1049 4400 ⁰mn¹b⁰⁸⁰
1073 4342 1076 4447 l
1101 4373 1197 4448 hunc
1220 4400 1300 4445 vere
1319 4398 1391 4444 esse
1407 4373 1519 4444 Dettm
1536 4374 1837 4463 omnipotentem,
1860 4375 2082 4445 conditorem
2112 4348 2115 4353 ⁵

17 4512 23 4521 ι
76 4428 160 4519 Quta
185 4431 395 4525 naturaltter
417 4454 539 4501 omnes
563 4433 720 4501 destituti
737 4425 890 4498 humana
906 4452 990 4519 ope,
1016 4442 1076 4513 et,
1189 4479 1198 4495 .

1072 4520 1076 4543 ι
1100 4503 1261 4549 umorum
1285 4491 1544 4557 creaturarum,
1576 4488 1609 4541 et
1631 4488 1930 4560 conservatorem,
1961 4476 2083 4569 quise
2196 4481 2199 4492 '

9 4614 13 4625 ‚
73 4532 191 4604 amisso
209 4529 277 4604 hoc
293 4532 425 4603 visibili
441 4533 584 4615 auxilio,
609 4532 811 4624 quaerimus
825 4553 869 4598 an
886 4531 1050 4615 sitDeus,
1073 4549 1076 4623 t
1101 4580 1283 4671 patefecit,
1316 4581 1398 4646 dam
1428 4570 1496 4645 hoc
1518 4577 1644 4659 who,
1677 4574 1807 4646 additis
1831 4578 2082 4648 “stimuum

9 4714 12 4737 =
1072 4626 1076 4791 t
1470 4689 1505 4747 ει
2016 4704 2084 4749 „r

132 4839 141 4858 .
354 4837 362 4854 .
419 4839 429 4856 .
1072 4784 1155 4851 =l=is
1209 4795 1244 4852 et
1272 4779 1494 4859 resuscitato,
1528 4794 1563 4849 et
1584 4802 1664 4847 cum
1687 4802 1728 4848 co
1752 4778 1881 4848 itamus
1930 4783 2082 4851 uomodo

70 4834 1049 5033 ffizssff'mffizattrgeg?igtgcfflaseqffiefgg
1100 4907 1136 4954 ae
1158 4833 1375 4975 patefecerit,
1401 4880 1438 4947 in
1454 4800 1796 4969 compellatiouegfiat
1811 4804 1944 4996 mentio
1962 4904 2083 4970 perso-

68 4994 219 5128 ὠή,
242 5042 423 5134 quomodo
445 5039 490 5108 δὴ
510 5039 684 5130 placatus,
710 5039 790 5130 qm
805 4990 850 5105 δ’ἰῐ
867 5037 1050 5123 mediator,
1071 5032 1075 5079 ,
1101 5009 1248 5065 narum,
1274 4999 1314 5053 ut
1329 4982 1517 5075 patefactae
1533 4996 1634 5063 sunt,
1659 4996 1697 5051 ut
1713 4995 1832 5073 postea
1848 4983 1975 5055 dream.
2071 5098 2076 5107 .

68 5166 109 5213 stt
122 5159 157 5215 et
173 5168 241 5214 cur
257 5143 341 5212 velit
357 5141 539 5224 exaudire,
564 5162 651 5233 quas
668 5161 724 5207 res
739 5139 948 5208 nominatim
967 5163 1048 5226 pro·
1201 5134 1385 5221 Secundo,
1419 5147 1622 5224 postquam,
1647 5133 1726 5225 quis
1748 5131 1792 5199 sit
1813 5126 1925 5203 Dens.
1951 5130 2083 5219 cogita-

67 5246 220 5328 niserit,
261 5244 301 5311 in
330 5244 461 5335 quibus
491 5243 597 5311 rebus
625 5240 784 5330 requirat
810 5238 1047 5308 obedientiam
1100 5252 1175 5338 tpm
1198 5251 1266 5322 est,
1292 5250 1325 5308 et
1347 5260 1384 5303 se
1407 5235 1549 5302 iunxisti
1576 5248 1609 5302 te
1630 5228 1873 5314 abEthuicis,
1899 5229 2027 5302 Tuscis
2048 5250 2083 5305 et
2126 5268 2131 5278 ·

8 5346 12 5355 ¹
64 5360 241 5430 omnm,
268 5358 433 5417 ettamen
447 5341 702 5432 mitigationem
718 5338 929 5432 promiserit.
1100 5336 1259 5424 ludaeis,
1284 5338 1489 5411 mandatum
1504 5336 1634 5404 eiusde
1650 5330 1873 5402 invocatione
1888 5334 2083 5423 considera,

111 5452 294 5519 lteram
311 5450 416 5517 Orsa.
442 5441 529 5518 Vos..
544 5445 623 5512 XV.
1311 5537 1318 5545 ⁸
1532 5435 1575 5507 17
1588 5536 1591 5541 Ι
