4522 5782
98 172 223 257 ¹aroer
280 176 384 253 ιιιιι.
433 178 470 257 ι.
496 162 836 253 conuensis.
852 170 915 251 ἰιι
942 158 1099 256 sessu.
1124 160 1274 253 ιιιιιι
1300 174 1377 251 ιιι
1396 136 1724 253 coniuratos.
1777 171 1882 254 cau.
1911 175 1991 257 ιιι.
2028 160 2158 259 ἰ·ιίιιι

118 346 287 439 coniugii
321 346 536 435 constituta,
570 348 670 420 sieut
709 347 914 458 institutum
957 362 1009 423 est
1042 334 1116 421 Ge-

120 452 319 525 aesia&-

115 616 119 621 .
140 551 443 643 ¹·()oniugium
466 567 518 626 est
542 555 649 626 unius
673 554 782 624 maris
808 553 967 625 etunius
988 553 1113 623 foemi-

100 678 213 738 -me,
238 679 329 750 quae
346 655 502 745 legitime
527 658 625 747 iungi
645 672 812 748 possunt,
838 656 1043 726 coniunctio
1057 656 1115 724 in-

121 757 365 847 ¹dissolubilis,
391 758 551 829 instituta
575 784 595 829 a
613 757 714 844 Deo,
748 772 894 850 propter
913 758 1110 851 generatio·

117 866 288 940 temnet
304 859 348 930 ad
365 858 529 930 vitandas
545 883 648 951 vagas
662 862 842 934 libidines.

124 994 142 1005 ··
221 958 326 1030 Hauc
347 961 590 1031 definitionem
615 963 722 1032 verba
746 958 852 1032 huius
877 961 1001 1052 capitis
1024 984 1109 1030 con·

117 1058 288 1147 firmant,
320 1064 416 1154 quod
442 1065 488 1134 sit
515 1065 719 1135 coniunctio
742 1065 1021 1143 indissolubilis,
1056 1078 1108 1135 te·

100 1180 263 1235 ··stantur
277 1159 371 1258 'haec
394 1167 516 1235 verba:
544 1165 728 1259 Praecipio
750 1190 824 1237 non
847 1190 929 1257 ego,
955 1169 1015 1235 sed
1034 1164 1122 1252 llo-¹

117 1265 258 1351 minus,
284 1265 469 1335 mulierem
492 1292 511 1337 a
534 1268 612 1339 viro
635 1293 708 1338 non
732 1270 929 1352 discedere,
959 1282 995 1337 et
1017 1269 1107 1352 viro,

116 1369 309 1439 mulierem
334 1392 409 1438 non
431 1370 619 1444 dimittere.
684 1368 790 1488 Quod
817 1367 876 1441 bic
896 1371 977 1440 finis
1001 1371 1106 1439 etiarn

116 1470 202 1541 Deo
218 1472 364 1562 placeat,
389 1482 428 1541 ut
441 1475 592 1543 ducatur
607 1497 707 1555 uxor,
729 1473 760 1541 si
775 1497 848 1541 uon
865 1473 976 1567 prolis
991 1496 1105 1556 causa,

116 1586 241 1643 tamen
254 1564 298 1641 ad
316 1574 479 1643 vitandas
495 1597 598 1664 vagas
614 1574 800 1660 libidines,
826 1576 861 1645 id
886 1598 1028 1668 quoque
1045 1570 1104 1644 hic

116 1696 280 1764 expresse
306 1674 457 1759 dicitur,
500 1690 535 1746 et
557 1677 720 1767 doctrina
745 1701 786 1746 ac
817 1677 1013 1747 consolatio
1038 1676 1105 1767 piis

116 1776 313 1845 necessaria
330 1789 393 1845 est:
422 1762 597 1849 Vitandae
613 1779 838 1850 scortationis
853 1802 968 1865 causa,
994 1802 1105 1848 unus-

117 1877 271 1972 quisque
288 1901 388 1949 suam
409 1874 536 1951 babeat
554 1905 713 1955 uxorem.
761 1878 764 1883 ’

107 2054 110 2059 ,
220 1979 429 2071 Sequuntur
444 1983 596 2072 regulae.
632 1982 765 2056 Prima.
798 1979 1013 2072 Coniugium
1030 2004 1104 2050 non

116 2080 236 2152 solurn
260 2107 335 2151 non
359 2079 621 2174 prohibendum
642 2100 712 2165 est,
738 2086 798 2154 sed
824 2085 930 2154 etiam
951 2083 1015 2169 iis,
1038 2084 1100 2176 qui

115 2207 193 2254 non
215 2197 299 2254 sunt
321 2185 444 2256 idonei
476 2190 520 2255 ad
546 2189 828 2270 continentiam,
868 2186 1104 2255 necessarium

114 2302 177 2359 est.
231 2286 333 2357 Sicut
349 2288 466 2380 inquit
481 2287 631 2359 Paulus:
660 2289 791 2358 Melius
808 2300 859 2356 est
872 2290 1001 2356 ducere
1014 2310 1103 2357 ιιιιο-

113 2410 189 2459 rem
208 2411 314 2479 quam
333 2390 498 2460 incendia
515 2392 602 2483 pati.
653 2389 750 2460 flacc
766 2391 884 2480 regula
902 2403 1024 2460 contra
1041 2412 1102 2458 su-

115 2491 337 2581 perstitiosos
364 2493 478 2582 posita
508 2508 582 2574 est,
618 2496 782 2586 quicum
805 2514 909 2580 vagas
932 2492 1102 2561 libidines

109 2586 354 2675 Elhuicorum
374 2596 545 2681 viderent,
564 2619 659 2665 novo
675 2597 793 2666 studio
810 2595 978 2665 castitatis
995 2593 1101 2664 etiarn

112 2695 320 2783 coniugium
344 2697 545 2786 fugiebant,
570 2711 605 2767 et
628 2699 897 2789 improbabant,
923 2720 1017 2795 quae
1039 2719 1099 2766 su-

111 2797 275 2887 perstitio
289 2793 484 2869 Ecclesiam
508 2816 594 2870 tunc
615 2802 716 2871 valde
738 2800 903 2873 exercuit
956 2799 1041 2869 ldeo
1065 2812 1100 2869 et

109 2895 248 2969 Paulus
268 2913 302 2971 et
317 2898 569 2990 Apostolorum
590 2904 755 2995 discipuli
780 2901 1002 2991 gravissimas
1016 2924 1099 2971 sen-

108 3002 242 3075 tentias
266 3018 536 3093 opposuerunt,
569 3028 658 3097 quae
683 3018 718 3075 et
738 3028 835 3074 nunc
858 3005 926 3094 legi
954 3003 1099 3094 pontifi·

104 3103 206 3188 tiae,
232 3115 267 3173 et
287 3105 468 3175 doctrinae
486 3103 741 3178 monachorum
756 3108 988 3197 opponendae
1001 3118 1096 3176 sunt.

105 3201 174 3277 Sic
199 3205 296 3275 euim
332 3209 472 3299 scripsit
497 3207 680 3299 lgnatius:
721 3208 944 3300 virginitatis
974 3209 1096 3298 iugum

99 3307 251 3379 nemini
268 3311 456 3400 imponito.
507 3312 712 3382 Periculosa·
732 3325 783 3383 est
806 3311 899 3380 enirn
922 3311 1095 3402 possessio

101 3424 142 3483 et
157 3409 354 3481 difficulter
369 3414 560 3495 retinetur,
586 3419 731 3506 quando
749 3414 877 3484 coactis
891 3412 1096 3505 imperatur.

97 3508 321 3584 Iunioribus
343 3518 495 3586 concede
518 3516 743 3606 coniugium,
785 3517 990 3608 priusquam
1016 3539 1095 3585 cor-

96 3629 324 3705 rumpantur
347 3620 601 3688 consuetudine
632 3619 911 3710 prostitutarum.
975 3616 1138 3687 Verba

95 3710 196 3787 hacc
227 3731 327 3788 runt·
364 3717 573 3815 παρθενίας
604 3716 728 3819 {ripoa-
759 3715 894 3814 μηδενὶ
933 3714 1094 3792 suarides.

96 3814 372 3913 ἐπισφαλὲς
326 3846 401 3919 γαρ
417 3818 460 3895 τὸ
474 3826 598 3917 κτῆμα
612 3847 675 3895 και
664 3817 1017 3946 ιιασφιιιιακιον,τ
1002 3817 1096 3895 όταν

95 3916 205 3994 κατὰ
228 3915 398 4022 ἀνάγκην
417 3923 579 4023 γένηται.
614 3927 692 4006 τοῖς
717 3922 909 4020 νεωτέροις
929 3918 1096 4020 e'na'rpene

97 4025 267 4123 γαμεῖν,
293 4023 382 4121 πρὶν
396 4024 708 4124 ιιιαφθαρῶσιν’
679 4054 729 4109 ιις
749 4024 909 4125 ἑταίρας.

199 4123 248 4198 Et
264 4123 320 4198 hic
336 4129 467 4200 Paulus
480 4154 771 4223 unumquemque
785 4131 883 4201 iubet
897 4154 977 4201 suas
992 4130 1095 4215 vires,

99 4251 170 4301 seu
190 4232 286 4300 dona
309 4253 371 4300 sua
400 4232 642 4317 considerare,
674 4256 714 4302 ac
736 4234 911 4318 indicare,
945 4258 992 4303 an
1013 4234 1092 4303 ido-

97 4352 195 4401 neus
210 4332 254 4401 sit
270 4335 313 4402 ad
330 4335 561 4415 coelibatum,
587 4348 648 4403 ant
665 4359 739 4404 non
755 4337 812 4404 sit.
855 4334 967 4404 ldeo
956 4336 1093 4428 inquit:

98 4431 360 4527 Unusquisque
378 4436 563 4529 proprium
580 4438 714 4507 donum
731 4432 871 4507 habeta
889 4438 980 4522 Deo,
1002 4437 1094 4507 alius

101 4536 178 4614 sic,
213 4537 304 4604 alius
328 4538 441 4611 aliter.
510 4536 606 4608 llaec
630 4539 828 4609 admonitio
859 4541 915 4609 bis
945 4541 1092 4631 repetita

101 4637 280 4728 significat
304 4637 469 4738 Apostoli
490 4642 774 4726 solicitudinem,
809 4667 897 4734 quae
919 4643 1094 4734 praevidit

101 4752 308 4811 secuturam
333 4766 494 4833 magnam
518 4745 709 4832 perniciem
734 4742 935 4814 animarum
960 4767 1001 4813 cx
1023 4745 1092 4813 im·

98 4842 296 4934 prudentia
320 4868 462 4931 eorum,
495 4845 618 4938 quise
642 4860 774 4916 temere
796 4847 976 4916 oneraturi
993 4860 1093 4916 erant

97 4943 294 5015 coelibatu.

206 5042 346 5117 Deinde
360 5063 559 5166 sequuntur
577 5049 720 5138 regulae
743 5049 822 5118 de
810 5071 888 5140 ipso
913 5009 1093 5140 coniugio,

97 5147 200 5217 sed
189 5169 229 5215 ιιι
245 5144 385 5220 Scholis
406 5151 505 5241 prius
527 5150 802 5273 desponsatione
822 5150 974 5238 dicitur,
1002 5176 1091 5246 quae

95 5271 274 5419 pepsonae
293 5251 463 5340 coniungi
487 5252 642 5343 possint,
668 5266 702 5325 et
721 5254 866 5347 quaudo
892 5267 1091 5327 contractus

92 5377 138 5423 va
157 5363 227 5423 eat.

1270 343 1474 418 Prohibitio
1495 348 1540 418 de
1563 324 1724 440 personis
1749 356 1842 420 extat
1864 332 1980 423 Levit.
1999 350 2059 425 ta.
2100 348 2154 425 Ea

1167 445 1362 539 prohibitio
1386 450 1506 520 divina
1532 465 1609 533 est,
1646 467 1681 523 et
1704 450 1838 539 obligat
1863 475 1986 521 omnes
2017 450 2150 542 gente‘s,

1164 565 1333 647 tauquam
1360 552 1417 622 ius
1438 566 1610 635 naturae,
1648 555 1733 648 quia
1753 553 1850 625 Deus
1870 546 1964 624 banc
1987 579 2152 625 reveren·

1164 654 1250 724 tiam
1271 654 1410 743 cognati
1426 657 1610 745 sanguinis
1633 656 1671 725 in
1690 667 1816 726 natura
1835 659 1973 742 sanxit,
2000 681 2045 726 ne
2063 657 2151 730 liant

1164 758 1430 827 commixtiones
1467 782 1547 827 curn
1583 758 1824 850 promiximis,
1857 774 1891 829 ct
1926 753 2150 830 horribiliter
2246 833 2255 843 ‚

1059 876 1062 881 ·
1163 860 1265 948 ριιιιιι
1283 860 1431 929 incestas
1446 859 1633 944 libidines,
1658 874 1698 929 ut
1715 862 1763 929 ibi
1780 863 1823 928 de
1838 861 2037 930 cananaeis
2057 861 2148 930 dici·

1162 974 1240 1044 tur,
1282 975 1315 1030 et
1339 962 1497 1052 exempla
1521 986 1715 1052 poenarum
1737 958 1872 1055 Oedipi
1899 977 1931 1034 et
1955 961 2147 1057 Aegyptio·

1160 1086 1240 1132 rum
1257 1085 1379 1152 regum
1395 1065 1485 1133 iram
1506 1060 1570 1134 Dei
1586 1066 1788 1136 ostendunt.

1256 1163 1381 1236 Postea
1405 1167 1467 1259 qui
1484 1168 1614 1256 gradus
1629 1166 1805 1259 probabili
1821 1166 1958 1237 ratione
1975 1166 2089 1237 additi
2107 1164 2145 1253 in

1158 1261 1326 1337 Ecclesiis
1356 1284 1450 1339 recte
1479 1268 1650 1341 institutis
1678 1283 1881 1351 serventur,
1916 1268 2144 1340 consideran-

1158 1369 1327 1444 domest.

1258 1469 1313 1540 De
1329 1485 1510 1543 contractu
1528 1487 1563 1544 et
1580 1468 1649 1542 boc
1665 1473 1817 1544 servavit
1843 1486 2014 1559 vetustas,
2041 1476 2138 1566 quod

1157 1565 1365 1660 honestum,
1397 1575 1513 1664 pium,
1545 1592 1579 1646 et
1608 1577 1650 1643 ad
1682 1575 1905 1666 explicandas
1929 1591 2138 1647 controver-

1159 1675 1228 1745 sias
1253 1678 1570 1768 desponsationum
1594 1678 1892 1747 accommodatius
1919 1693 1989 1757 est,
2015 1692 2057 1749 ut
2079 1679 2141 1746 de-

1159 1780 1404 1868 sponsationes
1419 1781 1496 1847 sine
1519 1780 1704 1870 perspicuo
1728 1792 1761 1847 ιι
1782 1802 1945 1869 expresso
1968 1801 2141 1849 consensu

1157 1895 1342 1970 parentum
1359 1882 1469 1950 laetae
1485 1880 1686 1951 iudicentur
1703 1881 1833 1953 irritae.
1887 1882 2008 1971 Quare
2023 1881 2062 1950 in
2080 1882 2140 1948 ln-

1155 1983 1402 2052 stitutionibus
1433 1983 1586 2054 dieitur:
1619 1981 1840 2053 Consensum
1867 1997 2055 2076 pareutum
2076 1977 2141 2052 ha·

1156 2085 1282 2165 beant,
1308 2109 1461 2178 qnorum
1479 2086 1615 2156 suntin
1639 2098 1820 2176 potestate.
1872 2084 1962 2154 Nam
1980 2078 2046 2154 boc
2064 2084 2141 2153 fieri
2247 2158 2250 2163 ,

1155 2187 1282 2255 debere
1299 2202 1331 2257 et
1347 2187 1463 2257 civilis
1478 2201 1514 2258 ιι
1531 2189 1701 2256 naturalis
1718 2187 1808 2257 ratio
1832 2188 1973 2271 suadet,
1999 2188 2037 2254 in
2059 2201 2140 2257 tan-

1155 2301 1248 2369 tum,
1274 2303 1314 2358 ut
1332 2290 1446 2358 iussus
1463 2302 1648 2379 parentum
1672 2290 1877 2378 praecedere
1901 2291 2038 2362 debeat.
2090 2284 2136 2358 Et

1153 2385 1365 2461 Ambrosius
1380 2393 1419 2459 in
1434 2386 1581 2462 historia
1590 2389 1772 2463 Rebeccae
1782 2391 1859 2461 vult
1875 2393 2038 2461 accedere
2052 2413 2138 2460 con-

1153 2513 1294 2562 sensum
1325 2506 1531 2585 parentum,
1569 2495 1679 2586 idque
1699 2495 1749 2564 ait
1770 2494 1857 2563 adeo
1889 2488 2078 2563 honestum
2101 2504 2137 2563 et

1152 2608 1298 2664 naturae
1312 2608 1588 2666 consentaneum
1603 2619 1696 2681 esse,
1722 2609 1761 2665 ut
1777 2596 1882 2667 etiam
1899 2593 2028 2665 Poetae
2043 2593 2137 2663 idern

1151 2698 1349 2769 docuerint.
1389 2695 1437 2768 Et
1451 2696 1534 2769 citat
1549 2699 1684 2768 dictum
1700 2694 1900 2790 Euripidis,
1921 2698 2015 2788 apud
2032 2719 2137 2788 quem

1150 2798 1189 2866 in
1211 2794 1486 2885 Andromache,
1524 2825 1605 2871 cum
1628 2795 1775 2871 Orestes
1810 2802 1897 2892 petit
1930 2798 2135 2886 coniugium

1149 2898 1382 2987 Hermiones,
1411 2898 1496 2971 baec
1519 2904 1727 2993 respondet,
1749 2900 1838 2973 Eam
1861 2925 1937 2973 reru
1959 2900 2136 2993 pertinere

1149 3006 1193 3073 ad
1209 3005 1396 3075 arbitrium
1412 3004 1534 3097 patris.
1588 3002 1719 3075 Versus
1734 2998 1773 3073 hi
1790 3017 1893 3076 sunts

1275 3133 1518 3222 Νυμφιυμιιτων
1529 3134 1586 3217 μιν
1597 3139 1660 3199 τῶν
1673 3133 1756 3215 lacsir
1769 3132 1875 3218 πατὴρ
1889 3132 1982 3220 ἐμὸς,

1274 3239 1426 3326 μέριμναν
1439 3237 1514 3324 saer,
1534 3231 1562 3301 κ’
1575 3233 1635 3302 cdx
1647 3234 1724 3319 ἐμὸν
1737 3238 1848 3322 κρίνειν
1859 3232 1945 3302 τάδε.

1248 3380 1339 3453 Cum
1355 3376 1424 3451 hoc
1439 3379 1547 3450 veleri
1564 3401 1661 3448 more
1677 3392 1886 3473 {congruunt
1905 3379 2013 3449 verba
2030 3375 2135 3449 Pauli

1149 3486 1187 3555 in
1204 3483 1272 3554 hoc
1289 3486 1421 3576 capite:
1449 3478 1522 3571 Qui
1539 3482 1669 3562 elocat,
1696 3494 1788 3552 recte
1803 3482 1896 3550 facit.
1918 3526 1920 3531 ν
1937 3481 2030 3550 Νιιιι
2048 3476 2134 3550 haec

1148 3589 1255 3658 verba
1276 3584 1496 3676 significant,
1531 3606 1705 3653 consensu
1731 3579 1917 3674 parentum
1943 3585 1987 3652 de
2009 3582 2134 3652 coniu-

1146 3690 1214 3780 giis
1234 3690 1480 3779 paciscendum
1507 3708 1591 3759 esse.
1643 3686 1683 3757 si
1707 3687 1762 3756 lex
1778 3683 1898 3780 Moysi
1922 3685 2038 3756 locuta
2064 3699 2132 3754 est:

1145 3790 1236 3863 Cum
1252 3794 1359 3861 duces
1374 3789 1449 3858 filio
1463 3811 1622 3858 rrxorem.

1247 3892 1352 3965 Hanc
1372 3904 1543 3962 vetustam
1567 3890 1857 3960 consuetudinem
1880 3910 1977 3958 nunc
1992 3908 2133 3980 quoque

1062 4068 1065 4073 .
1145 4012 1339 4091 sequantur
1365 3989 1559 4076 Ecclesiae,
1601 3993 1729 4062 omissa
1758 3990 1890 4062 recenti
1917 3992 2010 4079 lege,
2042 4012 2132 4081 quae

1145 4097 1407 4170 inextricabiles
1422 4046 1646 4190 labyridtbos
1669 4095 1805 4188 peperit
1829 4095 1867 4161 in
1891 4089 2131 4163 diiudicandis

1146 4203 1282 4272 arcanis
1300 4197 1643 4293 desponsationibus.

1248 4318 1316 4391 Sed
1339 4333 1457 4389 tamen
1481 4316 1544 4387 ubi
1576 4315 1738 4385 duriores
1762 4328 1845 4386 sunt
1869 4326 2046 4405 parentes,
2078 4311 2129 4403 pii
2167 4335 2175 4342 ’

1145 4422 1368 4513 magistratus
1389 4445 1488 4490 suam
1513 4419 1735 4488 autoritatem
1764 4416 2009 4507 interponant:
2039 4415 2129 4486 sicut

1144 4526 1249 4599 etiam
1265 4537 1421 4594 vetustae
1436 4523 1527 4612 leges
1541 4518 1773 4611 praecipiunt.

1245 4640 1448 4712 Discrimcu
1472 4640 1577 4708 etiarn
1602 4651 1653 4708 est
1679 4639 1771 4707 iuter
1792 4638 1969 4729 sponsalia
1998 4639 2042 4707 de
2071 4636 2128 4706 su-

1145 4760 1227 4818 turo
1253 4760 1287 4815 et
1313 4747 1357 4813 de
1379 4741 1576 4836 praesenti,
1612 4743 1705 4831 quod
1730 4756 1890 4811 sumatur
1913 4766 1952 4810 ex
1974 4740 2126 4809 aliorum

1145 4846 1367 4939 longioribus
1394 4844 1545 4936 scriptis.
1613 4844 1648 4911 A
1678 4840 1903 4930 sponsalibus
1932 4845 1976 4910 de
2004 4841 2124 4910 futuro

1144 4951 1260 5023 recedi
1289 4961 1421 5040 potest,
1462 4946 1532 5016 nisi
1559 4946 1741 5015 accesserit
1768 4942 1988 5015 concubitus.
2053 4939 2124 5011 Sed

1144 5052 1320 5173 sponsalia
1344 5054 1387 5120 de
1402 5049 1576 5142 praesenti
1602 5060 1684 5116 suut
1703 5046 1771 5115 iarn
1788 5070 1825 5115 re
1850 5044 1924 5134 ipsa
1944 5042 2126 5112 matrimo-

1142 5158 1244 5227 nium
1271 5175 1332 5224 seu
1354 5151 1579 5242 coniugium,
1613 5149 1695 5242 quia
1721 5168 1911 5216 consensus
1935 5144 2018 5213 facit
2039 5168 2126 5213 con·

1142 5258 1290 5347 iugium.
1340 5252 1414 5325 Nec
1435 5255 1479 5322 de
1502 5247 1570 5321 hoc
1593 5248 1798 5321 discrimine
1821 5246 1987 5317 subtilius
2002 5246 2126 5336 dispu-

1141 5361 1238 5433 tabo.
1291 5356 1372 5430 Nou
1387 5354 1482 5429 enim
1500 5348 1585 5425 baec
1599 5372 1781 5436 recenseo,
1806 5361 1846 5421 ut
1867 5349 1947 5444 plus
1971 5350 2127 5420 rixarum
