4522 5782
123 204 243 283 aas·
557 258 560 263 .
718 182 1553 273 rnnmsmnrsmscrrrca.
1900 294 1905 307 Ι
2079 182 2154 261 ns

124 391 161 451 st
176 371 390 468 Apostolos,
420 364 582 439 nondum
604 360 783 455 vituperat
804 364 920 433 cultus
942 358 1118 433 iudaicus.
1149 310 1357 453 ¹Evangelii
1392 363 1545 455 primam
1573 382 1684 434 unam
1716 374 1751 434 et
1777 372 1981 455 perpetuen
2019 381 2094 431 esse
2120 368 2161 428 tn

126 476 267 551 Omnes
282 488 402 565 gentes
419 484 454 541 et
468 483 607 552 coetus,
629 479 671 538 ut
687 461 959 535 Mahometistae
974 476 1009 533 et
1025 464 1118 533 aliae
1168 460 1347 549 Ecclesia,
1374 466 1540 538 traditam
1562 465 1667 536 certis
1687 464 1898 536 testimoniis
1918 486 1982 556 pes
1997 455 2161 556 Prophe-

126 582 334 650 invocantes
345 574 481 657 Deum,
505 570 584 640 sine
603 569 712 638 verbo
731 568 862 637 tradito
879 590 942 657 per
957 561 1119 665 Prophe-
1168 577 1242 649 tas,
1266 562 1450 641 Christum
1476 581 1511 639 ct
1533 564 1736 661 Apostolos.

128 697 181 755 tas
201 693 237 752 et
258 676 467 769 Apostolos,
501 673 671 743 invocant
694 672 790 762 quod
816 669 990 739 nesciunt.
1039 665 1119 738 Etsi

19 806 29 819 '
128 796 248 855 sotem
266 783 373 851 breve
387 777 520 846 dietum
534 788 605 854 est,
632 787 750 841 tamen
764 770 1039 861 copiosissimam
1054 771 1119 838 do·
1270 765 1369 839 llaec
1397 792 1487 863 quae
1515 794 1612 840 nnnc
1640 771 1769 855 recito,
1810 784 1846 842 et
1868 790 1959 863 quse
1986 779 2081 839 certe
2102 760 2162 837 laic

131 885 282 956 ctrinam
300 880 478 963 continet,
503 890 538 946 et
553 875 754 945 coecitatem
781 873 890 943 totius
912 872 1040 941 mundi
1059 894 1117 939 ar·
1170 866 1333 941 Christus
1349 871 1459 955 dicit,
1484 873 1644 963 quotidie
1657 874 1694 942 in
1711 873 1936 943 invocatione
1959 871 2082 941 animo
2102 868 2162 939 in-

131 986 217 1077 guil.
270 983 426 1055 Maxima
449 1003 529 1072 pars
552 973 739 1047 hominum
769 974 958 1064 religiones
980 973 1018 1041 in
1041 994 1120 1063 spe-
1170 975 1301 1044 terenda
1325 986 1419 1049 sunt,
1478 972 1718 1045 Discernenda
1742 989 1794 1045 est
1815 988 1875 1045 tua
1906 972 2085 1043 invocatio
2115 971 2162 1041 sb

131 1088 223 1159 ciem
247 1087 350 1169 colit,
384 1097 530 1175 propter
550 1078 861 1160 consuetudinem,
891 1076 942 1146 sic
965 1074 1120 1144 Alexan·
1169 1070 1429 1157 Ethnicorum,
1461 1074 1693 1161 ludaeorum,
1725 1071 2060 1147 Mahometistarum
2084 1071 2159 1143 cla.-

132 1192 216 1274 der,
257 1186 388 1269 lulius,
428 1184 628 1272 angustus,
669 1192 704 1249 et
732 1179 883 1264 similes,
922 1177 1121 1247 sentiebant
1170 1200 1290 1260 more,
1315 1176 1377 1268 qni
1397 1177 1623 1267 interrogati,
1647 1201 1771 1246 omnes
1794 1179 1990 1249 faterentur
2003 1198 2042 1247 se
2055 1176 2161 1243 invo-

132 1290 294 1361 moribus
308 1286 557 1358 communibus
575 1282 892 1371 obtemperandum
914 1302 999 1352 esse.
1047 1275 1120 1345 Ta·
1171 1301 1249 1347 care
1265 1282 1413 1349 surdum
1430 1276 1558 1364 Deum,
1583 1280 1798 1351 acdubitsre
1814 1302 1905 1370 qnae
1922 1276 2037 1349 ressit
2049 1274 2164 1358 Deus,

134 1393 186 1461 les
201 1414 324 1461 omnes
339 1391 495 1458 fatentur
508 1410 543 1455 se
560 1380 693 1454 nescire
713 1384 799 1475 qnid
814 1382 982 1459 adorent,
1007 1380 1122 1447 faten-
1172 1393 1208 1448 et
1221 1403 1311 1471 quae
1326 1380 1371 1450 sit
1394 1380 1470 1452 eius
1487 1381 1669 1466 voluntas,
1700 1394 1736 1452 et
1759 1404 1806 1450 an
1829 1381 1949 1451 audiat
1971 1373 2163 1449 hominum

119 1506 194 1571 ,tur
212 1514 249 1562 se
271 1491 422 1574 nescire,
454 1511 499 1557 an
524 1484 622 1557 Deus
642 1501 757 1570 curet,
782 1483 931 1566 indicet,
958 1496 993 1551 et
1015 1503 1122 1549 exau·
1172 1494 1265 1563 vota,
1291 1504 1337 1549 an
1351 1482 1523 1551 alliciatur
1537 1485 1666 1554 nostris
1680 1483 1845 1566 miseriis,
1868 1483 2064 1553 faterentur
2077 1480 2166 1549 item

134 1595 211 1664 diat
236 1588 408 1662 homines.
458 1589 535 1659 Alii
560 1601 659 1669 sunt,
686 1600 726 1657 ut
744 1584 863 1664 Plato,
889 1581 1034 1666 Cicero,
1060 1580 1123 1673 qni
1171 1604 1209 1651 se
1238 1584 1338 1651 nulla
1367 1579 1495 1655 habere
1524 1598 1616 1655 certa
1639 1585 1842 1656 testimonia
1864 1608 1948 1654 suae
1970 1580 2166 1665 doctrinae,

133 1709 325 1765 moventur
342 1692 497 1776 ratione,
522 1702 563 1759 ut
580 1689 733 1758 sentiant
748 1684 862 1755 Deum
880 1709 953 1754 esse
968 1685 1121 1775 aliquam
1174 1708 1238 1754 nec
1254 1687 1348 1754 unde
1365 1699 1425 1754 aut
1440 1688 1620 1778 quomodo
1634 1699 1823 1777 propagata
1838 1686 1901 1766 sit,
1927 1708 1993 1755 nec
2009 1683 2101 1755 scire
2113 1707 2161 1752 an

133 1810 288 1879 mentem
304 1809 500 1873 aeternam,
523 1793 610 1861 sicut
628 1789 730 1859 Plato
747 1789 843 1869 dicit,
870 1810 1008 1857 causam
1026 1785 1124 1853 boni.
1173 1787 1376 1876 promiserit
1396 1786 1494 1857 Deus
1515 1812 1552 1856 se
1571 1790 1820 1858 exauditurum
1853 1811 1947 1872 esse,
1983 1796 2047 1857 aut
2069 1807 2163 1877 quo·

135 1896 205 1969 Sed
225 1911 343 1967 tamen
364 1896 531 1988 quaesit,
565 1893 744 1983 quomodo
770 1890 854 1959 velit
879 1888 1056 1969 invocari,
1090 1899 1123 1954 et
1173 1889 1280 1956 modo
1300 1888 1383 1957 velit
1401 1913 1475 1959 esse
1496 1890 1665 1982 placatus.
1721 1886 1817 1977 Ergo
1835 1892 1880 1959 ab
1905 1886 2035 1959 horum
2056 1886 2164 1955 invo-

133 1999 318 2081 exaudire,
343 1998 521 2087 ignorant.
558 1991 654 2082 Ergo
669 2016 749 2062 eum
767 1992 922 2059 clamant
935 1992 978 2057 ad
998 1989 1123 2065 Deum,
1174 1990 1310 2058 catione
1326 2004 1358 2059 te
1373 1992 1552 2075 seitmgas,
1578 2002 1611 2059 et
1628 2006 1661 2059 te
1675 1991 1719 2059 ad
1744 2005 1854 2060 totam
1877 1986 2073 2061 Ecclesiam
2090 1986 2161 2057 Pa·

132 2124 215 2171 mox
230 2101 438 2189 obstrepunt
454 2098 502 2166 eis
518 2096 768 2177 dubitationes,
789 2115 947 2187 quaeres
965 2087 1122 2173 sitDeus,
1172 2104 1267 2158 trnm
1296 2087 1576 2181 Prophetarum,
1616 2105 1652 2163 et
1675 2091 1930 2183 Apostolorum
1961 2087 2162 2179 adiungas,

133 2227 181 2271 an
196 2202 354 2290 singulos
374 2200 555 2290 respiciat,
582 2212 676 2265 ante
699 2198 922 2263 invocantem
947 2191 1122 2261 exaudiat.
1174 2215 1238 2281 per
1259 2186 1323 2261 hos
1344 2194 1458 2282 cogita
1472 2197 1620 2262 verbum
1645 2208 1740 2262 certo
1763 2195 1964 2265 testimonio
1988 2192 2164 2262 traditum

133 2301 271 2374 Similis
285 2316 338 2373 est
351 2303 500 2371 coecitas
517 2302 553 2366 in
565 2294 839 2383 lllalrometistis,
867 2296 938 2363 imo
955 2306 989 2361 et
1002 2293 1122 2360 omni·
1174 2316 1256 2373 esse,
1283 2308 1317 2362 et
1332 2288 1427 2361 lnam
1441 2294 1650 2375 ossellenm,
1676 2295 1737 2387 qni
1752 2318 1788 2363 se
1803 2296 1964 2383 patefecit
1981 2316 2164 2383 persuum

132 2406 200 2473 hus
216 2404 348 2493 ignaris
364 2400 559 2490 Evangelii.
614 2397 661 2469 Ut
682 2399 720 2465 in
736 2394 840 2468 Creta
862 2394 977 2463 insula
994 2394 1124 2461 dicitur
1174 2396 1340 2477 verbum,
1366 2417 1530 2479 agrioscas
1547 2410 1581 2465 et
1597 2398 1747 2469 fatearis.
1799 2395 1868 2466 llic
1883 2395 1979 2466 Deus
1998 2419 2064 2465 nec
2082 2416 2165 2463 mu·

132 2506 239 2577 fuisse
257 2503 352 2573 lovis
368 2519 480 2573 statua
497 2504 573 2569 sine
595 2500 757 2568 anribns:
794 2499 840 2565 ita
865 2508 1123 2583 ornrresgentes
1175 2511 1230 2565 tus
1247 2508 1320 2575 est,
1345 2519 1410 2563 nec
1425 2499 1572 2577 surdus,
1598 2498 1735 2567 locutus
1752 2514 1801 2569 est
1819 2499 1922 2567 initio
1946 2522 2027 2567 cum
2043 2494 2162 2565 Patri-

133 2604 276 2695 ignacae
290 2602 474 2691 Evangelii
502 2604 539 2670 in
567 2602 792 2671 invocatione
807 2601 991 2679 dubitant,
1018 2620 1123 2687 qnam
1175 2598 1241 2663 bns
1257 2611 1289 2664 et
1306 2592 1514 2686 Prophetis,
1538 2596 1699 2668 exhibuit
1714 2614 1750 2669 et
1765 2601 1834 2669 alia
1856 2613 1948 2669 certa
1964 2613 2000 2669 et
2015 2598 2164 2667 eviden-

132 2732 208 2777 rem
238 2708 486 2801 alloquantur,
523 2708 733 2785 surdamne,
774 2724 820 2768 an
858 2699 1123 2786 intelligentem,
1175 2698 1221 2767 tia
1245 2698 1481 2781 testinmnia,¹
1507 2715 1543 2769 nt
1575 2702 1789 2770 resuscitatis
1809 2702 1977 2778 mortuis,
2011 2714 2047 2770 et
2067 2699 2163 2769 clara

132 2823 335 2894 curantem,
368 2808 587 2888 audientem,
621 2828 702 2872 vere
724 2803 898 2872 efficacem
926 2814 957 2868 et
984 2799 1123 2867 salvan-
1175 2822 1259 2867 voce
1274 2800 1376 2866 rrolris
1393 2801 1558 2871 omnibns
1574 2804 1618 2870 de
1642 2804 1714 2871 lilio
1740 2805 1934 2893 praecepit:
1968 2799 2076 2871 llunc
2100 2825 2164 2869 ats-

132 2906 393 2980 ternhomines.
442 2907 517 2977 Etsi
538 2922 654 2975 autern
678 2902 762 2973 haec
784 2904 820 2971 in
840 2899 1006 2970 humanis
1024 2922 1122 2967 men·
1175 2900 1258 2973 dite.
1313 2901 1447 2971 lleintlc
1471 2927 1536 2971 nec
1564 2910 1693 2972 snrdns
1715 2919 1784 2988 est,
1810 2908 1871 2973 sed
1888 2927 1968 2972 vere
1985 2903 2061 2973 vult
2079 2925 2164 2994 pro-

132 3012 228 3082 tilius
244 3011 420 3081 dubitatio
439 3034 512 3078 non
526 3011 675 3077 obscura
693 3018 756 3087 est,
786 3030 848 3071 nec
867 3006 945 3072 latet
966 3005 1122 3078 arran-bns,
1175 3016 1253 3090 pter
1283 3003 1395 3069 lilium
1431 3006 1614 3085 exaudire,
1663 3021 1699 3077 et
1728 3007 1884 3097 salvare,
1925 3021 1958 3075 et
1984 3006 2166 3073 credentes

132 3127 252 3184 tamen
269 3128 393 3203 stupor
408 3126 528 3181 tacitns
544 3126 614 3190 est,
648 3121 689 3178 ut
710 3129 784 3175 non
800 3106 1010 3193 cogitemus,
1036 3103 1120 3195 qnid
1174 3104 1288 3171 sciunt
1304 3128 1340 3171 se
1357 3130 1430 3172 non
1449 3108 1534 3177 falli.
1595 3104 1692 3176 llaec
1716 3109 1837 3177 omnia
1863 3106 2023 3201 quotidie
2044 3104 2085 3173 in
2109 3106 2166 3173 in-

132 3230 164 3283 et
190 3230 360 3306 quantum
386 3215 432 3281 sit
458 3210 554 3284 mali.
606 3206 793 3279 Discsnrus
817 3232 898 3295 ergo
926 3228 1123 3292 agnoscere,
1174 3208 1359 3274 vocatione
1391 3209 1577 3297 cogitanda
1613 3222 1714 3289 stavit,
1756 3211 1926 3279 intuenda
1960 3206 2166 3279 testimonia

131 3317 316 3403 deplorare
332 3332 365 3384 et
383 3316 503 3399 fugere
523 3306 615 3394 hanc
640 3326 789 3400 pestem,
823 3324 857 3378 et
881 3309 1122 3393 confugiamus
1173 3302 1351 3376 Ecclesiae
1369 3313 1496 3377 tradita
1514 3311 1597 3379 inde
1612 3334 1723 3403 nsque
1739 3314 1784 3380 ab
1802 3312 1918 3382 initio.

131 3422 176 3487 ad
194 3419 327 3499 lucem,
354 3419 391 3483 in
419 3441 486 3506 qna
513 3438 548 3480 se
568 3412 662 3481 Dens
684 3426 846 3481 aeternus
872 3410 1050 3498 patefecit,
1076 3410 1119 3475 ad

131 3520 282 3587 verbnm
321 3518 489 3587 traditum
523 3540 584 3603 per
614 3509 827 3609 Prophetas,
878 3507 1060 3579 Christum
1089 3524 1122 3577 et
1275 3502 1354 3573 Hoc
1385 3506 1500 3593 ipsum
1532 3507 1633 3579 docet
1669 3522 1807 3598 patrum
1846 3507 2019 3599 precatio,
2065 3504 2166 3580 Deus

132 3616 344 3710 Apostolos,
383 3634 424 3689 ut
453 3642 532 3686 vere
561 3617 764 3685 invocemus
785 3612 921 3697 Deum,
962 3612 1122 3703 seqnitur
1173 3600 1375 3689 Alaraham,
1404 3608 1524 3693 idest,
1550 3610 1717 3679 teDenm
1740 3612 1889 3695 invoco,
1915 3604 2164 3703 quiAbrahae

134 3744 229 3811 0130,
1173 3709 1352 3777 tradidisti
1371 3724 1464 3777 certo
1488 3711 1689 3781 testimonio
1711 3714 1859 3782 verbum
1881 3726 2003 3795 tasum,
2034 3737 2106 3804 qno
2129 3726 2165 3783 et

1173 3823 1318 3879 testatus
1342 3827 1427 3880 este
1444 3814 1690 3881 exattditurnm
1715 3838 1807 3895 esse,
1841 3810 1948 3883 huius
1974 3814 2073 3883 verbi
2096 3814 2165 3883 lide

321 3929 405 4009 Nos
432 3932 635 4006 ,dommus
662 3924 763 4029 quod
784 3927 932 4002 sams,
1166 3924 1207 4003 te
1231 3912 1375 3993 invoco,
1409 3928 1440 3981 et
1465 3916 1570 3981 credo
1597 3936 1652 3983 me
1673 3916 1810 3997 audiri,
1837 3916 1981 4005 respici,
2014 3938 2080 3984 nec
2105 3916 2162 3985 in-

310 4048 316 4061 ,
1174 4037 1261 4079 voco
1285 4026 1323 4077 nt
1341 4014 1489 4097 caeteri,
1516 4016 1717 4104 ignorantes
1741 4018 1891 4097 verbnm
1910 4011 2095 4100 Abrahae,
2121 4031 2162 4087 nt

235 4122 274 4188 ld
290 4135 339 4188 cst
348 4171 359 4203 ,
385 4144 450 4189 nos
466 4118 594 4187 scimns
611 4115 829 4184 voluntatem
846 4113 914 4182 Dei
938 4137 1011 4181 non
1034 4137 1122 4184 con·
1176 4110 1362 4206 tlrpyptii,
1387 4132 1444 4184 ant
1462 4116 1533 4200 alii,
1559 4119 1751 4187 nescientes
1765 4119 1851 4211 qnid
1867 4119 1912 4187 sit
1930 4115 2046 4200 Dens,
2070 4142 2164 4210 quo-

133 4220 221 4314 spici
239 4222 313 4287 sine
337 4221 447 4310 ipsius
470 4218 706 4299 revelatione,
745 4216 833 4284 sicut
857 4238 962 4302 supra
987 4216 1121 4284 clictnm
1174 4220 1282 4283 modo
1302 4215 1384 4284 velit
1400 4221 1542 4303 agnosci
1569 4232 1600 4285 et
1623 4221 1714 4309 coli,
1739 4244 1784 4287 an
1804 4219 2003 4311 promiserit
2021 4218 2161 4312 aliquid

134 4337 203 4393 est:
230 4320 345 4389 Deum
371 4346 475 4389 necno
494 4322 585 4390 vidit
606 4340 784 4408 unquam,
810 4320 868 4383 secl
886 4318 979 4385 filins
995 4318 1055 4410 qni
1073 4334 1123 4389 est
1174 4316 1509 4391 ‹lesnavoluntatc.
1546 4316 1697 4390 Addidit
1713 4320 1925 4408 igitnrDeus
1938 4334 1974 4391 et
1990 4321 2027 4389 in
2043 4323 2161 4411 primo

129 4424 171 4499 fn
188 4424 270 4490 sinu
287 4422 413 4508 patris,
441 4424 513 4511 ipse
531 4420 707 4488 enarravit
725 4418 839 4491 nolris.
871 4418 1011 4487 Scimus
1027 4420 1122 4504 item,
1174 4431 1358 4506 praecepto
1387 4422 1647 4501 testiinonium,
1687 4446 1757 4513 qno
1781 4423 1859 4493 vnlt
1887 4424 2051 4511 agnosci,
2078 4448 2162 4495 cuns

132 4524 231 4593 nolle
246 4530 347 4605 etam,
376 4536 496 4592 utnos
515 4524 580 4612 ipsi
608 4522 779 4605 fingamus
805 4522 849 4587 de
869 4544 910 4586 eo
933 4521 1124 4611 opiniones
1173 4520 1239 4586 ait:
1279 4514 1356 4607 Ego
1380 4544 1457 4588 sum
1483 4520 1596 4604 Dens,
1629 4523 1690 4614 qni
1714 4525 1835 4593 eduxit
1854 4538 1888 4594 te
1911 4526 1955 4592 de
1978 4538 2072 4595 terra
2090 4524 2163 4597 Ae-

136 4638 257 4693 nostro
273 4623 426 4708 iudicio,
453 4636 514 4692 ant
531 4621 767 4710 excogitemus
790 4621 917 4690 cultus.
967 4620 1125 4692 lde-oar·
1174 4619 1292 4712 gypti,
1340 4621 1390 4691 sic
1418 4645 1556 4712 semper
1576 4624 1719 4715 aliquod
1749 4638 1882 4695 certum
1912 4626 2161 4699 testimonium

143 4722 289 4817 cipimus
311 4723 346 4793 id
370 4726 516 4795 verbum
539 4726 576 4792 in
600 4748 672 4816 qno
696 4746 734 4790 se
755 4722 938 4815 patefecit,
969 4737 1006 4791 et
1028 4718 1124 4793 hunc
1170 4723 1369 4815 proposuit.
1428 4720 1499 4793 Sed
1530 4725 1649 4793 omnia
1677 4726 1874 4796 referantur
1897 4728 1943 4797 ad
1973 4750 2165 4817 summam,

143 4818 255 4895 Deum
285 4839 484 4906 aeternnm,
530 4827 746 4918 sapientem,
785 4826 938 4909 bonnm,
979 4825 1122 4906 iustum,
1174 4823 1208 4889 id
1234 4837 1303 4906 est,
1342 4827 1385 4893 ml
1418 4824 1548 4909 blinm,
1590 4825 1687 4895 hunc
1718 4850 1785 4899 nos
1813 4829 2034 4909 intueamur,
2067 4830 2162 4905 sicut

142 4924 311 5012 indicem,
335 4941 368 4998 et
389 4941 523 5020 patrem
548 4927 625 4996 lesu
652 4923 786 4997 Christi
809 4926 1034 5009 invocamus,
1060 4928 1122 5018 qni
1172 4923 1279 4993 dixit:
1308 4922 1379 5013 Qui
1397 4926 1491 4994 videt
1506 4951 1583 5011 me,
1607 4929 1705 4999 videt
1718 4943 1753 5000 et
1769 4944 1916 5022 patrem.
1967 4929 2075 5001 Hunc
2093 4932 2163 5021 igi.

141 5038 176 5095 et
205 5028 381 5115 pollicitus
411 5043 463 5100 est
498 5030 603 5099 nubis
633 5030 781 5099 salntem
816 5042 961 5117 propter
998 5028 1123 5113 filium,
1171 5038 1232 5093 tur
1244 5021 1358 5093 Deum
1372 5026 1516 5112 invoca,
1545 5029 1683 5120 quise,
1708 5044 1742 5101 et
1765 5055 1827 5121 per
1846 5033 1960 5103 lilium
1983 5036 2161 5124 patefecit,

139 5148 245 5217 quem
267 5129 423 5200 mirabili
445 5144 479 5202 et
502 5129 733 5200 inenarrabili
759 5129 909 5197 consilio
932 5152 997 5219 pro
1016 5131 1122 5200 nobis
1172 5139 1205 5196 et
1232 5124 1503 5216 promissionem
1535 5130 1815 5217 misericordiae,
1863 5149 1898 5205 et
1932 5135 2057 5207 salutis
2094 5161 2160 5227 per

136 5226 315 5301 victimam
337 5234 431 5305 fecit.
492 5233 643 5325 Propter
665 5228 762 5301 hcine
788 5232 916 5301 scimus
938 5244 1032 5301 certo
1056 5254 1121 5301 nos
1170 5227 1287 5317 ipsum
1311 5229 1443 5319 edidit,
1474 5246 1508 5305 et
1530 5247 1674 5325 propter
1701 5258 1782 5307 eunt
1804 5251 1975 5328 praestat,
2000 5241 2083 5311 ideo
2103 5264 2160 5311 se·

135 5330 287 5420 respici,
304 5336 488 5424 exaudiri,
510 5350 545 5408 et
565 5335 715 5423 salvari,
738 5334 868 5407 scimus
890 5326 981 5405 hanc
998 5358 1119 5407 vocem
1169 5330 1302 5425 quitur.
