4522 5782
80 196 119 279 ὓ
309 181 312 185 ’
434 192 519 275 Xll.
569 188 871 279 uuauuarto
898 190 950 269 lli
973 185 1159 271 EVANG.
1184 187 1416 279 loeutus,
1454 188 1564 269 CAP.
1589 193 1700 273 Vlll..
1790 201 1793 208 '
2006 200 2085 279 κοῦ

80 392 142 441 sne
172 366 322 462 lapsum
341 388 467 441 ornnes
493 361 659 441 hemines
678 388 865 460 oppressos
886 388 961 439 esse
982 365 1042 437 in-
1090 361 1187 434 enim
1210 354 1297 435 baec
1318 364 1398 452 odi,
1423 365 1511 437 dicit
1531 366 1711 440 dominns.
1762 361 1841 440 Etsi
1857 380 1975 442 autem
1992 366 2081 446 baec

80 472 159 559 nti,
184 483 221 543 et
239 470 425 543 inerrabili
443 470 496 541 ira
509 465 596 556 Dei,
624 468 664 539 in
686 494 755 562 qua
768 492 899 561 ,magna
915 467 1038 541 multi·
1088 467 1161 537 duo
1185 465 1386 539 testimonia
1411 467 1557 562 qnidam
1577 469 1674 539 sutili
1694 470 1919 544 cavillatione
1935 474 2082 548 eludere

80 575 130 645 do
163 587 336 666 perpetuo
366 595 531 644 mansura
559 586 623 647 est.
675 570 830 645 ,Horum
860 570 1037 641 malorum
1087 580 1281 653 conantur,
1314 583 1434 641 tamen
1457 570 1558 641 firme
1582 593 1677 658 esse,
1707 585 1844 644 certum
1864 586 1928 646 est.
1988 572 2079 648 Fin-

80 675 212 767 gitetio
239 675 333 766 parit
353 670 496 751 Christo
525 675 706 757 dolorem,
739 686 912 767 quantum
936 672 1036 742 nulla
1086 684 1175 760 gunt
1197 669 1302 740 aliam
1321 672 1538 743 voluntatem
1556 671 1595 741 in
1614 672 1689 762 lege
1705 697 1902 767 expressam
1919 699 2012 763 esse,
2039 691 2078 751 et

80 779 245 851 inmens
275 775 460 867 concipere
482 789 608 867 potest.
669 772 896 866 Colligantur
917 788 1034 845 autem
1084 786 1204 843 tamen
1225 774 1439 843 contrariam
1461 773 1498 842 in
1520 789 1638 847 mente
1654 773 1721 847 Dei
1736 800 1822 850 esse.
1870 775 1967 850 Haec
1984 782 2076 851 ima·
2187 812 2193 823 ·

80 901 167 949 ones
194 878 403 969 particulae:
436 873 519 948 Duo
547 877 674 951 tribuit
704 876 847 969 proprie
877 877 1033 956 diabolo,
1083 873 1217 964 ginatio
1241 876 1461 964 repudianda
1483 889 1554 962 est,
1578 900 1664 946 nam
1688 875 1936 950 voluntasllei
1958 881 2076 955 itaest

80 980 279 1051 micidinm
302 992 336 1051 et
355 979 602 1065 mendacium,
626 992 662 1051 et
681 980 813 1050 deinde
834 979 933 1049 addit
955 978 1033 1047 dia·
1084 976 1177 1046 bona
1194 987 1228 1046 et
1242 976 1350 1063 iusta,
1375 992 1409 1051 et
1422 977 1546 1048 volens
1560 973 1657 1049 bunc
1671 980 1853 1066 ordinem,
1877 1005 1980 1074 quem
1997 983 2073 1073 lege

80 1080 165 1155 tom
190 1094 344 1173 patrem,
368 1080 405 1151 id
424 1094 494 1167 est,
519 1104 659 1153 cansam
676 1094 711 1153 et
725 1095 885 1154 autorem
901 1075 1031 1149 horum
1083 1077 1270 1169 exprimit,
1298 1092 1337 1149 ut
1364 1079 1583 1169 impossibile
1612 1081 1659 1152 sit
1680 1105 1757 1151 eam
1782 1082 1893 1164 velle,
1927 1084 2075 1171 efficere,
2182 1172 2185 1177 Α

80 1182 218 1255 dorum
247 1204 334 1257 esse.
401 1176 647 1255 Homicidium
677 1195 747 1269 est,
785 1182 876 1253 velle
904 1205 1031 1252 nocere
1081 1180 1353 1265 adiuvare,aut
1374 1182 1570 1272 approbare
1588 1183 1824 1257 contrarium:
1851 1183 2072 1278 impossibile

80 1285 182 1357 nini
211 1299 334 1356 eontra
359 1284 579 1356 voluntatem
604 1284 696 1371 Dei,
726 1283 950 1355 mendacium
980 1295 1031 1354 est
1081 1282 1259 1353 estDeum
1275 1282 1365 1352 velle
1380 1281 1721 1370 libidinesNerouis,
1738 1287 1798 1355 sed
1817 1298 1868 1357 est
1885 1300 2025 1359 aeterna
2036 1301 2071 1358 et

80 1386 188 1459 ilibet
220 1410 337 1472 error,
368 1386 454 1457 falsa
480 1385 604 1477 opinio
633 1400 668 1458 et
688 1386 775 1456 falsa
799 1384 961 1456 doctrina
985 1386 1030 1454 de
1080 1380 1313 1454 immutabilis
1326 1381 1393 1454 Dei
1410 1385 1584 1470 voluntas,
1606 1387 1696 1456 velle
1713 1387 1917 1463 castitatem.
1960 1386 2070 1477 Quod

80 1512 131 1575 so,
158 1487 301 1559 ‘deinde
326 1488 576 1559 universaliter
600 1487 778 1583 quaelibet
800 1486 959 1578 deceptio
982 1487 1027 1556 ad
1079 1496 1198 1554 autem
1215 1484 1306 1554 mala
1326 1485 1517 1578 permittit,
1544 1489 1763 1561 abscondens
1779 1511 1878 1559 suam
1896 1490 1986 1560 iram
2003 1488 2072 1560 ali-

80 1590 242 1663 eendum
262 1604 479 1681 comparata,
503 1602 548 1671 ut
568 1602 643 1662 tota
664 1585 856 1682 sophistica
875 1602 911 1660 et
928 1611 1029 1683 syco-
1080 1585 1308 1679 quantisper,
1337 1588 1422 1660 satis
1446 1601 1584 1660 constat
1606 1591 1875 1689 permissionem
1897 1615 1972 1662 nou
1995 1614 2071 1662 esse

80 1690 203 1765 antica
222 1691 261 1761 in
279 1691 528 1782 religionibus,
553 1691 592 1762 iu
607 1691 862 1783 gubernatione
880 1703 914 1762 et
930 1713 1027 1759 com·
1079 1687 1170 1758 velle
1204 1688 1374 1780 positive,
1412 1703 1475 1762 ant
1504 1691 1659 1778 efficere,
1697 1693 1755 1763 vel
1786 1692 1971 1776 adiuvare,
2010 1693 2069 1764 vel

80 1792 138 1865 sni
164 1792 250 1866 vita.
300 1792 350 1864 tti
373 1807 457 1866 sunt
479 1794 595 1866 sontes
617 1794 791 1865 malorum
809 1791 970 1862 omnium
989 1790 1026 1860 in
1077 1790 1286 1884 approbare.

80 1892 884 1985 ⁸238001015013‘52stuntffldsscladfflw·
936 1890 1027 1963 Nam
1181 1904 1400 1980 1.Ioan.8.:
1435 1906 1508 1997 Qui
1528 1908 1611 1980 iacit
1632 1924 1831 2002 peccatum,
1862 1934 1903 1982 er
1922 1911 2067 1983 diabolo

98 1991 162 2067 bis
185 1996 371 2088 praecipue
387 1991 640 2091 hietoquitur,
661 2010 697 2069 el
712 1990 965 2081 homicidium,
988 1995 1025 2065 fd
1078 2019 1149 2092 est,
1180 2008 1263 2100 quia
1287 2010 1332 2078 ab
1355 2009 1459 2081 initio
1481 2012 1646 2081 diabolus
1667 2024 1804 2105 peccat,
1836 2013 1872 2083 id
1896 2028 1965 2098 est,
1989 2014 2068 2083 dia-

80 2128 103 2185 ἐι
133 2097 313 2191 cupiditas
336 2098 505 2183 ⁰⁰⁶0¹¹dls
530 2114 565 2171 ‘l
586 2096 715 2170 horum
740 2097 915 2168 m³l⁰fflm
943 2120 1026 2167 ⁶211·
1078 2110 1181 2179 bolus
1211 2124 1263 2181 est
1290 2111 1451 2181 incoator
1476 2113 1629 2207 peccati,
1663 2114 1763 2207 quasi
1787 2115 1898 2185 dicat:
1931 2113 2068 2186 Natura

80 2223 106 2269 n
126 2222 206 2271 esse
226 2199 344 2292 inquit
368 2199 564 2272 diabolum·
620 2198 734 2293 Saepe
755 2212 873 2270 aulem
897 2199 937 2269 in
955 2197 1025 2267 Ec·
1077 2210 1267 2301 spirituum
1294 2225 1328 2281 et
1352 2207 1508 2284 bominis
1527 2215 1671 2286 condita
1692 2215 1760 2286 luit
1784 2239 1803 2285 a
1826 2214 1903 2285 Deo
1923 2217 1992 2307 sic,
2025 2229 2067 2287 ιιι

80 2300 137 2372 uia
161 2301 280 2390 magni
301 2302 475 2373 turnultus
496 2301 609 2399 erorti
632 2315 716 2373 sunt
738 2302 782 2371 de
806 2324 908 2370 causa
925 2299 1024 2370 mall·
1077 2311 1154 2382 Deo
1176 2314 1350 2405 placeret,
1381 2328 1473 2385 recte
1494 2316 1659 2386 ordinata
1683 2331 1790 2400 esset,
1816 2331 1850 2389 et
1874 2318 1955 2389 Deo
1976 2320 2066 2387 obe-

80 2426 154 2473 tm
171 2403 323 2473 ωὸῐῐῐιιθ
337 2404 600 2474 confirmandae
615 2417 699 2474 ⁸1¹¹ss
714 2403 791 2496 piae
806 2416 939 2473 menies
958 2399 1026 2471 l¹⁰⁰
1076 2414 1190 2490 diens.
1241 2414 1310 2486 Sed
1334 2415 1469 2485 diaboli
1492 2417 1656 2488 voluntas
1677 2440 1752 2486 sese
1772 2419 1883 2489 libere
1901 2419 2064 2490 avertite

80 2516 125 2575 ,to
142 2498 301 2591 Christi,
327 2506 422 2597 quod
446 2517 594 2577 testatur
609 2502 724 2575 Deum
745 2527 820 2573 non
845 2527 918 2574 esse
941 2527 1025 2573 cau-
1078 2516 1164 2588 Deo,
1214 2513 1461 2588 flammei„
1478 2531 1527 2588 est
1544 2531 1745 2611 peccatum,
1772 2521 1854 2613 qnia
1873 2522 2064 2591 essinobe.

80 2628 106 2675 n
129 2605 285 2697 peccati,
311 2598 379 2675 hot
401 2620 470 2689 ⁸⁸12
494 2630 611 2700 neque
634 2606 741 2692 velle,
765 2629 1025 2698 nsqueappro·
1076 2617 1209 2688 dieutia
1230 2640 1393 2709 pugnans
1415 2643 1495 2689 cum
1520 2619 1701 2690 voluntate
1717 2619 1803 2704 Dei,
1827 2636 1927 2693 etest
1944 2624 2063 2712 negle-

80 2730 135 2794 Νι
178 2730 297 2800 mque
326 2706 461 2778 efficere
491 2722 691 2801 peccalum,
724 2708 784 2777 8θᾶ
817 2707 1025 2800 ‘impliciter
1077 2719 1167 2810 ctio,
1195 2732 1410 2801 contemtus,
1436 2734 1496 2791 aut
1519 2721 1640 2791 odium
1659 2718 1738 2799 Dei.
1788 2721 1913 2795 Postea
1937 2724 2064 2793 diabo-

80 2822 150 2883 lum
172 2830 250 2878 esse
272 2821 452 2898 peccatum
472 2809 690 2881 avoluntate
707 2808 842 2880 diaboli
859 2823 892 2880 et
907 2802 1024 2878 homi·
1077 2821 1131 2890 lus
1147 2820 1252 2891 etiam
1268 2815 1443 2892 humanos
1456 2822 1656 2894 voluntates
1671 2823 1825 2916 impulit,
1849 2826 1963 2897 offusa
1976 2826 2064 2896 salsa

80 2932 106 2997 l,
128 2933 225 3005 quae
243 2909 355 2979 libere
376 2933 413 2980 se
435 2912 562 2983 averlll
582 2911 711 2983 dDet).
761 2908 859 2981 Haec
882 2922 1023 2980 senlen·
1075 2922 1348 3013 imaginatione,
1373 2925 1822 3021 utseaverteruntafleo,

98 3008 304 3081 firmissime
327 3015 479 3082 tenenda
502 3026 576 3098 est,
603 3035 717 3106 neque
737 3035 895 3105 unquam
918 3013 964 3081 ab
982 3035 1022 3081 ea

80 3112 379 3199 discedendum,
403 3114 542 3184 etiamsi
561 3114 692 3185 alicubi
715 3115 1021 3184 videnturoccur-
1180 3058 1211 3130 1⁸
1229 3053 1402 3228 ¹⁰³⁰?
1442 3055 1734 3227 C⁰⁰flup¹⁸⁰⁰m¹⁸
1764 3059 1881 3131 emh
1909 3085 1983 3181 ¹¹9⁰
2012 3075 2065 3133 ω

80 3236 107 3285 ,ιι
127 3213 247 3297 dicta,
274 3238 365 3309 quae
384 3214 519 3308 aliquid
537 3215 698 3306 caliginis
712 3239 814 3285 verae
828 3215 1022 3286 sententiae
1074 3183 1115 3230 εχ
1137 3172 1255 3251 pm'
1282 3181 1318 3227 δε
1368 3184 1409 3228 ⁰¹
1431 3183 1518 3229 “¹⁰¹¹
1546 3186 1578 3235 ⁰⁸
1628 3161 1711 3232 ΗΜ
1732 3163 2062 3254 ὀκιωῃ’“ῑ’8ρ“’

80 3316 89 3387 Ι
351 3316 361 3335 .
964 3315 974 3334 .
1072 3261 1191 3353 spicue
1216 3273 1251 3334 et
1280 3261 1411 3333 diserte
1441 3261 1581 3359 inquit,
1614 3286 1688 3334 non
1719 3263 1809 3334 oriri
1836 3287 1856 3334 a
1879 3263 1956 3336 Deo
1981 3288 2062 3356 pec·

90 3328 225 3402 neunt,
257 3339 298 3386 ac
326 3317 520 3386 vadendum
551 3331 621 3399 est,
653 3331 693 3390 ut
711 3319 851 3403 dextre,
883 3341 923 3388 ae
946 3339 1022 3386 stne
1071 3377 1199 3436 mum·

80 3412 223 3488 sbistica
241 3416 461 3509 explicentur
474 3418 663 3495 contraria.
1313 3479 1322 3497 .
1401 3479 1410 3498 .
1580 3481 1589 3499 .

127 3517 295 3589 Primum
312 3534 428 3592 autem
445 3520 492 3592 sit
506 3520 643 3591 munita
660 3532 693 3592 et
705 3519 910 3590 confirmata
921 3541 1021 3588 mens
1172 3478 1254 3551 ΗΜ
1276 3496 1381 3599 ΨΜ
1399 3481 1488 3551 ¹¹¹¹¹d
1507 3481 1590 3551 ³dd¹
1602 3495 1722 3602 imm}
1733 3484 1778 3602 af}
1794 3480 1900 3558 ΒΜ·
1915 3477 1968 3554 ⁵⁸²
1994 3480 2063 3555 Per

1073 3606 1186 3655 unum
1204 3578 1387 3652 houunem
1402 3597 1583 3674 peccatum
1600 3598 1738 3656 sntrout
1754 3611 1791 3654 m
1809 3589 1996 3662 mundum.

80 3619 132 3693 tis
147 3621 372 3706 testimoniis,
396 3645 487 3715 quae
502 3623 694 3693 ostendunt
709 3634 889 3711 peccatum
901 3632 1019 3690 ortum

80 3746 120 3807 e,
147 3733 183 3792 et
205 3721 294 3792 oriri
311 3746 385 3792 nou
404 3746 424 3793 a
441 3722 624 3795 voluntate
639 3721 725 3808 Dei,
749 3724 808 3792 sed
827 3744 971 3812 prorsus
987 3732 1019 3789 et
1173 3715 1242 3788 Sed
1267 3717 1417 3786 maxime
1440 3720 1578 3789 illustre
1601 3719 1842 3792 testimonium
1859 3736 1910 3793 est
1926 3723 2060 3793 dictum

80 3823 240 3919 epliciter
269 3825 499 3896 avoluntate
520 3825 656 3897 diaboli
679 3837 714 3897 et
737 3821 912 3907 bominis,
945 3820 1019 3894 Ge·
1073 3813 1181 3888 huius
1200 3817 1283 3891 loci.
1346 3817 1517 3892 tome:
1553 3818 1710 3910 Quando
1733 3822 1892 3917 loquitur
1914 3826 2060 3893 menda-

80 3926 172 3999 s1.:
200 3923 301 3997 Vidit
315 3922 569 4011 Deuscuncta,
593 3927 844 4021 quaelecerat,
869 3940 904 3996 et
920 3936 1020 3995 erant
1072 3921 1189 4006 cium,
1214 3943 1255 3990 ex
1279 3921 1432 4013 propriis
1454 3920 1632 4016 loquitur,
1669 3924 1752 4014 quia
1773 3929 1924 3994 mendax
1946 3939 1997 3994 est
2024 3938 2060 3994 et

81 4028 130 4099 de
162 4026 276 4111 bona,
308 4027 343 4095 id
375 4041 444 4106 est,
478 4026 555 4100 Deo
577 4028 771 4119 placentia,
805 4040 898 4098 recte
921 4026 1020 4098 ordi·
1072 4036 1173 4112 pater
1194 4023 1382 4096 mendacii.
1440 4021 1530 4096 Cum
1553 4024 1602 4094 ait
1625 4029 1665 4094 eir
1688 4027 1859 4116 propriis,
1890 4025 2060 4096 discernit

80 4154 128 4216 a,
154 4125 234 4197 Deo
258 4128 472 4204 obedientia.
522 4127 619 4200 Haec
639 4129 735 4198 enim
750 4128 893 4226 proprie
909 4128 1020 4218 signi·
1072 4148 1128 4194 res
1153 4124 1313 4194 conditas
1338 4148 1358 4193 a
1379 4149 1452 4194 non
1477 4126 1641 4195 conditis.
1692 4126 1825 4196 Natura
1847 4128 2061 4216 spiritusest

80 4229 343 4305 ttvocebulum
365 4231 520 4317 bonum,
544 4255 610 4301 nec
632 4232 743 4304 otiose
765 4230 881 4321 posita
906 4243 960 4300 est
980 4230 1019 4298 in
1072 4248 1128 4296 res
1151 4227 1265 4296 aDeo
1286 4226 1447 4310 condita,
1473 4230 1532 4297 sed
1555 4239 1694 4318 praeter
1711 4222 1803 4296 hanc
1820 4228 1989 4322 quiddam
2009 4242 2061 4299 est
2153 4244 2158 4253 ’

80 4356 131 4407 sse
152 4331 328 4425 particula
349 4333 472 4416 valde,
495 4334 591 4426 quod
617 4333 681 4403 etsi
703 4334 747 4403 ad
772 4354 897 4403 omnes
921 4355 1020 4403 crea·
1072 4327 1255 4420 proprium
1287 4329 1325 4397 iu
1353 4329 1515 4413 diabolo,
1550 4330 1586 4397 id
1615 4339 1686 4409 est,
1719 4352 1792 4397 non
1822 4331 2006 4400 conditum
2039 4356 2061 4400 a

80 4457 125 4507 as
148 4432 322 4526 pertinet,
349 4446 467 4504 tamen
489 4435 640 4505 marime
662 4434 830 4506 describit
844 4428 1021 4503 humanae
1072 4426 1170 4514 Deo,
1205 4429 1367 4499 videlicet
1393 4431 1529 4499 aversio
1557 4452 1575 4497 a
1605 4426 1702 4514 Deo,
1736 4455 1825 4523 quae
1854 4446 1905 4500 est
1934 4433 2061 4502 inobe-

80 4554 177 4609 turae
202 4535 472 4626 praestantiam,
503 4559 593 4629 quae
617 4549 692 4606 erat
715 4536 819 4606 valde
840 4535 957 4617 bona,
981 4534 1018 4604 id
1072 4528 1206 4602 dientia
1232 4553 1393 4621 pugnans
1416 4555 1495 4599 cum
1519 4531 1607 4604 Deo.
1656 4528 1706 4602 Et
1728 4534 1819 4602 clare
1842 4534 1930 4603 dicit
1952 4530 2061 4605 Chri·

82 4694 94 4723 ,
143 4636 250 4706 valde
277 4637 420 4728 placens
448 4634 544 4721 Deo,
586 4638 690 4707 valde
720 4637 848 4708 dilecta
876 4660 898 4706 a
930 4633 1020 4714 Deo,
1073 4646 1165 4717 stus,
1196 4632 1381 4701 diabolum
1402 4654 1476 4701 esse
1498 4648 1633 4725 patrem
1659 4635 1843 4703 mendacii.
1895 4632 2060 4726 Affirmat

80 4739 191 4811 sedita
216 4739 321 4808 donis
342 4739 447 4828 louge
468 4739 718 4828 superantibus
739 4751 940 4830 praesentes
965 4738 1020 4805 vi·
1072 4735 1181 4824 igitur
1209 4733 1433 4802 mendacium
1465 4747 1499 4804 et
1528 4748 1708 4826 peccatum
1737 4759 1812 4805 uon
1842 4761 1915 4806 esse
1941 4761 1960 4808 a
1984 4737 2060 4808 Deo

85 4893 97 4926 ,
125 4840 232 4913 valde
248 4840 432 4926 ordinata,
458 4841 609 4932 perfecte
625 4838 892 4912 obedienslleo.
941 4835 1021 4910 Ad·
1071 4850 1201 4907 ortum.
1228 4886 1230 4890 »
1253 4830 1388 4928 Estque
1411 4849 1589 4926 peccatum
1610 4837 1753 4927 proprie
1771 4840 1907 4908 aversio
1927 4839 2060 4910 intelli-

80 4957 147 5015 net
178 4942 289 5030 igitur
322 4937 409 5014 haec
430 4942 603 5034 particula
625 4967 668 5013 ex
690 4956 824 5037 quanta
847 4941 1019 5031 dignitate
1070 4936 1183 5025 gentis
1211 4949 1359 5006 naturae
1386 4961 1405 5006 a
1436 4934 1531 5021 Deo,
1573 4960 1733 5029 pugnans
1764 4964 1844 5009 rum
1874 4941 1951 5030 lege
1980 4939 2059 5014 Dei.

80 5045 161 5119 ussi
178 5044 302 5116 simus.
400 5100 402 5104 ,
1070 5038 1144 5109 Nec
1173 5052 1332 5128 puguant
1364 5034 1451 5108 baec
1472 5042 1566 5110 inter
1587 5061 1681 5124 sese,
1713 5055 1878 5112 naturam
1903 5039 2058 5112 hominis

126 5145 260 5217 Psalsn.
281 5142 338 5220 5st
365 5143 447 5217 Non
468 5146 569 5217 Deus
592 5145 716 5215 volens
740 5146 956 5237 impietatem
978 5157 1019 5216 tu
1069 5165 1088 5210 a
1113 5136 1188 5209 Deo
1213 5154 1325 5211 ortam
1347 5163 1437 5225 esse,
1471 5155 1505 5211 et
1525 5153 1704 5232 peccatum
1729 5166 1803 5211 non
1830 5167 1903 5214 esse
1925 5169 1944 5211 a
1970 5140 2060 5216 Deo.

124 5240 235 5319 zach.
251 5246 303 5318 8.:
331 5245 470 5316 Malum
496 5263 619 5318 contra
640 5248 845 5337 proximum
859 5271 904 5315 ne
922 5248 1017 5334 cogi·
1071 5239 1164 5330 Quia
1189 5257 1367 5332 peccatum
1385 5255 1437 5312 est
1452 5237 1636 5312 horribilis
1651 5245 1841 5313 destmctio
1858 5243 1998 5334 operis,
2022 5263 2059 5319 et

79 5350 126 5440 is,
144 5362 182 5425 et
195 5348 440 5421 iuramentum
457 5350 585 5424 salsum
602 5372 647 5422 ne
663 5349 831 5441 diligatis.
881 5344 1017 5419 Omnia
1071 5342 1208 5416 ordinis
1231 5343 1367 5432 divini,
1398 5369 1481 5417 vere
1502 5344 1694 5438 displicens
1718 5344 1815 5432 Deo,
1847 5346 1930 5438 quia
1953 5371 2058 5421 suurn
