4522 5782
99 209 229 304 ees·
698 211 822 292 erun
851 211 966 292 unu.
995 209 1205 291 sentem
1233 208 1531 293 arenarios·
1568 176 1578 203 ’“

121 430 160 474 ac
184 410 388 492 sequentes,
430 396 562 478 idest,
596 391 863 483 amplectentes,
902 405 936 463 et
956 391 1109 462 uicissim
1164 405 1198 462 et
1216 403 1334 461 tamen
1349 391 1484 460 servari
1509 414 1605 476 eam,
1637 390 1793 479 restitui,
1820 393 1994 487 eterigid

82 577 86 591 ,
122 509 186 576 ait:
230 501 323 572 Huic
349 497 524 567 Ecclesiae
547 497 688 565 sedare
711 496 819 565 vitam
844 509 1043 580 aeternam,
1078 508 1111 563 et
1165 496 1211 563 ita
1229 493 1403 563 discamus
1420 492 1611 565 sententias
1628 489 1735 565 huius
1751 497 1819 565 loci
1836 501 1879 568 ad
1897 523 1999 569 urum

122 608 222 678 addit
237 603 516 673 consolationem
533 601 576 667 de
592 599 781 669 stabilitate
798 596 984 683 Ecclesiae,
1011 598 1112 691 quasi
1165 598 1318 666 modare.
1371 593 1473 665 Hanc
1491 598 1865 670 commonefactionem
1881 602 1993 671 adieci

123 713 232 781 dicat:
265 706 448 805 Sapientes
472 704 508 770 iu
531 716 625 772 tanta
649 702 857 797 corilusione
880 702 1112 792 imperiorum
1166 701 1398 791 pretationem
1438 701 1569 769 addere
1612 701 1730 772 verbis
1767 703 1918 774 maxime
1949 729 1999 797 pet

30 862 33 868 -
124 813 323 882 existimant
341 830 524 898 nunquam
542 804 730 893 religiones
747 805 783 871 in
800 806 922 872 endem
938 818 1029 872 statu
1049 803 1112 870 diu
1165 826 1238 871 uon
1253 824 1342 892 opus
1357 813 1417 875 est.

123 936 349 1007 permanere,
387 911 447 979 sed
473 907 622 977 subinde
645 907 730 975 alias
754 907 928 995 extingui,
971 920 1003 974 et
1027 905 1112 973 oriri
1269 904 1452 973 Postremo
1478 903 1566 973 illud
1591 906 1724 977 dietum
1757 910 1981 978 observetur:

124 1020 221 1087 alias.
273 1012 364 1083 Cum
390 1023 549 1081 tenerent
564 1003 731 1079 Chaldaei
754 1009 941 1098 imperium
957 1004 1114 1102 Babylo·
1167 1017 1400 1096 paterunum
1424 1030 1559 1077 sumus.
1611 1007 1690 1078 Hoc
1714 1011 1792 1080 loco
1815 1024 1908 1081 certe
1931 1013 1975 1080 de

128 1120 268 1199 uicum,
316 1117 497 1186 colebatur
533 1111 583 1179 ibi
612 1108 715 1194 Baal,
766 1114 887 1200 ¹postea
918 1109 1114 1179 Alexandri
1166 1108 1342 1200 loquitur,
1368 1109 1494 1179 tribuit
1508 1111 1620 1201 patri,
1647 1126 1681 1182 et
1696 1112 1766 1181 sibi
1782 1114 1929 1182 eandem
1949 1138 1999 1204 po*

126 1223 275 1292 victoria
306 1218 425 1287 lovem
450 1211 661 1307 Olympium
695 1213 850 1298 intexit,
890 1228 922 1282 et
954 1237 1008 1282 res
1039 1213 1114 1302 ipsa
1166 1211 1246 1279 ideo
1273 1206 1339 1280 hoc
1362 1212 1494 1281 dictum
1520 1229 1618 1310 recte,
1638 1217 1929 1288 accommodatur
1944 1217 1999 1284 'ad

127 1323 299 1406 ostendit,
338 1320 460 1388 ruinas
483 1339 672 1406 regnorum
696 1313 977 1417 secum-trahere
998 1330 1115 1385 muta-
1168 1314 1334 1381 mandam
1359 1316 1581 1396 doctrinam,
1615 1321 1710 1408 quod
1734 1319 1772 1386 in
1795 1314 1938 1389 Christo
1963 1319 1999 1386 sit

128 1430 243 1497 tiones
276 1423 508 1511 religionum,
549 1432 588 1487 ut
612 1417 755 1487 iuAsia
791 1433 824 1488 et
850 1415 971 1488 Africa
1001 1419 1113 1488 deleta
1167 1415 1308 1499 divina,
1334 1417 1571 1507 omnipotens.
1612 1418 1681 1491 Sed
1704 1421 1831 1490 Ariani
1854 1421 1999 1490 eludeba

125 1525 258 1599 Christi
277 1524 459 1605 doctrina,
493 1534 695 1610 grassantur
717 1515 1115 1590 furoresMahometici.
1167 1518 1410 1605 cavillatione,
1437 1520 1602 1592 dicebant
1617 1523 1842 1595 voluntatum
1857 1524 1996 1594 unitate

124 1629 193 1700 His
209 1629 378 1718 exemplis
395 1639 585 1696 moventur
600 1623 715 1703 multi,
743 1639 784 1694 ut
799 1623 999 1693 existiment
1016 1623 1114 1691 simi·
1168 1620 1281 1690 ficari:
1306 1617 1381 1710 Ego
1399 1636 1433 1692 et
1450 1636 1547 1713 pater
1562 1649 1674 1693 unum
1690 1649 1832 1721 sumus,
1860 1627 1895 1695 id
1913 1639 1983 1710 est,

33 1792 36 1797 .
126 1734 195 1802 lem
213 1724 429 1802 esseChristi
445 1726 655 1810 doctrinam,
683 1739 717 1795 et
733 1726 881 1796 interire
899 1740 938 1795 ut
956 1727 1114 1816 gentium
1168 1724 1248 1804 des,
1282 1722 1375 1790 idem
1400 1725 1576 1811 volentes,
1610 1727 1700 1798 sicut
1723 1729 1817 1797 inlra
1839 1729 1999 1798 diciturt

126 1835 263 1905 deliria.
315 1829 363 1901 Et
388 1830 485 1898 videt
499 1825 662 1897 Christus
677 1829 846 1897 acerrime
866 1853 1021 1919 pugnare
1039 1828 1117 1896 dia·
1168 1827 1212 1894 de
1232 1825 1399 1895 membris
1416 1824 1613 1915 Ecclesiae,
1647 1844 1688 1901 ut
1717 1855 1829 1901 unum
1856 1832 1996 1917 sint,s

125 1937 269 2020 bolum,
295 1947 330 2004 et
349 1934 491 2003 turbare
515 1931 680 2022 imperia,
714 1928 908 2011 Ecclesiae,
943 1933 1116 2018 dogmata,
1169 1952 1281 1998 unum
1304 1938 1445 2013 sumus,
1478 1931 1610 2017 idest,
1642 1947 1682 2004 ut
1705 1934 1780 2004 sint
1802 1935 1999 2003 concordes

126 2040 313 2132 praecipue
331 2033 397 2106 hoc
415 2032 583 2117 consilio,
610 2048 650 2103 ut
664 2032 780 2103 deleat
796 2047 905 2104 totam
923 2030 1115 2104 Ecclesiam
1169 2055 1272 2115 sane,
1299 2031 1488 2103 conveniat
1502 2057 1543 2102 eo
1560 2034 1639 2103 loco
1654 2037 1898 2128 interpretatio
1922 2039 1966 2105 de
1992 2063 1999 2093 t

126 2142 205 2212 Dei.
256 2139 350 2209 Huic
367 2151 464 2208 tanto
482 2135 639 2227 periculo
663 2135 813 2227 opponit
838 2132 931 2205 hanc
955 2137 1133 2206 consola-'
1170 2148 1245 2204 tum
1261 2135 1468 2216 concordia,
1496 2149 1530 2208 et
1553 2162 1632 2207 cum
1659 2138 1728 2208 alia
1754 2135 1944 2208 habeamus
1964 2138 1999 2207 ill

127 2246 277 2316 tionem:
319 2239 431 2310 Nemo
456 2239 568 2329 rapiet
592 2261 648 2307 eas
676 2240 720 2306 de
743 2263 852 2308 manu
886 2264 984 2331 mea,
1026 2239 1119 2311 sicut
1170 2251 1204 2308 et
1227 2237 1384 2305 firmiora
1412 2237 1634 2331 testimonia,
1673 2265 1763 2333 quae
1786 2241 1878 2310 clare
1900 2240 1999 2310 docet

125 2349 212 2415 alias
227 2343 330 2413 dicit:
357 2340 404 2414 Et
421 2355 540 2434 portae
563 2340 758 2410 inferorum
775 2338 848 2409 no'n
865 2343 1118 2430 praevalebunt
1169 2354 1352 2410 aeternum
1368 2341 1530 2430 genuisse
1553 2355 1774 2413 coaeternam
1797 2343 1999 2432 imaginem,

126 2451 400 2518 adversuseam.
452 2441 557 2512 ltem:
597 2438 673 2532 Ego
697 2444 879 2511 vobiscum
904 2465 982 2511 sum
1006 2467 1116 2537 usque
1170 2456 1204 2513 et
1236 2435 1333 2511 hune
1370 2457 1489 2534 postea
1526 2445 1726 2515 assumsisss
1763 2441 1999 2516 humanamr

125 2554 169 2620 ad
200 2545 542 2619 consummationem
571 2545 691 2617 seculi.
751 2543 828 2615 Hae
861 2546 1055 2616 sententiae
1084 2561 1118 2618 et
1170 2543 1454 2615 contentisimus
1476 2546 1550 2615 illis
1573 2547 1803 2635 testimoniis,
1836 2562 1870 2619 et
1893 2549 1995 2618 firmo

125 2657 164 2722 in
188 2649 253 2721 hac
276 2651 346 2719 vita
371 2671 573 2716 mansuram
607 2669 680 2715 esse
702 2644 894 2717 Ecclesiam
928 2646 1117 2741 affirmant,
1169 2671 1209 2717 ea
1227 2660 1418 2717 teneamus.
1470 2647 1564 2720 Satis
1584 2664 1747 2738 argutum
1770 2665 1839 2732 est,
1872 2652 1999 2747 quode

22 2767 29 2774 '
125 2769 159 2826 et
178 2757 220 2823 de
239 2753 333 2822 exitu
352 2775 393 2821 ex
412 2745 478 2818 hac
495 2749 566 2818 vita
581 2750 729 2834 docent,
763 2772 828 2819 nos
850 2748 1117 2822 afilioDeire-
1170 2771 1238 2819 nus
1254 2749 1357 2820 dicit:
1395 2748 1509 2838 Quia,
1534 2753 1671 2846 inquit,
1704 2776 1768 2844 ego
1794 2766 1829 2823 et
1853 2767 1950 2846 pater
1969 2778 1999 2822 ut

125 2857 214 2950 cipi,
241 2852 800 2925 etadversusdiabolosdelendi.
1170 2874 1267 2937 mus,
1310 2853 1398 2922 duas
1430 2853 1597 2945 exprimit
1626 2879 1816 2947 personas,
1859 2869 1894 2926 et
1922 2880 1999 2948 quot

161 3022 165 3030 ,
227 2954 330 3026 Hanc
346 2956 455 3046 igitur
475 2954 754 3023 consolationem
773 2954 959 3043 infigamus
976 2956 1116 3038 animis,
1170 2978 1302 3036 unum,
1329 2978 1404 3024 non
1420 2980 1533 3043 unus,
1558 2956 1731 3028 unitatem
1750 2958 1921 3049 significat
1938 2982 1999 3027 esst

124 3076 158 3133 et
174 3063 243 3130 iam
261 3083 338 3128 eam
353 3058 390 3126 in
408 3056 650 3148 praesentibus
666 3056 832 3147 periculis
857 3059 961 3127 nobis
986 3084 1117 3152 propo·
1273 3054 1367 3127 lllud
1392 3059 1497 3130 etiarn
1521 3060 1761 3130 adiiciendum
1783 3075 1851 3146 est,
1897 3061 2000 3158 dispu

124 3185 270 3246 namus,
295 3161 458 3229 'videmus
479 3157 618 3228 'l'urcos
642 3158 803 3250 quotidie
826 3159 930 3229 latius
956 3163 1117 3250 grassari,
1169 3159 1280 3229 multa
1296 3162 1340 3229 de
1357 3161 1527 3232 electione
1546 3177 1689 3255 propter
1706 3157 1841 3233 Christi
1858 3162 1992 3232 dictum

124 3269 285 3334 videmus
307 3261 396 3332 oriri
417 3262 591 3332 turnultus
614 3263 814 3351 principum
832 3256 1027 3345 Christiani
1052 3290 1118 3334 no·
1170 3262 1283 3353 rapiet
1299 3286 1355 3331 eas
1373 3267 1417 3333 de
1433 3288 1543 3334 manu
1559 3288 1655 3351 mea,
1680 3290 1745 3336 nec
1760 3266 1922 3358 displicet
1936 3261 1999 3333 mil

123 3369 232 3438 minis
247 3368 341 3436 inter
357 3376 450 3449 sese,
482 3361 902 3456 perniciososEcclesiis,
937 3380 972 3436 et
994 3368 1116 3436 defen·
1170 3364 1352 3434 electionis
1375 3365 1539 3437 firmitate
1562 3364 1654 3453 dici,
1694 3370 1755 3438 sed
1779 3371 1826 3440 ita
1848 3363 1934 3437 haec
1956 3380 1999 3436 tra

122 3468 218 3541 sores
235 3469 414 3538 idolorum
429 3465 696 3558 pontificiorum
722 3468 849 3536 ardent
881 3469 1117 3538 acerbissimis
1171 3490 1244 3537 non
1263 3482 1303 3537 ut
1317 3468 1506 3539 misceatur
1529 3471 1677 3540 stoicum
1694 3467 1828 3556 fatum,
1852 3472 1912 3539 sed
1937 3484 1999 3540 uta

123 3572 215 3650 odiis
231 3573 400 3641 adversus
415 3568 512 3660 pios,
540 3582 660 3640 vetant
677 3568 1117 3662 propagariEvangelium,
1169 3570 1282 3641 turin
1299 3571 1403 3640 nobis
1426 3571 1523 3640 fides.
1573 3570 1690 3643 Simul
1715 3568 1802 3643 haec
1824 3573 1997 3643 sententia

121 3691 155 3747 et
171 3674 301 3745 multos
317 3667 485 3744 honestos
502 3665 665 3741 homines
680 3673 872 3743 crudeliter
887 3672 1115 3747 interficiunt.
1169 3672 1283 3743 ctrina
1303 3674 1348 3741 de
1369 3673 1558 3756 electione,
1589 3689 1623 3746 et
1645 3676 1832 3765 promissio
1856 3700 1920 3745 nos
1936 3699 1999 3744 con

121 3778 219 3869 Quid
246 3776 284 3845 in
304 3770 361 3846 his
385 3773 593 3865 spectaculis
614 3762 711 3845 aliud
735 3776 888 3867 cogitare
912 3791 1025 3868 potest
1047 3772 1116 3848 hu·
1167 3772 1407 3846 De'electione
1424 3779 1547 3860 docet,
1578 3799 1652 3846 esse
1676 3780 1855 3871 quandam
1881 3777 1999 3846 elector

118 3904 224 3950 mana
245 3876 362 3949 ratio?
396 3876 465 3947 nisi
488 3877 594 3968 paulo
618 3892 695 3968 post
721 3902 838 3948 veram
860 3880 1059 3950 doctrinam
1082 3893 1116 3952 et
1168 3876 1331 3962 clesiam,
1374 3903 1480 3972 quam
1503 3876 1600 3949 Deus
1624 3904 1696 3948 non
1722 3881 1815 3951 sinet
1838 3901 1856 3948 a
1879 3905 1916 3949 se
1941 3904 1999 3949 ave

119 3984 236 4055 studia
269 3978 377 4051 huius
407 3979 591 4050 doctrinae
620 3981 783 4050 funditus
814 3981 1000 4053 interitura
1031 4005 1115 4052 esse.
1168 3973 1255 4049 haec
1278 3981 1440 4050 omnium
1463 3995 1532 4066 est,
1572 3983 1746 4075 quivere
1778 3984 1927 4051 credunt
1952 3979 1999 4052 Er

120 4085 189 4156 Sed
207 4098 330 4155 contra
355 4077 447 4154 hanc
471 4076 665 4153 humanam
688 4083 995 4155 ratiocinationem
1019 4087 1115 4176 eogi-
1167 4095 1229 4152 aut
1258 4083 1347 4174 lapsi
1373 4108 1495 4154 rursus
1525 4097 1782 4155 convertuntur
1806 4085 1848 4153 ad
1873 4081 1999 4167 Deum,

119 4201 233 4257 temus
259 4183 350 4256 hanc
374 4209 512 4256 vocem:
561 4181 675 4254 Nemo
706 4186 823 4277 rapiet
851 4209 909 4256 eas
931 4189 976 4256 de
1004 4211 1113 4258 manu
1167 4185 1607 4276 deuntadEvangelium,
1641 4187 1690 4256 sic
1715 4189 1890 4256 enimnns
1910 4211 1999 4256 exve

118 4314 206 4362 mea.
258 4285 461 4378 Cogitemus
480 4287 563 4358 item
583 4286 774 4357 Ecclesiam
792 4312 929 4380 semper
945 4291 1112 4361 adversus
1166 4287 1500 4382 iudicareoportet,
1524 4289 1999 4380 omnibusuniversaliterp

118 4393 251 4461 similes
274 4391 401 4458 muudi
423 4393 562 4460 sorores
585 4390 797 4462 mirabiliter
822 4393 1001 4462 defensam
1026 4416 1111 4476 esse,
1165 4403 1241 4469 tur,
1268 4391 1601 4462 utaudiantfilium
1618 4388 1696 4460 Dei.
1747 4388 1811 4462 Est
1827 4405 1861 4462 et
1875 4392 1999 4482 promit

117 4508 157 4566 ut
172 4518 252 4565 cum
271 4493 308 4559 in
324 4487 484 4584 Aegypto
500 4495 654 4564 edictum
676 4518 695 4563 a
713 4516 794 4583 rege
818 4493 1040 4585 propositum
1057 4518 1112 4564 es·
1164 4493 1234 4561 tiae
1252 4493 1483 4580 universalis,
1508 4508 1542 4563 et
1560 4493 1777 4585 praecipitur
1791 4494 1978 4575 omuibus,

117 4611 186 4681 set,
219 4609 258 4664 ut
284 4617 406 4664 recens
431 4595 518 4664 editi
541 4595 655 4664 loetus
680 4609 909 4676 necarentur,
942 4609 976 4666 et
998 4610 1109 4667 tenta·
1164 4594 1349 4686 accipiant.
1402 4594 1498 4667 Haec
1522 4609 1605 4666 sunt
1627 4620 1708 4665 vera
1732 4610 1765 4667 et
1782 4597 1901 4666 firma:
1935 4595 1999 4665 Cer

114 4714 241 4771 rentur
262 4719 387 4766 omnes
408 4695 484 4764 viae
508 4699 689 4786 premendi
711 4714 744 4768 et
761 4700 902 4768 delendi
920 4699 1044 4798 populi
1060 4697 1110 4768 ls-
1164 4691 1408 4785 Pharaonem,
1433 4699 1595 4790 Saulem,
1631 4695 1774 4784 ludam,
1797 4720 1871 4770 ‘sua
1896 4700 1999 4769 volun

114 4803 190 4874 rael
216 4800 319 4871 annis
343 4799 645 4888 totisnetoginta,
679 4813 799 4870 tamen
815 4800 1109 4872 Deusmirabili-
1163 4821 1320 4890 pugnare
1336 4801 1478 4871 vocanti
1500 4797 1596 4887 Deo,
1632 4803 1692 4894 qrri
1716 4804 1821 4873 toties
1844 4823 1903 4872 eos
1925 4803 1999 4870 adn

114 4921 168 4978 ter
183 4928 259 4976 eam
276 4916 414 4992 gentem
431 4900 582 4969 servavit
591 4952 604 4985 ,
631 4915 665 4970 et
680 4903 795 4986 auxit,
822 4905 982 4974 defendit
995 4919 1028 4975 et
1046 4929 1111 4995 po·
1163 4917 1427 4978 convertantur.
1479 4900 1568 4973 Cum
1594 4903 1702 4992 igitur
1719 4907 1878 4974 volentes
1901 4906 1996 4994 repel

114 5025 187 5082 stea
210 5009 250 5077 in
273 5008 430 5089 deserto,
463 5005 546 5073 item
574 5004 612 5071 in
634 5003 740 5071 exilio
755 5002 986 5098 Babylonico.
1041 5006 1110 5076 De·
1162 5017 1299 5073 cautem
1313 5001 1449 5089 Deum,
1475 5007 1616 5074 tandem
1633 5021 1740 5077 ruunt
1761 5008 1798 5076 in
1827 5020 1985 5077 aeternas

112 5113 221 5207 nique
239 5122 310 5181 tota
326 5102 474 5177 historia
492 5101 668 5174 Ecclesiae
693 5106 777 5173 inde
801 5131 912 5199 usque
937 5111 982 5176 ab
1003 5109 1108 5178 initio
1161 5105 1245 5176 Nou
1263 5105 1372 5196 igitur
1388 5109 1564 5200 pertinent
1587 5110 1632 5178 ad
1656 5108 1846 5180 electorum
1872 5133 1999 5178 numer

111 5216 237 5283 mnndi
267 5211 425 5281 eontinet
456 5203 562 5277 huius
584 5208 722 5296 generis
753 5211 911 5300 exempla
943 5211 1109 5299 plurima,
1161 5232 1265 5279 causa
1281 5205 1380 5282 elisii
1403 5224 1475 5281 tota
1498 5212 1536 5280 in
1561 5212 1647 5302 ipsis
1671 5227 1731 5281 est.
1786 5209 1836 5282 Ar
1850 5212 1987 5297 David,

110 5315 405 5408 qrraeostendunt
421 5307 615 5380 Ecclesiam
633 5311 773 5381 assidue
790 5312 923 5407 versari
948 5312 986 5381 in
1011 5314 1107 5405 peri·
1160 5309 1312 5394 Paulus,
1339 5313 1479 5386 vocanti
1495 5311 1571 5383 Deo
1596 5337 1668 5381 non
1695 5327 1911 5405 repugnant,
1948 5318 1999 5384 see

107 5417 216 5508 culis,
243 5439 333 5510 quae
348 5409 516 5485 humanis
534 5413 693 5518 consiliis
709 5414 836 5486 discuti
853 5437 927 5485 non
943 5428 1105 5510 possunt,
1159 5413 1322 5503 tiuntnr,
1350 5442 1391 5488 ac
1407 5415 1564 5487 moventi
1580 5412 1733 5509 Spiritui
1751 5431 1871 5489 sancto
1891 5420 1999 5490 obten
