4522 5782
119 200 221 282 tm
334 196 377 269 -i'
411 204 427 257 -'

120 374 258 449 esan·
270 370 371 467 loqrri
386 364 527 441 de'vers
542 365 774 437 conversione
790 364 834 436 sd
851 352 985 447 Deum,
1006 380 1113 455 qoam

125 479 254 561 usitate
277 475 437 545 novivinat
453 469 610 542 Ecclesia
629 466 909 550 poenitentiam,
932 464 1034 535 enies
1049 458 1114 531 has

124 591 241 669 pestes
256 599 329 646 esse
342 572 778 653 dicimusContritionem,
791 565 917 637 Fidem
931 579 968 663 et
981 586 1111 635 novam

123 676 392 753 sshsdientiam.
443 672 622 745 Goutritio
639 668 698 741 liic
713 670 930 759 significatur
951 662 1009 735 his
1032 687 1110 735 ver·

127 782 200 849 bis-t
241 779 379 849 Exnere
409 798 537 864 corpus
564 786 813 863 peccatorum,
848 768 1112 867 mortiheari·et

127 881 338 971 consepeliri
355 902 435 947 eum
451 875 605 947 Christo.
626 916 630 921 -
656 873 908 963 significantur
928 892 1011 958 ergo
1035 867 1111 937 v'eri

126 1002 277 1071 pavores
302 994 336 1051 et
361 982 520 1061 doleres,
559 976 681 1069 quales
705 988 791 1045 sum
811 974 849 1040 in
880 970 1111 1041 conversione

125 1106 208 1153 eum
229 1084 278 1153 liu
311 1081 491 1169 agnitione
521 1086 743 1167 peccatorum
769 1077 921 1145 sentitur
947 1073 1000 1143 ira
1030 1068 1110 1153 Dei,

124 1185 217 1255 sieut
239 1186 386 1252 dicitur:
410 1182 509 1251 Sicut
535 1179 589 1248 leo
606 1177 773 1247 contrivit
791 1176 912 1245 omnia
929 1196 1007 1243 ossa
1022 1194 1110 1240 mea.

63 1332 72 1343 -
126 1284 341 1376 Qttanquam
358 1283 453 1351 euim
472 1304 543 1348 tion
560 1293 642 1347 sunt
658 1278 791 1346 similes
805 1278 844 1345 iu
860 1277 1028 1346 omuibus
1043 1276 1108 1342 do·

125 1386 402 1475 lorumlgradus‚
420 1397 535 1451 tamen
552 1383 590 1448 iu
604 1381 834 1449 conversione
850 1379 1004 1469 aliquam
1023 1398 1108 1444 ron·

125 1486 307 1555 tritionem
336 1484 567 1553 necessariam
595 1502 668 1550 esse
693 1504 766 1548 uon
791 1481 941 1549 dubium
965 1490 1036 1557 est,
1068 1487 1108 1545 ut

123 1584 256 1656 tentae
277 1586 339 1657 66.
367 1587 515 1656 dicitur:
555 1581 612 1652 Ad
634 1606 739 1676 quem
763 1581 946 1671 respiciam
970 1579 1038 1648 uisi
1063 1579 1107 1645 acl

123 1690 315 1759 contritum
340 1701 375 1757 et
397 1681 623 1756 humiliatum
654 1684 809 1772 spiritu,
843 1695 877 1750 ει
899 1692 1107 1753 trementem

123 1812 303 1861 sermones
324 1809 430 1857 meos.
489 1784 536 1854 lit
560 1780 596 1853 hi
620 1807 766 1874 pavores
798 1796 830 1853 et
853 1785 995 1851 dolores
1023 1794 1108 1850 tunc

123 1905 227 1980 sunt,
254 1888 455 1959 mortificari
470 1901 505 1957 et
521 1886 660 1976 sepeliri
676 1909 755 1953 etim
770 1880 936 1969 Christo,
961 1907 1042 1953 cum
1058 1884 1107 1951 si·

121 1993 197 2059 mul
213 2004 297 2061 strnt
312 1992 414 2059 initia
430 1990 533 2071 fidei,
559 2011 648 2081 quae
671 1986 753 2057 iacit
777 2000 816 2056 ut
834 1987 977 2057 doleant
998 1986 1107 2056 corda

122 2113 160 2161 se
184 2092 374 2162 offendisse
399 2091 535 2170 Deum,
575 2102 615 2159 ut
647 2111 720 2157 non
752 2089 905 2157 fremant
938 2093 1107 2157 adversus

122 2215 222 2279 enm,
257 2196 317 2263 sed
348 2192 558 2280 confugiunt
580 2192 624 2259 ad
651 2214 730 2258 eum
767 2203 910 2282 propter
936 2191 1108 2258 mediato-

118 2318 208 2366 rem.
272 2291 324 2364 ita
351 2290 409 2364 hic
435 2293 545 2364 dicit:
577 2291 671 2360 Estis
695 2292 822 2381 sepulti
850 2316 930 2363 cum
953 2288 1109 2372 Christo,

120 2396 254 2465 scilieet
276 2396 315 2463 in
341 2392 406 2465 hac
437 2397 527 2473 vita,
560 2418 657 2461 nurse
692 2395 778 2461 iacet
805 2388 891 2462 haec
915 2409 1040 2465 natura
1070 2394 1107 2459 iu

118 2497 305 2565 doloribus
327 2497 420 2567 etin
444 2518 563 2576 cruce,
589 2518 663 2563 non
690 2508 812 2582 regnat
835 2495 1016 2565 furoribus
1040 2496 1108 2562 ‹lu-

118 2597 334 2666 bitationum
364 2611 399 2667 et
429 2596 596 2667 salsarum
621 2596 833 2686 opinionum
854 2610 887 2666 et
919 2620 1106 2686 pravarum

118 2698 371 2789 cupiditatum,
402 2698 520 2790 qualia
539 2698 628 2767 mala
645 2712 792 2786 regnaut
807 2699 845 2765 iu
862 2697 992 2789 impiis.

221 2828 355 2927 Estque
387 2834 577 2922 diligenter
598 2832 854 2901 consideranda
881 2830 1023 2901 collatio
1052 2855 1105 2901 se-

120 2935 284 3027 pulturae
317 2931 451 3007 Christi
485 2936 527 3003 ad
558 2948 773 3024 praesentem
809 2935 917 3005 vitam
942 2934 1104 3004 omnium

119 3038 260 3127 piorum
286 3037 324 3104 in
348 3034 516 3106 Ecclesia.
587 3033 679 3104 lacet
702 3038 740 3103 iu
766 3032 831 3107 hac
854 3036 923 3104 vita
949 3032 1105 3104 Ecclesia

118 3142 185 3207 sub
211 3162 313 3211 cruce
333 3152 366 3206 et
391 3138 591 3218 doloribus,
619 3150 656 3205 ut
680 3132 844 3208 Christus
868 3138 906 3204 iu
931 3137 1105 3227 sepulcro,

118 3251 302 3331 expectans
320 3241 489 3328 integram
509 3238 711 3306 novitatem.

220 3369 328 3457 Quod
350 3384 466 3440 autem
491 3371 527 3436 iu
553 3371 706 3440 secundo
731 3384 831 3463 parte
858 3374 1104 3442 conversionis

117 3473 245 3543 usitate
264 3473 428 3558 ponimus
444 3472 566 3551 fidem,
593 3471 629 3537 id
656 3473 809 3541 sumitur
833 3497 873 3541 ex
896 3473 982 3541 locis
1002 3472 1102 3544 Paub

117 3571 224 3643 Rom.
244 3570 279 3644 6‘.
303 3586 336 3643 et
358 3567 462 3654 hinc,
488 3574 549 3640 ubi
573 3572 835 3641 mortificationi
852 3575 997 3644 additur
1012 3576 1102 3643 vivi·

116 3674 245 3759 ficatio,
271 3698 360 3767 qnae
379 3673 416 3743 ht
431 3673 509 3757 fide,
532 3673 628 3742 iuxta
646 3675 797 3743 dictum:
824 3673 940 3745 iustus
956 3677 1024 3743 lide
1039 3700 1102 3747 sua

119 3776 225 3851 vivet.
289 3774 372 3843 Non
405 3776 500 3843 enim
536 3778 749 3843 manendum
783 3790 832 3844 est
866 3777 904 3843 in
930 3791 1043 3846 morte
1070 3797 1103 3851 et

117 3889 258 3947 aeterua
283 3878 383 3961 iuga,
419 3878 480 3945 sed
505 3877 583 3945 ideo
605 3875 846 3946 convertimur
868 3892 907 3948 ut
930 3879 1102 3961 vivamus,

118 3977 215 4047 iuxta
233 3981 383 4047 dictum:
413 3976 503 4046 Vivo
520 4001 602 4065 ego,
628 3979 711 4045 uolo
737 3992 884 4046 mortem
900 3983 1101 4068 peccatoris,

116 4084 175 4147 secl
194 4095 233 4149 ut
250 4093 474 4148 cottvertatur
490 4093 523 4149 et
538 4080 643 4147 vivat.
693 4077 750 4146 Fit
765 4093 880 4147 autem
899 4081 1101 4163 vivificatio,

116 4180 204 4250 sieut
225 4183 295 4249 iam
318 4181 452 4249 dictum
474 4194 543 4263 est,
577 4177 664 4247 Fide
681 4204 771 4270 quae
787 4176 1022 4270 apprehendit
1046 4208 1102 4252 re-

116 4282 320 4349 missionem
348 4294 568 4371 peccatorum
595 4294 631 4350 et
654 4282 988 4355 reconciliationem.
1054 4284 1101 4355 El

116 4380 154 4450 fit
172 4383 380 4451 nominatim
397 4381 529 4449 mentio
547 4382 626 4449 fidei
651 4382 688 4449 in
715 4383 875 4450 doctrina
898 4387 1101 4455 conversio-

115 4483 249 4551 nissen
267 4485 522 4568 poenitentiae,
548 4498 584 4553 ut
612 4496 747 4551 taxetur
766 4478 935 4554 horribile
953 4490 1100 4557 menda-

116 4582 212 4653 cium
235 4582 478 4672 Papistarum,
504 4585 566 4676 qui
587 4585 710 4653 dicunt
726 4588 943 4655 manendum
967 4612 1039 4657 esse
1062 4591 1099 4657 iu

114 4685 346 4768 dubitatione,
364 4683 1098 4774 etomniuosilentioobruunthaucfidem,

114 4810 183 4878 quo
200 4790 424 4858 statuendum
440 4802 509 4872 est,
538 4789 602 4857 tibi
621 4789 658 4855 in
681 4789 912 4859 conversione
937 4814 1017 4859 vere
1043 4816 1098 4860 re-

113 4888 206 4956 mitti
232 4906 429 4978 peccatum,
461 4904 495 4958 et
520 4901 654 4958 terere
679 4890 834 4978 reputari
855 4890 1007 4969 iustum,
1032 4894 1096 4961 do-

114 4991 191 5057 nari
208 4989 344 5079 Spiritu
360 5003 479 5059 sancto
497 5003 531 5059 et
548 4985 762 5060 haereditate
777 4991 870 5061 vitae
884 5007 1055 5062 aeternae.

214 5122 391 5193 Attrihuit
410 5136 525 5192 autem
546 5123 816 5192 vivificationem
842 5126 954 5196 nostri
978 5150 1097 5195 resur·
1120 5114 1124 5139 ¹

112 5225 260 5294 rectioni
300 5223 459 5308 Christi,
509 5225 700 5315 inquiens:
741 5224 857 5295 Simul
900 5230 1096 5298 resuscitati

111 5327 194 5393 estis
221 5349 283 5417 per
306 5328 432 5409 tidem,
472 5326 577 5394 simul
606 5326 797 5397 vivificavit
829 5350 891 5397 vos
924 5352 1004 5398 cum
1043 5356 1097 5399 eo.

503 196 512 243 ι
567 242 570 249 .
642 216 646 223 ·
682 186 686 197 ’
717 190 854 265 ῬΗ-ΙΙ.
879 182 998 265 ME!-
1021 178 1558 265 scuterbttxmsttctt.

2048 194 2140 273 {tros

1165 354 1453 445 Quis'Chu'stus
1489 364 1724 435 resuscitetur·
1739 364 1794 437 sic
1817 360 1978 456 regnat,
2018 381 2058 439 nt
2077 370 2139 440 rol·

1166 458 1251 547 ligat
1267 482 1270 487 ·
1286 474 1464 533 aeternam
1500 460 1695 535 Ecclesiam
1726 491 1815 539 vace
1847 466 2068 559 Evangelii,
2104 472 2141 545 sit

1166 559 1205 627 in
1228 582 1269 629 ea
1288 563 1432 648 ellimx,
1471 565 1624 635 vivilicet
1649 591 1746 653 eam,
1784 572 1847 641 det
1874 569 2055 660 Spiritum
2073 594 2140 643 san·

1163 674 1279 744 ctum,
1304 679 1338 732 et
1355 666 1567 735 mirabiliter
1585 683 1742 757 protegat
1764 686 1941 741 reservet
1959 696 2040 741 eam
2063 672 2139 743 iuter

1164 757 1353 833 horribiles
1369 768 1595 837 cousttsioues
1610 784 1644 840 ει
1660 772 1822 841 tenebras
1836 774 1988 863 generis
2001 768 2140 849 homini.

1164 864 1217 931 Ac
1243 890 1401 955 expresse
1423 868 1527 952 dicit,
1555 871 1629 938 fieri
1654 868 1745 943 hanc
1770 874 2055 953 vivificationem
2074 876 2141 960 hdr,

1163 977 1196 1033 et
1230 959 1322 1037 hanc
1351 970 1454 1037 fidem
1494 994 1566 1039 esse
1595 986 1728 1045 mutum
1763 975 1947 1046 divinitus
1977 1000 2142 1047 ascensum

1162 1065 1353 1154 significat,
1379 1072 1542 1155 comsit,
1568 1071 1690 1141 Fidem
1705 1098 1780 1145 esse
1794 1076 2092 1163 efficaciamllei,
2111 1079 2141 1149 it
2174 1070 2176 1129 i

1162 1182 1234 1251 est,
1260 1194 1330 1261 qua
1347 1170 1443 1241 Deus
1458 1187 1510 1241 est
1526 1174 1657 1245 clhcax.
1711 1175 1837 1247 Postea
1856 1178 2030 1267 pluribus
2042 1179 2141 1249 verbis

1162 1271 1309 1337 eandem
1324 1272 1536 1345 senteutiam
1552 1280 1596 1341 de
1613 1279 1847 1348 conversione
1861 1276 2003 1349 Paulus
2019 1281 2142 1371 repetit:

1160 1364 1281 1438 Eratis
1305 1376 1456 1453 mortui,
1491 1376 1625 1466 inquit,
1658 1394 1804 1469 propter
1827 1395 1978 1477 peccata
2005 1396 2037 1449 et
2059 1406 2143 1472 proe-
2174 1408 2177 1491 i

1162 1472 1321 1561 putium,
1356 1475 1391 1541 iu
1417 1488 1488 1557 est,
1522 1496 1665 1567 propter
1688 1494 1855 1551 naturam
1876 1483 2100 1559 immundam
2117 1496 2142 1563 rt
2174 1498 2177 1557 Ι

1163 1595 1277 1658 rearu,
1309 1576 1423 1666 qualis
1456 1596 1644 1667 propagata
1668 1599 1719 1651 est
1750 1584 1989 1670 generatione
2016 1584 2141 1655 casuali.

1160 1670 1285 1742 Talem
1322 1691 1483 1745 naturam
1517 1681 1736 1751 ituruuntlam
1764 1697 1800 1753 et
1833 1708 1935 1753 ream
1972 1680 2142 1757 ltahcttirnt

1161 1790 1340 1863 peccatum
1366 1779 1514 1867 originis
1543 1783 1704 1853 nominat
1733 1782 1987 1877 Praeputiurn.

1161 1934 1209 2009 Al
1230 1965 1327 2013 nunc
1349 1938 1528 2035 vivificati
1541 1943 1629 2017 estis
1644 1941 1737 2016 dola
1755 1947 1979 2021 remissione
1994 1950 2137 2023 omniun

1279 2054 1508 2142 peccalorum
1525 2056 1556 2116 cl
1573 2042 1688 2117 deleto
1703 2042 1966 2150 chirographo
1979 2058 2045 2126 etc.

1263 2178 1304 2249 lu
1319 2178 1375 2253 his
1388 2182 1505 2252 verbis
1519 2194 1554 2252 et
1572 2183 1845 2275 imputationem
1864 2188 2031 2263 iusticias
2047 2206 2079 2264 et
2096 2192 2136 2260 vi·

1161 2278 1396 2353 vilicationem
1426 2285 1684 2376 complectitur.
1758 2286 1853 2358 Nam
1879 2296 1928 2361 ad
1953 2294 2137 2386 imputatio·

1160 2406 1241 2450 nem
1257 2384 1415 2454 iusticias
1433 2387 1584 2476 pertinet
1605 2389 1640 2455 id
1668 2392 1762 2481 qnod
1779 2390 1851 2476 ait,
1871 2396 1999 2465 omnia
2019 2410 2136 2488 peccate

1160 2484 1394 2555 renuissacsse
1417 2488 1534 2575 gratis.
1585 2486 1725 2559 Deinde
1747 2491 1867 2578 addit,
1902 2498 2061 2567 deletum
2080 2520 2137 2567 esst

1159 2578 1455 2679 chirographum,
1487 2591 1616 2675 idest,
1646 2594 1858 2662 seutentiam
1884 2599 2139 2670 condemnatio·

1160 2685 1235 2766 uis,
1262 2712 1352 2780 qliae
1367 2703 1417 2757 est
1433 2691 1613 2759 conclusio
1629 2717 1670 2761 ex
1693 2693 1769 2781 lege
1797 2696 1939 2769 diviua.
1995 2698 2077 2771 ldeo
2090 2703 2138 2770 ad·

1159 2790 1230 2869 dit,
1252 2787 1538 2881 Chirographum
1557 2808 1677 2863 contra
1697 2796 1897 2867 uos-fuisse
1925 2824 1992 2889 per
2009 2805 2139 2886 dmrcts,

1159 2889 1290 2972 idest,
1318 2916 1379 2981 per
1403 2894 1525 2981 legem.
1590 2896 1650 2964 stc
1681 2897 1850 2968 discernit
1876 2894 2140 2996 chirographon

1158 3015 1177 3060 a
1204 2994 1280 3081 lege
1311 3008 1480 3084 tanquam
1513 2996 1777 3065 cosrclusionem
1807 3022 1827 3068 a
1856 3007 2139 3091 praecedentibus

1158 3096 1470 3184 propositionibus.
1524 3096 1614 3164 Nam
1642 3099 1813 3169 iudicium
1840 3107 2084 3178 conscientiae
2101 3120 2139 3178 est

1157 3197 1292 3283 integer
1313 3197 1536 3289 syllogismus
1557 3200 1731 3289 practicus
1751 3225 1792 3268 ex
1815 3202 1893 3290 lege
1919 3210 2069 3294 ductus,
2091 3234 2139 3301 ap-

1158 3300 1311 3386 probans
1332 3300 1577 3368 convenientia
1605 3325 1684 3369 curu
1712 3302 1806 3390 lege,
1843 3321 1877 3374 et
1903 3312 2136 3379 condemnant

1156 3400 1351 3483 contraria,
1394 3414 1428 3468 ει
1454 3402 1614 3492 sequitur
1640 3402 1767 3470 ordine
1795 3404 1978 3478 divinitus
2008 3414 2135 3483 condito

1156 3500 1486 3571 condemnationem
1504 3502 1607 3570 dolor
1625 3515 1660 3571 et
1676 3503 1823 3587 vindex,
1852 3510 1918 3599 qui
1938 3512 2136 3583 crescitDco

1155 3600 1333 3677 iudicante
1355 3616 1389 3670 ει
1411 3605 1611 3673 destruente
1634 3621 1795 3676 naturam
1814 3632 1936 3694 ream,
1963 3630 2003 3683 ut
2023 3615 2060 3682 io
2075 3614 2133 3683 Da·

1155 3702 1236 3769 vide
1270 3703 1441 3793 iudicium
1474 3706 1705 3773 conscientiae
1738 3720 1791 3778 cst
1820 3704 1880 3778 hic
1905 3714 2134 3805 syllogismus:

1155 3799 1346 3871 Moechum
1370 3820 1403 3871 et
1428 3802 1640 3873 homicidam
1658 3804 1754 3875 Deus
1776 3811 1900 3881 abiicit
1926 3816 1964 3881 in
1991 3832 2134 3887 aeternat

1154 3928 1295 3992 poenas.
1355 3904 1466 3973 David
1496 3922 1544 3975 est
1568 3903 1735 3976 moechus
1756 3921 1789 3978 et
1815 3907 2021 4002 homicida,
2053 3936 2086 3990 et
2104 3944 2134 3989 eo

1154 4005 1326 4087 deterior,
1353 4008 1435 4099 quia
1463 4011 1571 4095 magis
1593 4010 1750 4096 ingratus
1775 4025 1828 4082 est
1846 4013 1925 4084 Deo
1949 4044 2060 4111 quam
2075 4022 2133 4102 alii,

1153 4130 1232 4172 cttru
1258 4109 1380 4176 luisset
1406 4125 1550 4176 ornatus
1577 4111 1779 4196 ingentibus
1801 4116 1924 4189 donis.
1981 4119 2133 4193 Hincse.

1152 4207 1275 4297 quitur
1290 4211 1469 4277 conclusio
1487 4212 1633 4300 exlege:
1658 4210 1755 4302 Ergo
1773 4211 1892 4285 David
1919 4235 1971 4291 est
1999 4226 2134 4296 reiectus

1152 4304 1305 4378 aDeo.

1264 4409 1362 4480 Haec
1389 4412 1568 4482 conclusio
1600 4415 1807 4486 nominatur
1839 4414 2133 4514 Chirographuu‚

1152 4510 1189 4579 id
1208 4525 1278 4593 est,
1305 4515 1477 4581 sententia
1496 4516 1534 4582 in
1551 4520 1668 4586 mente
1683 4532 1717 4588 et
1733 4522 1839 4588 corde
1864 4534 2043 4616 tanquam
2061 4528 2135 4597 scri·

1151 4625 1210 4701 pta
1229 4614 1304 4701 lege
1320 4628 1354 4682 ει
1371 4615 1553 4703 agnitione
1572 4619 1706 4708 lapsus,
1731 4644 1772 4689 ac
1796 4621 1907 4691 simul
1932 4627 2136 4717 imprimitur
2180 4704 2182 4717 Ι

1151 4714 1275 4803 ingens
1292 4716 1413 4797 dolor,
1438 4718 1500 4808 qui
1524 4720 1666 4805 crescit,
1695 4746 1776 4792 cum
1797 4727 1939 4797 accedit
1959 4729 2134 4819 singularis
2180 4730 2182 4759 ¹

1152 4838 1275 4884 seusus
1301 4817 1374 4885 irae
1393 4815 1457 4886 Dei
1476 4818 1665 4890 iudicantis
1689 4836 1724 4892 et
1742 4825 1961 4898 destruentis
1984 4848 2131 4902 naturam
2180 4872 2182 4883 ·

1150 4940 1245 4984 ream
1273 4942 1335 5007 per
1358 4920 1489 5006 legem,
1522 4922 1611 4990 sicut
1638 4924 1791 4993 dicitur:
1833 4925 1997 5001 Aculeus
2024 4933 2131 5003 mortis

1149 5033 1329 5107 peccatum
1359 5035 1427 5101 est,
1463 5024 1620 5111 potentia
1653 5026 1874 5113 peccatilex.
1938 5030 2068 5109 Roma.
2088 5033 2129 5103 4:

1150 5120 1220 5189 Lex
1236 5121 1322 5189 iram
1342 5123 1459 5188 elficit.
1495 5123 1597 5191 hem:
1625 5125 1722 5197 Sicut
1748 5130 1802 5197 leo
1826 5134 2001 5204 contrivit
2023 5137 2128 5205 omnis
2180 5130 2183 5141 '

1147 5244 1225 5291 ossa
1247 5246 1337 5295 mea.
1394 5220 1440 5293 Et
1465 5222 1606 5293 Psalmo
1623 5226 1701 5297 ab:
1727 5228 1811 5300 Non
1833 5246 1887 5302 est
1915 5258 1980 5323 pax
2006 5238 2128 5307 ossibus

1150 5326 1634 5414 meisalaciepeccatorum
1654 5355 1828 5403 meorum.
1880 5332 2024 5408 Psalmo
2043 5340 2128 5412 lli-1
2181 5310 2183 5379 i
