4522 5782
104 185 205 275 ross
470 222 495 241 --
701 151 1608 265 PHWQSOEWTAsslEtilUOEnsz.
1760 246 1782 263 ..
1813 196 1859 261 n

109 371 210 448 dem,
237 357 300 452 qui
319 348 476 441 cogitant
498 364 534 412 se
557 337 712 410 tacturos
734 355 828 419 esse,
852 331 949 424 qnod
968 328 1095 421 imagi·
1146 328 1206 402 Sic
1222 329 1553 425 compromissione
1568 352 1634 403 nos
1647 343 1902 417 sustentamus,
1922 329 2019 403 simu

109 481 243 539 nantnr
267 459 351 549 ipsis
377 466 580 522 concessum
611 461 712 521 esso,
752 451 785 506 et
808 435 905 505 nolle
929 431 1096 525 impediri
1147 430 1219 504 Dei
1243 447 1293 504 est
1319 422 1458 516 efficax,
1501 449 1535 506 et
1565 433 1606 504 in
1636 437 1721 503 orde
1744 435 1832 504 dicit
1859 434 2020 505 consolat

111 593 209 642 snam
242 562 467 633 libertatem,
506 541 642 615 etiamsi
685 538 800 608 sciant
840 534 1097 627 intempestivis
1149 536 1223 624 ipsa
1246 530 1431 626 Evangelii
1457 560 1559 621 voce,
1585 549 1619 607 et
1645 536 1754 627 patris
1777 536 2006 607 voluntatem

110 665 282 757 exemplis
315 662 492 729 bonorum
524 641 710 714 hominum
741 639 879 708 animos
911 651 945 706 et
974 635 1097 707 oculos
1149 637 1221 720 dit,
1248 636 1332 728 quia
1354 636 1466 735 dicits.
1493 632 1607 715 Nemo
1629 639 1729 707 novit
1749 653 1911 731 patrem,
1948 637 2019 707 nisi

111 767 266 845 offendi,
291 776 324 831 et
346 753 444 848 sequi
468 744 651 827 scandala,
677 740 732 809 vel
758 752 902 831 propter
927 736 1099 807 imitatio·
1150 737 1258 809 etcui
1273 734 1367 808 lilius
1384 739 1664 845 vologreuelare.

113 896 195 944 nem
231 864 287 934 vel
328 869 472 951 propter
506 844 758 962 alienationem
792 841 1017 911 voluntatum
1053 840 1099 907 ab
1254 838 1908 949 llaectetarloctrinagquaeiubete
1926 860 2021 929 verbs

8 982 15 995 “
112 966 322 1060 Ενεῃςεὶίο.
389 956 474 1028 ldeo
498 955 531 1023 l·
564 939 805 1062 Cortum-010·
830 943 951 1058 eadm}
979 941 1099 1057 ,rt'ssttlf
1152 958 1224 1028 lato
1241 957 1375 1042 ordiri,
1399 982 1464 1031 nec
1478 974 1576 1031 extra
1592 959 1740 1029 verbum
1757 962 1900 1049 vagari,
1929 977 1964 1030 et
1978 984 2021 1055 qn

114 1074 287 1148 eraditur:
318 1055 497 1151 Quicquid
513 1049 648 1129 facilit,
673 1047 781 1115 facti?
796 1046 841 1112 ³⁶¹
858 1043 1013 1160 8¹⁰f13ffl'
1024 1036 1102 1123 ⁰²¹2
1154 1059 1456 1144 illuminationes,
1497 1082 1558 1129 seu
1585 1074 1730 1149 raptus,
1763 1063 1924 1131 tenenda
1947 1077 2000 1131 est

114 1192 149 1247 er
173 1197 248 1242 non
271 1166 347 1238 sitis
368 1154 537 1230 scandalo
558 1149 743 1219 Ecclesiae.
804 1142 891 1213 Vult
914 1161 1021 1233 igitur
1046 1166 1103 1213 re·
1154 1161 1286 1231 muno,
1309 1161 1500 1245 sanguem,
1526 1162 1682 1243 31οῑωεὶ
1712 1158 1975 1247 Μόῃῑώῆθω,
2002 1158 2022 1233 1

116 1277 205 1370 spici
229 1267 360 1340 iudicia
385 1256 580 1336 Eccletlaes
621 1251 708 1366 idm·
731 1260 766 1317 ‘l
787 1248 832 1316 de
853 1248 986 1317 luenda
1011 1245 1103 1313 sim
1155 1264 1276 1332 siastas
1295 1277 1329 1332 et
1344 1264 1613 1353 Anabaptistas,
1642 1262 1704 1354 qui
1727 1286 1763 1331 se
1787 1277 1824 1334 et
1847 1264 1943 1333 alios
1966 1266 2022 1356 imp

118 1399 219 1467 saepe
251 1363 486 1462 praecipitur,
515 1368 556 1425 ¹11
587 1351 773 1446 Syfffld‘i
804 1346 892 1419 41⁸
935 1345 1030 1418 0⁰³³
1061 1348 1105 1414 ‘¹⁸
1157 1364 1459 1450 dubitationibus,
1485 1365 1608 1436 relicto
1625 1367 1733 1433 verbo
1750 1378 1784 1436 et
1797 1389 1949 1436 excussa
1966 1367 2022 1435 aa·

117 1484 213 1549 bono
243 1468 408 1545 nomine,
449 1454 628 1529 antecellit
652 1451 747 1561 enim
770 1449 892 1521 multis
914 1443 1105 1519 thesauris:
1260 1480 1333 1551 Nec
1352 1481 1544 1552 tribuimus
1565 1481 1637 1551 vim
1662 1481 1833 1571 magicam
1856 1485 1991 1568 verbo²
2015 1507 2022 1552 t

119 1597 153 1652 et
168 1579 335 1648 sit'nutus
350 1561 559 1634 versiculus:
805 1662 813 1678 ·
978 1616 981 1621 -
1159 1583 1273 1652 eimus
1296 1579 1411 1652 Deum
1437 1584 1529 1651 velle
1552 1578 1620 1652 hoc
1641 1585 1767 1652 ordine
1796 1586 1991 1673 cognosci,
2019 1619 2022 1647 ι

220 1682 317 1749 letti!
331 1688 395 1758 0⁸⁸2
415 1693 473 1740 Μ
485 1671 573 1733 fflffl
587 1665 721 1732 ⁸li¹²¹¹¹⁸l
734 1662 853 1746 3¹⁰¹¹⁸⁰
867 1664 973 1727 ⁶⁰⁰¹*-
1160 1686 1281 1767 aliter,
1297 1698 1341 1783 ¹et
1364 1686 1454 1754 velle
1478 1709 1542 1754 uos
1566 1679 1735 1753 adhibere
1751 1686 2019 1758 consideration

1161 1786 1269 1856 simul
1285 1786 1323 1855 in
1341 1786 1414 1875 ipsa
1431 1787 1714 1856 consideratione
1730 1786 1845 1858 lilium
1867 1788 2023 1858 efficaces

1162 1889 1261 1957 iuxta
1287 1887 1440 1957 dictum:
1475 1886 1581 1957 Fides
1603 1912 1642 1955 ea
1668 1889 1792 1959 auditu
1817 1902 1890 1979 est,
1927 1891 2023 1963 audit

472 1945 612 2055 capul
646 1939 747 2027 XV·
1162 1990 1309 2059 verbum
1332 1986 1411 2061 Dei.
1463 1988 1601 2060 Diserte
1622 1988 1730 2078 igitur
1753 1990 1872 2081 inquit
1897 1988 2023 2061 Paulrrt

222 2130 313 2207 Cum
326 2116 458 2195 Christi
485 2111 643 2202 exemplo
666 2108 822 2177 ostendit
845 2105 1006 2175 infirmos
1020 2103 1111 2174 tole.
1163 2090 1442 2160 consolationem
1458 2091 1735 2179 scripturarum,
1761 2105 1800 2160 ut
1815 2092 2024 2182 intelligens

123 2239 254 2313 randos
278 2251 369 2310 esse,
396 2235 427 2290 et
448 2218 581 2286 dictum
597 2211 729 2281 Psalmi
747 2210 924 2291 recitavit,
951 2230 1031 2275 mox
1047 2208 1110 2274 ad·
1163 2193 1262 2286 loqui
1279 2195 1325 2261 de
1345 2192 1453 2261 verbo
1466 2207 1638 2276 esterno,
1664 2217 1725 2262 seu
1742 2195 1889 2278 andsto,
1916 2218 1977 2264 ,eu
1992 2195 2023 2263 Ι(

124 2344 177 2412 dit
194 2331 389 2427 generalem
407 2315 685 2390 admonitionem
704 2316 748 2380 de
763 2332 830 2380 usu
846 2311 1111 2399 scripturarum.
1266 2307 1335 2379 Hic
1363 2310 1456 2378 ridet
1479 2308 1762 2394 Stenkeieldius,
1795 2325 1830 2380 et
1860 2313 1952 2383 dicit
1974 2336 2024 2404 cog

124 2444 247 2515 lubet,
273 2447 311 2502 ut
338 2448 399 2519 per
425 2417 630 2511 patientiam
657 2428 689 2482 et
707 2415 960 2502 scripturarum
984 2433 1112 2480 conso·
1163 2434 1244 2482 nem
1268 2412 1368 2480 verbi
1394 2412 1516 2502 scripti
1541 2433 1603 2480 seu
1621 2414 1733 2482 auditi
1758 2427 1900 2483 tantum
1926 2439 2024 2484 esses

125 2545 296 2615 lationem
320 2550 417 2619 spem
439 2538 632 2593 teneamus.
683 2514 826 2605 Repetit
841 2510 909 2583 hoc
925 2515 1003 2582 loco
1017 2508 1110 2580 Pau·
1164 2509 1321 2582 hominis
1338 2514 1625 2603 occupationem,
1650 2527 1691 2584 ut
1705 2514 1773 2583 tuis
1799 2515 2024 2587 abstineres

124 2649 183 2717 lus
211 2640 380 2710 usitatum
411 2632 655 2718 praeceptum,
698 2617 881 2700 videlicet,
919 2614 1113 2703 alligandas
1137 2690 1140 2711 Ι
1165 2639 1290 2685 carne:
1324 2637 1398 2682 non
1421 2614 1498 2683 vult
1520 2637 1593 2682 esse
1620 2614 1930 2709 instrumentum,
1969 2642 2025 2712 qna

128 2770 201 2816 esse
215 2749 349 2809 mentes
365 2731 408 2797 ad
431 2725 578 2792 verbnm
596 2720 663 2790 Dei
687 2719 879 2786 'revelatum
897 2732 932 2789 et
952 2739 1114 2808 compre·
1137 2750 1141 2809 g
1164 2717 1232 2787 Dei
1249 2718 1322 2807 ipse
1338 2729 1390 2784 est
1406 2717 1537 2786 efficax·
1589 2714 1660 2785 Sed
1676 2739 1743 2786 nos
1757 2713 1843 2787 haec
1859 2721 2025 2811 perspien

128 2846 279 2918 hensum
300 2836 337 2904 in
364 2828 502 2917 scriptis
526 2819 739 2914 propheticis
763 2834 796 2888 et
821 2819 1040 2909 apostolicis:
1081 2831 1114 2886 et
1138 2818 1142 2917 l
1166 2816 1269 2888 Pauli
1293 2840 1539 2908 opponamus:
1572 2813 1810 2908 Evangelium
1833 2836 1888 2890 est
1909 2835 2025 2911 potent

129 2973 204 3020 non
227 2916 1115 3011 iudicamlumessedeessentiaetvoluntateDei,
1166 2919 1314 2989 salutem
1337 2921 1436 2988 omni
1463 2920 1635 2988 credenti.
1703 2918 1816 2989 ltem:
1848 2920 2020 3013 Evangeli

130 3055 227 3120 irrata
250 3032 518 3127 imaginationes
552 3023 751 3103 humanas,
784 3024 861 3093 sine
895 3024 1004 3091 verbo
1037 3018 1115 3094 Dei.
1140 3024 1143 3099 ἒ
1167 3021 1404 3090 ministerium
1425 3023 1590 3111 spiritus,
1616 3021 1652 3087 id
1674 3035 1743 3106 est,
1768 3043 1861 3114 quo,
1890 3048 1973 3093 cum
1996 3024 2025 3095 br

100 3170 112 3181 “
130 3152 240 3231 ltem,
271 3144 308 3210 in
325 3134 454 3207 nostris
473 3128 656 3199 doloribus
673 3127 860 3195 intuendas
874 3151 947 3195 esse
965 3124 1116 3211 promis-
1140 3124 1143 3135 '
1167 3148 1204 3192 se
1220 3135 1433 3206 sustentant,
1455 3120 1549 3190 blius
1567 3119 1633 3190 Dei
1657 3123 1730 3213 ipse
1746 3137 1799 3193 est
1818 3127 1962 3211 efficax,
1986 3143 2019 3199 et

131 3254 224 3325 sines
241 3258 275 3314 et
290 3236 532 3312 statuendum,
559 3254 615 3298 eas
632 3231 674 3296 ad
695 3252 758 3295 nos
774 3252 915 3322 quoque
931 3228 1117 3319 pertinere,
1141 3242 1144 3277 ³
1169 3226 1223 3294 dit
1241 3223 1414 3314 Spiritum
1429 3238 1588 3293 sanctum
1611 3224 1650 3291 in
1664 3227 1782 3299 corda.

133 3347 268 3424 etiamsi
285 3346 322 3411 in
343 3360 469 3428 genere
484 3356 606 3402 omnes
623 3332 866 3420 alloquuntur.
1268 3341 1363 3428 Quia
1388 3365 1471 3410 vero
1500 3341 1633 3411 mentio
1655 3342 1693 3411 lit
1719 3344 2002 3433 consolationis,

236 3458 347 3533 Multi
370 3464 490 3524 serunt
523 3450 648 3517 stoicas
680 3463 714 3518 et
743 3444 1010 3518 enthusiasticas
1038 3446 1117 3534 opi·
1171 3457 1277 3511 natur
1296 3443 1401 3512 etiam
1422 3442 1613 3540 patientia,
1640 3456 1678 3512 ut
1703 3446 1941 3533 significetur,
1968 3447 2026 3520 Est

133 3573 281 3647 aiones,
314 3575 347 3629 et
377 3557 555 3625 deducunt
579 3564 713 3620 mentes
739 3551 780 3617 ad
809 3546 901 3621 hanc
925 3547 1118 3618 dubitatio·
1144 3628 1146 3635 Ι
1171 3545 1209 3612 in
1231 3539 1296 3612 hac
1314 3545 1385 3613 vita
1406 3567 1545 3634 semper
1568 3545 1662 3612 cruci
1689 3548 1883 3616 subiectam
1908 3575 2004 3637 esse,

136 3696 235 3745 nem:
261 3662 352 3734 Cum
376 3655 554 3743 scripserit
580 3649 676 3720 Deus
699 3652 893 3740 catalogum
917 3653 1120 3732 electorum,
1143 3640 1147 3753 l
1172 3659 1254 3729 net,
1289 3668 1409 3713 cattsas
1433 3646 1636 3733 cogitandas
1666 3670 1757 3732 esse,
1791 3673 1905 3740 qum
1935 3656 1982 3724 sit
2005 3679 2027 3721 ῃ

137 3778 181 3846 ad
199 3768 264 3840 hos
283 3762 432 3856 pertinet
455 3755 638 3847 promissio
662 3753 810 3840 gratiae,
836 3753 995 3825 fortassis
1017 3754 1060 3820 ad
1085 3765 1120 3822 te
1144 3772 1147 3811 i
1172 3747 1375 3835 ingentibus
1396 3747 1586 3819 aerumnis.
1639 3746 1765 3819 Monet
1789 3752 1896 3835 item,
1922 3753 2027 3843 Qarali

135 3899 210 3949 non
225 3867 394 3970 pertinet,
421 3883 498 3929 curn
518 3858 652 3925 nescias
669 3880 714 3923 an
732 3855 779 3923 sis
794 3855 831 3923 in
849 3879 889 3925 eo
906 3855 1074 3942 catalogo.
1145 3900 1147 3927 ,
1172 3848 1304 3917 dientia
1324 3850 1360 3915 iu
1377 3872 1478 3916 cruce
1497 3850 1689 3917 necessaria
1705 3852 1771 3934 sit,
1799 3870 1833 3923 et
1851 3864 2027 3946 quomoda

238 3988 419 4057 Adversus
442 3972 534 4045 hanc
552 3974 809 4043 dubitationem
836 3966 920 4040 haec
935 3973 1120 4042 manifesta
1145 3954 1149 4049 l
1173 3963 1227 4019 “ll
1242 3945 1398 4019 Ecclesia
1423 3950 1468 4018 ab
1490 3949 1648 4040 imperiis
1674 3956 1812 4022 rnundi.
1867 3953 2026 4029 Ecclegia

136 4092 260 4190 regula
289 4080 500 4175 opponenda
525 4090 594 4146 est:
628 4073 788 4164 Utraque
813 4074 936 4142 concio
964 4088 1015 4143 est
1039 4076 1122 4141 rani.
1146 4058 1150 4179 Ξ
1173 4075 1245 4119 ¹¹⁰⁰
1263 4064 1399 4170 limum
1417 4053 1657 4168 deserumnis
1674 4053 1854 4151 loquitur,
1882 4073 1923 4128 ut
1938 4060 2027 4132 Phil.

135 4191 305 4272 vassalis,
331 4178 544 4276 praedicatio
576 4175 832 4267 poenitentiae,
873 4189 905 4243 et
934 4176 1121 4266 promissio
1147 4232 1150 4273 4
1174 4157 1357 4270 aed-elram
1376 4154 1419 4221 de
1441 4153 1664 4224 liberatione.
1719 4156 1801 4225 ldeo
1817 4156 1957 4228 Paulus
1981 4188 2028 4233 cor

54 4304 58 4317 '
138 4296 281 4390 gratiae.
347 4281 498 4357 Accusat
523 4277 618 4347 Deus
648 4299 770 4345 omnes
803 4292 946 4368 propter
975 4292 1122 4368 peccata,
1147 4282 1150 4349 ζ
1176 4256 1408 4345 patientiam,
1447 4255 1724 4324 consolationem
1757 4273 1791 4328 et
1822 4280 1949 4351 spem:
1993 4271 2025 4335 di

139 4416 173 4472 et
195 4395 298 4466 offert
321 4383 489 4457 omnibus
512 4377 699 4450 credituris
722 4378 963 4446 remissionem
992 4374 1124 4463 Gratis,
1148 4362 1151 4463 l
1176 4356 1283 4445 lilius
1314 4354 1482 4446 pallentia
1517 4351 1762 4447 philosophica
1794 4374 1827 4429 et
1866 4361 2028 4438 Christin

137 4511 283 4595 propter
307 4489 440 4568 lilium,
471 4505 512 4551 ac
532 4479 630 4550 misit
652 4477 786 4565 lilium,
806 4493 845 4550 ut
870 4476 939 4549 hoc
954 4503 1121 4551 arcanum
1149 4468 1152 4545 ἰ
1175 4457 1273 4526 leclls
1290 4471 1325 4526 θῑ
1343 4457 1423 4524 stne·

139 4605 318 4674 decretum
337 4587 505 4680 prolatet·
1148 4554 1153 4701 l
1278 4591 1453 4662 Patientia
1479 4587 1743 4687 philosophica,
1786 4612 1836 4668 est
1863 4602 2010 4675 obedire

239 4707 313 4780 Nee
335 4715 420 4774 sunt
442 4700 487 4794 ,in
512 4694 587 4764 Deo
617 4694 800 4782 fingendae
831 4699 1125 4768 contradictoriae
1151 4778 1153 4785 Ι
1177 4693 1215 4762 in
1231 4694 1446 4784 perferendis
1463 4692 1646 4780 adversis,
1664 4722 1753 4790 quae
1771 4703 1864 4770 ratio
1884 4705 1979 4776 iubet
1996 4710 2029 4775 le

139 4817 350 4889 voluntates.
391 4800 464 4871 Nec
481 4797 706 4884 cogitandum
722 4812 784 4868 est.
832 4797 1008 4869 Fortassis
1024 4796 1123 4870 aliud
1150 4790 1153 4888 l
1177 4818 1278 4884 saepe
1295 4809 1345 4864 est
1362 4794 1438 4862 sine
1453 4796 1525 4864 ulla
1541 4821 1599 4887 spe
1612 4799 1836 4869 liberationis
1853 4821 1913 4874 arat
1928 4810 2029 4879 auxili

141 4920 220 4994 vult
237 4916 281 4982 de
296 4924 351 4992 te,
377 4925 483 4996 quam
503 4911 605 4968 sonat
622 4899 821 4988 promissio.
881 4901 939 4969 Ab
953 4896 1020 4971 hac
1037 4902 1126 4971 ima·
1151 4930 1153 4937 ·
1177 4897 1216 4964 in
1238 4896 1382 4968 Socrate
1405 4918 1468 4964 nec
1492 4920 1570 4987 spes
1591 4901 1714 4968 auxilii
1734 4903 1771 4970 in
1789 4912 1984 4993 praesentia
2005 4934 2029 4979 es

141 5018 323 5115 ginatione
346 5002 564 5077 revocandae
585 5013 667 5070 sunt
689 5013 824 5070 mentes
845 5002 889 5071 ad
913 5002 1024 5093 ipsam
1042 5027 1129 5099 pro-¹
1151 4956 1154 5067 l
1177 5022 1255 5089 spes
1274 4997 1492 5066 liberationis
1509 5013 1601 5069 certa
1626 5017 1702 5092 post
1724 5021 1891 5083 mortem.
1943 5010 2021 5083 Fen

141 5121 375 5194 missionem,
416 5117 452 5176 ct
485 5101 767 5173 constantissime
804 5105 1031 5173 statuendum
1063 5120 1125 5183 est,
1151 5092 1154 5115 ¹
1181 5098 1392 5190 supplicium
1417 5100 1485 5183 sic,
1519 5124 1563 5168 ne
1595 5102 1801 5192 impellatur
1823 5109 1968 5198 dolore,
2003 5102 2030 5182 iu

141 5224 276 5295 Filium
308 5214 389 5284 ideo
419 5207 567 5275 missum
590 5223 682 5287 esse,
722 5215 763 5271 ut
788 5198 884 5273 hunc
907 5204 1126 5277 voluntatem
1151 5222 1154 5284 ς
1180 5216 1361 5269 externum
1385 5214 1507 5270 contra
1533 5203 1707 5272 iusticiam
1732 5221 1794 5276 aut
1820 5216 2021 5283 modestiam

144 5319 279 5394 aeterni
294 5311 405 5408 patris
420 5304 600 5390 ostendat,
626 5315 661 5375 et
675 5325 832 5375 veracem
847 5307 1016 5377 nuncium
1041 5330 1125 5381 esse.
1182 5299 1269 5373 Cato
1287 5314 1408 5372 contra
1426 5301 1601 5374 iusticiam
1624 5305 1691 5376 sibi
1710 5323 1863 5380 mortem
1881 5316 2030 5386 conscissi
