4522 5782
116 194 195 277 m
455 235 458 241 .
710 183 841 263 anm
866 184 987 264 unt.
1010 182 1223 265 somma
1248 149 1553 268 uxuearrca.
1725 188 1815 287 ἰῇ.
1877 186 1962 263 n·
2071 190 2092 266 ι

119 369 228 442 stulat
250 363 367 446 enim,
389 373 430 432 ut
451 384 555 433 sunm
576 361 691 432 robur
707 363 818 452 magis
839 363 878 432 in
900 358 1109 444 tolerandis,
1161 363 1254 434 mala
1269 364 1451 450 doctrina,
1471 366 1527 435 vel
1544 363 1678 435 malum
1696 365 1915 458 exemplum,
1932 366 2031 461 quod
2049 378 2092 439 ud

120 494 228 567 quam
252 464 503 559 perturbandis
525 464 678 534 infirmis
700 465 889 537 declarent·
938 463 1041 535 Sicut
1064 463 1110 533 ad
1162 467 1262 551 aliis,
1287 467 1362 537 si've
1376 469 1459 560 quia
1478 467 1540 537 alii
1562 469 1767 555 imitantur,
1799 470 1873 539 sive
1891 469 1976 562 quia
1998 469 2092 539 laedi

119 567 327 648 Corinthios
342 567 497 659 scripsit:
524 568 722 639 admonens
736 569 876 652 doctos,
897 579 936 637 ut
955 561 1112 635 habeant
1162 569 1274 659 gloria
1293 568 1361 639 Dei
1377 585 1438 642 aut
1453 566 1644 642 Ecclesiae.
1698 569 1846 642 Etenim·
1860 595 1935 642 non
1952 562 2092 643 solumi

119 677 297 747 rationem
319 672 568 752 indoctorum,
599 693 680 740 curu
703 671 768 741 ait:
808 670 964 743 Scientia
991 667 1111 752 inflat,
1162 687 1233 742 stes
1250 668 1450 760 Evangelii,
1465 674 1525 742 sed
1542 674 1647 742 etiam
1668 673 1803 742 infirmi
1818 675 1945 744 iratres
1961 682 2092 747 move!

122 779 267 850 dilectio
292 773 461 845 aedificat.
715 776 736 847 l
1162 773 1267 843 malis
1296 775 1464 863 exemplis
1496 777 1540 845 ad
1580 776 1866 847 maledicendum
1899 774 2092 846 Ecclesiae!

226 877 386 968 Apparet
407 874 503 944 enim
521 886 607 945 tunc
623 898 765 968 quoque
788 873 965 945 doctiores
992 870 1111 942 statim
1164 875 1378 964 Evangelio,
1411 892 1445 949 et
1466 877 1535 969 ipsi
1558 873 1716 952 Christo.
2061 884 2092 975 „i

124 985 165 1052 in
187 1002 254 1051 usn
279 979 473 1061 libertatis,
499 978 696 1047 doctrinam
713 1001 811 1045 suam
828 990 1039 1059 ostentasse,
1062 974 1112 1042 si·
1256 978 1313 1048 Ad
1333 973 1401 1046 hoc
1415 979 1570 1049 scandali
1588 1002 1699 1069 genus
1715 979 1868 1071 pertinet
1888 990 1923 1048 et
1937 1002 2032 1071 opus
2045 968 2092 1053 id

126 1098 187 1156 cut
202 1084 241 1153 lit
258 1066 388 1150 uostris
402 1078 633 1168 temporibus.
685 1075 735 1151 At
751 1077 883 1149 Paulus
899 1091 1021 1147 contra
1036 1075 1114 1145 fieri
1137 1110 1142 1210 q
1164 1082 1283 1150 terena
1298 1082 1543 1172 intempestive
1557 1083 1687 1152 factum
1696 1132 1708 1167 ,
1736 1081 1799 1152 ubi
1817 1093 1920 1151 nocet
1938 1083 2021 1150 aliis
2038 1086 2092 1159 α

69 1184 72 1189 ’
127 1185 300 1278 postulat,
326 1195 367 1252 ut
387 1182 483 1252 docti
505 1206 639 1251 morem
662 1194 787 1271 gerant
803 1180 976 1259 indoctis,
1002 1192 1036 1248 et
1050 1200 1113 1248 sua
1167 1183 1285 1274 plum,
1312 1182 1401 1250 sicut
1418 1206 1503 1252 usus
1521 1185 1695 1255 libertatis
1710 1185 1748 1252 in
1767 1186 1894 1273 vulgo,
1921 1187 2019 1275 quod
2047 1162 2092 1257 Μ

128 1285 378 1363 commoditate
399 1284 552 1354 invitent
576 1287 620 1354 ad
649 1281 884 1373 Evangelinm
905 1280 1113 1363 imbecilles,
1171 1300 1241 1355 tate
1264 1284 1449 1365 efferatur,
1475 1300 1535 1355 aut
1556 1291 1648 1376 apud
1673 1287 1851 1370 infirmos,
1885 1288 1946 1378 qui
1973 1292 2092 1359 comt

128 1405 164 1462 et
179 1389 317 1477 erigant
337 1399 441 1478 atque
459 1387 680 1487 conficment.
731 1385 822 1455 Nam
839 1410 919 1456 cnm
940 1386 1032 1452 vires
1049 1407 1115 1452 nn·
1170 1389 1254 1456 satis
1277 1386 1477 1475 intelligant
1494 1412 1614 1458 causas
1630 1390 1824 1472 libertatis,
1837 1390 2092 1459 ‘absterceutur

129 1507 218 1562 strae
241 1512 315 1558 non
341 1491 385 1557 ad
412 1486 634 1573 nocendum,
672 1475 733 1558 sed
760 1492 802 1558 ad
829 1489 1005 1557 iuvandos
1027 1485 1117 1555 alios
1170 1486 1386 1578 Evangelio,
1420 1514 1460 1559 ac
1482 1488 1640 1560 iudicant
1661 1491 1843 1561 doctrinae
1867 1513 1979 1578 genus
2003 1500 2092 1582 prop

106 1593 293 1665 ,conlerre
309 1592 517 1674 debeamus,
543 1616 614 1684 quo
630 1594 780 1686 quisque
795 1593 894 1660 dotes
912 1582 1018 1658 habet
1040 1610 1119 1657 ma·
1171 1617 1256 1661 num
1282 1608 1380 1676 esse,
1424 1606 1484 1663 aut
1512 1594 1696 1663 dubitante
1726 1593 1939 1663 conscientia
1971 1594 2092 1662 imitat

129 1700 243 1776 iores,
274 1718 315 1764 eo
338 1695 450 1784 magis
473 1716 618 1793 operam
642 1696 727 1763 dare
747 1694 912 1779 debebit,
945 1705 986 1762 ut
1007 1689 1119 1783 pinsit
1171 1695 1328 1786 exempla
1359 1694 1544 1765 libertatis.

27 1836 28 1840 ¹
131 1799 222 1871 aliis.
1275 1794 1327 1865 De
1350 1792 1418 1866 hoc
1441 1820 1568 1886 genere
1599 1797 1741 1888 proprie
1764 1797 1864 1865 docet
1888 1819 1955 1865 nos
1982 1793 2092 1866 hoel

236 1897 349 1968 Addit
370 1911 489 1967 autem
510 1899 738 1990 particulam:
778 1894 1033 1990 Unusquisque
1053 1917 1120 1963 uo·
1174 1897 1321 1968 Paulus:
1357 1897 1461 1971 lubet
1476 1900 1647 1971 fratribus
1663 1898 1870 1987 morigerari
1896 1900 1941 1967 ad
1964 1901 2092 1969 bunun

131 1994 244 2091 strism
270 2000 432 2091 proximo
460 2002 573 2092 prosit
597 2005 641 2071 ad
676 2006 810 2071 bonum
835 2015 870 2069 et
891 2002 934 2068 ad
957 1998 1120 2068 aedifica·
1174 2002 1216 2069 ad
1233 2001 1531 2088 aedificationem,
1558 1998 1625 2070 hoc
1645 2016 1717 2081 est,
1743 2002 1839 2070 iubet
1853 2014 1894 2070 ut
1916 2015 2042 2072 nostra
2064 2023 2092 2070 ct

132 2107 278 2175 tionem.
327 2103 401 2173 Hic
420 2105 588 2173 admonet
606 2105 791 2197 quomodo
816 2102 993 2171 moderari
1016 2122 1120 2170 usum
1175 2105 1342 2174 moditate
1367 2106 1556 2176 invitemus
1573 2105 1661 2173 alios
1677 2100 1985 2192 sdEvengelium‚
2013 2121 2049 2174 et
2064 2104 2092 2170 ir

133 2205 329 2288 libertatis,
364 2218 399 2274 et
439 2230 528 2297 quae
566 2207 730 2276 scandala
770 2205 883 2273 vitare
919 2206 1121 2274 debeamus.
1175 2229 1251 2273 mos
1282 2205 1457 2294 erigamus
1489 2208 1656 2276 oscinibus
1688 2206 1834 2288 olliciis,
1882 2220 1924 2275 ut
1956 2206 2092 2299 possint

133 2308 273 2398 Duplex
290 2309 384 2376 enim
403 2308 607 2377 scandalum
625 2323 693 2392 est,
718 2309 897 2400 quoddam
921 2320 1123 2376 vocantac-
1176 2303 1312 2380 Christi
1329 2310 1531 2400 cognitione
1547 2333 1703 2378 crescere
1718 2332 1758 2376 ac
1779 2305 1957 2397 proficere.
2012 2306 2088 2378 Ubi

135 2427 292 2501 ceptum,
318 2433 384 2479 nos
406 2404 891 2498 Pharisaicumvocabimus‚
918 2433 998 2478 cum
1023 2407 1123 2475 vide-
1175 2413 1305 2480 dentur
1338 2436 1405 2483 usu
1438 2412 1611 2482 libertatis
1642 2409 1832 2481 absterreri
1869 2411 1914 2478 ab
1955 2408 2092 2498 Evangc

136 2514 218 2582 licet
242 2536 315 2582 non
331 2513 474 2596 iratres,
505 2515 567 2582 sed
586 2509 773 2601 Evangelii
792 2508 908 2583 hostes
925 2511 1123 2592 irritantur,
1176 2514 1346 2604 tantisper
1368 2539 1441 2583 non
1461 2528 1604 2584 utamur
1623 2514 1805 2595 libertate,
1829 2512 1943 2581 donec
1958 2511 2018 2580 isti
2036 2535 2092 2578 me

138 2638 223 2687 cum·
237 2628 298 2686 aut
312 2617 461 2683 docetur
482 2637 566 2684 sana
589 2617 773 2698 doctrina,
800 2638 840 2684 ac
854 2609 1125 2712 reprehenditur
1176 2616 1380 2688 doceantur.
1447 2613 1500 2686 Ac
1526 2629 1610 2686 sunt
1638 2618 1787 2700 iratres,
1834 2638 1910 2683 non
1938 2609 2092 2707 hypocri

138 2717 249 2808 impia
273 2718 431 2808 ipsorum
455 2718 637 2802 doctrina,
677 2731 737 2787 aut
761 2719 799 2788 lit
820 2716 966 2809 aliquod
989 2716 1122 2784 bonum
1177 2731 1237 2787 aut
1257 2715 1445 2810 Epicurei,
1480 2719 1542 2812 qni
1567 2742 1688 2787 sanam
1714 2717 1914 2788 doctrinam
1936 2717 2092 2807 opprima

136 2844 178 2892 ac
193 2819 429 2889 necessarium
451 2844 559 2910 opus,
589 2820 651 2889 ubi
677 2815 882 2914 hypocritae
906 2831 1034 2911 putant
1054 2814 1124 2885 sibi
1176 2822 1417 2892 antoecidnnt
1431 2822 1490 2915 pia
1506 2824 1692 2913 docentes,
1726 2821 1786 2889 scd
1812 2820 1872 2912 qui
1895 2819 2016 2888 doceri
2042 2842 2078 2886 se

137 2945 267 2994 nocere
296 2921 515 3012 exemplum,
556 2922 646 2991 sient
674 2919 909 2992 offenduntur
942 2916 1124 2990 Pharisaei
1176 2923 1326 2994 ciuntur.

138 3027 176 3095 in
201 3021 415 3114 Evangelio,
443 3048 522 3094 cum
542 3023 706 3096 Christus
727 3025 765 3094 in
783 3025 941 3096 Sabbata
965 3025 1126 3091 medetur
1280 3025 1370 3095 Nam
1397 3025 1493 3116 apud
1518 3019 1634 3092 hostes
1674 3018 1863 3110 Evangelii
1902 3020 2084 3092 interdum

139 3127 300 3217 aegrotis.
1178 3131 1434 3197 confessionem
1453 3127 1627 3217 pertinet,
1648 3127 1835 3194 ostendere
1858 3125 2038 3202 libertatis
2053 3144 2092 3219 est

240 3226 331 3298 Cum
358 3241 473 3298 autem
497 3225 630 3297 Paulus
652 3229 720 3302 aitt
760 3226 1016 3299 Praestandum
1041 3250 1124 3307 esse,
1180 3231 1298 3320 plum,
1324 3231 1624 3324 quemadmodum
1642 3226 2092 3298 Paulusselecissescribil

138 3344 180 3402 ιιι
201 3331 399 3420 placeamus
426 3330 505 3398 aliis
531 3333 575 3399 ad
597 3334 752 3416 bonum,
784 3346 817 3401 et
840 3334 882 3399 ad
910 3331 1126 3401 aedificatio·
1179 3334 1337 3403 Galatas.
1391 3331 1436 3403 Et
1457 3328 1621 3401 Christus
1647 3331 1839 3419 Apostolos
1863 3345 2008 3400 excusat
2032 3328 2092 3399 viol

139 3457 239 3517 nem,
275 3457 348 3501 non
374 3433 451 3502 vult
474 3433 692 3522 impietatem
718 3430 983 3528 hypocritarum
1004 3447 1125 3501 nostra
1179 3453 1229 3506 ιιι
1246 3434 1473 3504 traditionem
1498 3429 1751 3524 pharisaicam,
1778 3427 1952 3501 Matthaei
1974 3429 2034 3507 15.

61 3548 64 3557 '
140 3535 424 3605 dissimulatione
456 3535 678 3616 confirmari,
716 3541 785 3605 sed·
812 3537 867 3604 vel
899 3535 1023 3605 invitis
1053 3535 1126 3602 illis
1180 3540 1215 3606 id
1241 3563 1383 3630 quoque
1407 3532 1643 3626 pharisaicum
1666 3533 1871 3603 scandalum
1892 3550 1964 3614 est,
2004 3560 2080 3605 cum

140 3637 303 3709 doctrina
326 3638 519 3706 necessaria
545 3639 717 3707 tradenda
741 3652 812 3718 ιιι,
840 3634 1125 3728 etoperaaDeo
1179 3655 1247 3709 stes
1283 3639 1468 3728 Evangelii
1502 3638 1736 3707 offenduntur
1772 3638 1942 3726 exemplis
1984 3637 2092 3707 libertt

141 3742 324 3823 mandata,
350 3741 522 3811 facienda.
574 3738 745 3830 Exempla
767 3757 849 3810 sunt
873 3744 1005 3832 ubique
1019 3739 1124 3809 obvia
1179 3757 1374 3835 quaesunt
1399 3740 1600 3809 testimonia
1627 3739 1822 3808 doctrinae.
1874 3738 2030 3809 Talibus
2054 3735 2092 3811 od

140 3842 390 3933 inscripturis.
425 3841 467 3910 ln
482 3843 738 3913 mutationibus
755 3868 943 3932 regnorum
960 3856 994 3911 et
1008 3865 1124 3911 rerum
1179 3846 1339 3913 sionibus
1364 3869 1436 3911 non
1463 3843 1540 3912 vult
1564 3865 1630 3910 nos
1654 3840 1854 3931 perturbari
1867 3837 2053 3929 Christus,
2082 3863 2092 3911 t

141 3945 365 4036 publicarum
403 3940 496 4013 nibil
526 3947 683 4014 scandali
714 3968 754 4014 ac
783 3947 870 4015 mali
908 3968 982 4013 non
1023 3945 1125 4017 inest.
1179 3948 1243 4016 ait:
1276 3946 1391 4017 Sinite
1413 3971 1491 4029 eos,
1525 3946 1616 4013 caeci
1639 3958 1741 4027 sunt,
1780 3957 1813 4011 et
1837 3945 1945 4013 duces
1969 3958 2092 4016 caecort

12 4075 17 4082 ·
140 4045 187 4117 Et
216 4060 334 4114 tamen
360 4045 487 4117 Mosen
521 4048 681 4132 oportuit
710 4051 876 4118 mandato
900 4045 964 4115 Dei
992 4070 1126 4138 parere.
1181 4049 1275 4137 Quia
1298 4049 1391 4117 euim
1410 4045 1590 4116 Pharisaei
1610 4069 1690 4115 suas
1713 4038 1921 4115 traditiones
1945 4072 2028 4116 cum
2052 4049 2092 4118 im

141 4149 332 4240 Apostolos
357 4150 515 4238 oportuit
538 4146 775 4238 Evangelinm
807 4153 952 4234 docere,
987 4149 1124 4219 etiamsi
1179 4151 1412 4242 opinionibus
1432 4151 1641 4241 requirunt,
1667 4150 1755 4217 iure
1779 4147 1896 4219 omitti
1918 4166 2088 4241 possunt,

140 4254 177 4320 id
217 4247 445 4339 prohiberent
486 4252 694 4342 pontifices,
754 4266 788 4322 et
826 4254 911 4322 satis
944 4265 1127 4343 appareret
1179 4278 1284 4346 supra
1316 4256 1535 4322 dictumest.
1820 4340 1827 4347 ·

140 4353 325 4422 universae
349 4353 504 4445 Reipub.
529 4354 715 4423 maximam
742 4357 973 4425 mutationem
999 4355 1125 4424 allatu·
1281 4355 1351 4426 Sed
1368 4355 1538 4449 quoniam
1563 4353 1655 4444 apud
1679 4346 1798 4421 hostes
1817 4352 1999 4423 interdum
2026 4355 2092 4450 quit

142 4477 221 4525 rum
251 4477 335 4527 esst.
921 4483 948 4518 κ
1180 4459 1356 4528 sanabiles
1381 4474 1482 4540 sunt,
1510 4458 1622 4546 placet
1638 4449 1726 4523 mihi
1744 4450 1802 4524 hic
1819 4479 1964 4548 quoque
1979 4459 2092 4529 medio

243 4554 423 4626 Adversus
450 4551 535 4627 haec
561 4557 724 4628 scandala
755 4559 870 4629 munit
896 4559 1128 4628 conscientias
1180 4577 1242 4632 tas.
1295 4561 1388 4629 Amo
1415 4561 1510 4627 enim
1536 4559 1798 4650 peripateticam
1825 4558 2048 4642 doctrinam,
2079 4583 2092 4652 q

141 4673 280 4730 nostras
296 4661 468 4729 sententia
488 4659 565 4729 illa:
593 4656 746 4751 Oportet
762 4660 839 4732 Deo
856 4663 966 4750 magis
982 4663 1127 4731 obedire
1182 4666 1302 4733 laudat
1318 4665 1356 4732 in
1373 4662 1541 4732 omnibus
1559 4661 1712 4729 externis
1728 4659 1870 4738 officiis,
1885 4672 1921 4728 et
1938 4655 2008 4732 hac
2023 4683 2092 4733 cont

141 4758 485 4857 quamhominibus.
539 4763 591 4834 Ac
615 4765 653 4832 in
675 4788 801 4853 genere
826 4768 869 4832 de
893 4765 1055 4834 doctrina
1076 4766 1126 4833 sic
1180 4768 1305 4837 tudine
1330 4766 1422 4836 vitae
1451 4763 1750 4846 mediocritatem,
1791 4761 1979 4849 videlicet,
2016 4780 2092 4838 uta

141 4864 366 4935 sentiendum
393 4877 467 4947 est,
495 4867 589 4957 quod
614 4880 648 4936 et
672 4869 764 4956 apud
791 4862 907 4936 hostes
930 4863 1127 4955 Evangelii,
1181 4865 1245 4938 hos
1270 4893 1412 4961 quoque
1434 4869 1482 4938 ita
1513 4868 1740 4934 moderemur
1762 4880 1866 4933 usum
1891 4863 2083 4954 libertatis,

140 4980 174 5040 et
189 4967 284 5057 apud
301 4960 461 5058 hos,qoi
478 4968 603 5039 iratres
619 4966 799 5060 perhiberi
817 4970 953 5054 volunt,
965 4969 1126 5038 doctrina
1182 4971 1375 5042 desiderari
1403 4970 1441 5037 iu
1472 4968 1577 5037 nobis
1602 4962 1806 5036 humanitas
1834 4967 1967 5060 possit,
2006 4992 2091 5041 nere

139 5067 334 5140 necessarie
367 5068 583 5140 dissimulari
614 5073 738 5142 debeat
770 5086 914 5163 propter
950 5071 1127 5142 scandala.
1179 5097 1276 5145 mere
1295 5074 1486 5143 excitemus
1514 5070 1699 5141 tumultus.

141 5169 246 5243 Fides
263 5171 358 5239 enim
380 5172 562 5241 dilectioni
588 5175 815 5244 anteferenda
833 5188 896 5243 est.
1280 5177 1335 5246 Ac
1350 5174 1630 5267 sapientissimus
1645 5169 1880 5243 virlsocrates
1896 5173 1963 5245 ait:
1986 5171 2092 5246 Cuma

241 5271 353 5343 Aliud
379 5273 538 5344 scandali
563 5296 673 5364 genus
696 5290 766 5362 est,
792 5277 887 5369 quod
910 5290 1040 5350 vocant
1063 5277 1125 5347 da·
1179 5279 1278 5350 dium
1296 5279 1412 5370 ipsum
1430 5277 1602 5365 attingere
1614 5274 1660 5345 sit
1675 5275 1934 5361 difficilimum,
1967 5278 2092 5347 satiust

29 5440 32 5445 .
139 5386 236 5460 tum,
279 5393 350 5466 qno
374 5375 500 5449 iratres
526 5375 769 5452 offenduntur.
827 5376 888 5449 Est
919 5396 1037 5452 autem
1070 5381 1125 5450 vel
1180 5383 1219 5451 in
1244 5406 1320 5453 eam
1345 5394 1479 5472 partem
1507 5378 1733 5472 delinquere,
1783 5390 1824 5450 ut
1852 5379 1973 5450 minus
2001 5373 2092 5447 ausis

571 5605 589 5639 Ι
