4522 5782
100 216 165 297 tas
261 204 370 329 sut
414 200 843 307 ecouuauranu
870 228 1275 309 mansuetum
1302 224 1659 313 aunoumos
1709 178 1940 311 canviu.
2042 180 2118 305 ost

96 410 277 498 putenam
298 394 462 467 conversi
485 406 519 467 et
541 398 765 474 sanctificati:
805 401 907 497 quasi
933 405 973 475 in
993 430 1075 479 san·
1127 400 1315 497 petitiones
1329 424 1499 475 sensuum
1514 418 1574 477 aut
1591 417 1734 478 externa
1747 404 1919 485 membra,
1935 404 1994 474 sed
2010 402 2117 475 etiam

95 493 656 595 ctificatisnullaesintreliquiae
680 505 832 594 peccati,
863 520 925 579 aut
948 523 1074 580 natura
1125 507 1301 599 potentias
1338 507 1554 598 superiores,
1597 507 1774 580 rationem
1814 520 1850 579 et
1886 507 2117 585 voluntatem,

95 595 227 690 penitus
241 594 288 666 sit
300 611 490 685 renovata,
519 614 553 671 et
569 602 661 673 nulli
679 605 751 677 sint
769 606 888 677 vitiosi
911 623 1038 682 motus.
1125 623 1299 701 quatenus
1330 632 1404 678 non
1436 623 1519 684 sunt
1549 611 1728 683 renovati:
1762 606 1854 682 sicut
1877 608 1971 681 inlra
1992 629 2117 680 rursus

186 695 310 768 Facile
322 713 441 772 autem
459 702 734 796 illaimagiuatio
742 710 856 779 refelli
866 726 1076 803 potestcon-
1124 710 1313 781 dicendum
1330 724 1392 784 est.

92 822 190 873 sensu
212 800 481 892 seripturarum.
533 803 621 877 Nam
645 823 680 880 et
702 811 740 879 in
765 807 885 885 Galat.
910 814 1075 885 similiter
1230 809 1338 901 Quod
1356 813 1492 911 inquit:
1522 809 1636 883 Miser
1648 834 1731 904 ego,
1763 809 1843 907 quis
1867 834 1924 882 me
1947 810 2116 884 liberabit

92 900 302 973 describitur
315 897 384 993 ltoc
399 920 575 977 certamen
594 909 632 980 in
657 912 805 999 sanctis,
835 938 915 988 cum
938 917 1073 1013 inquit:
1123 907 1423 1006 acorporehuios
1438 915 1590 988 mortis?
1625 940 1693 987 vox
1707 926 1760 984 est
1776 938 1850 984 non
1875 914 1978 1007 impii
2001 926 2036 983 et
2058 934 2113 981 se-

92 1002 242 1097 Spiritus
264 1006 482 1100 concupiscit
503 1012 671 1082 adversus
695 1038 855 1101 carnem,
893 1014 986 1088 Caro
1010 1022 1073 1089 ad·
1123 1017 1219 1103 curi,
1247 1017 1308 1085 sed
1327 1016 1506 1103 conversi,
1532 1017 1594 1112 qui
1608 1029 1767 1087 versatur
1787 1016 1824 1085 in
1847 1039 1889 1086 eo
1912 1013 2114 1100 certamine,

91 1126 208 1177 sersus
239 1106 419 1199 spiritum.
476 1111 526 1182 Et
556 1135 659 1206 saepe
690 1115 729 1187 io
754 1115 923 1205 Psalmis,
952 1117 1072 1192 David
1123 1121 1217 1212 qnod
1235 1132 1286 1189 est
1302 1119 1486 1210 proprium
1502 1118 1750 1213 poenitentiae.
1802 1116 1910 1188 Hunc
1926 1118 2035 1208 igitur
2055 1115 2114 1187 lo·

91 1230 278 1281 morersns
293 1220 327 1280 et
349 1221 491 1282 sanctus
512 1214 674 1303 deplorat
694 1242 857 1309 praesens
881 1236 1074 1312 peccatum,
1121 1245 1202 1291 cum
1218 1220 1323 1291 nobis
1337 1220 1431 1291 inter
1446 1222 1603 1314 exempla
1612 1218 2115 1315 poenitentiaeproponamus,

90 1308 187 1383 utin
210 1306 304 1381 Psal.
327 1308 379 1383 De
402 1314 592 1403 profundis
615 1332 679 1391 etc.
722 1319 909 1398 Psal.19.:
936 1321 1072 1396 Delicta
1121 1334 1157 1393 et
1184 1323 1360 1392 discamus
1392 1323 1496 1393 talem
1526 1348 1598 1395 esse
1627 1336 1831 1416 perpetuam
1856 1320 2112 1414 poenitentiam

93 1409 165 1507 quis
178 1410 374 1502 iutelligit?
397 1411 456 1484 Ab
471 1419 619 1490 occultis
640 1405 882 1496 meis⁰munda
908 1450 974 1500 me.
1024 1422 1072 1498 Et
1119 1424 1282 1516 piorum,
1299 1424 1464 1497 videlicet
1479 1446 1667 1515 agnoscere
1683 1423 1860 1494 miseriam
1877 1448 1956 1494 curn
1973 1420 2113 1513 ingenti

92 1510 216 1585 Psalm.
237 1512 341 1590 MS:
373 1512 456 1587 Non
479 1519 589 1592 intres
611 1521 651 1591 in
673 1524 846 1597 iudicium
867 1550 947 1598 cum
969 1551 1072 1599 servo
1121 1526 1263 1612 dolore,
1304 1520 1372 1597 hoe
1394 1539 1464 1613 est,
1500 1550 1746 1619 expavescere,
1779 1524 2032 1618 aliquomodo
2054 1522 2110 1591 vi·

92 1628 170 1701 too,
184 1614 245 1711 qui
261 1640 336 1686 non
355 1615 602 1693 iustificabitur
618 1629 657 1694 in
671 1641 861 1719 conspectu
878 1642 939 1699 tuo
954 1629 1071 1700 omnis
1119 1630 1243 1699 dentes
1257 1629 1422 1699 morbum
1440 1641 1606 1715 naturae,
1633 1631 1728 1722 quod
1744 1652 1818 1697 non
1836 1640 1920 1698 sunt
1943 1628 2109 1697 ardentes

93 1716 234 1789 rivom
273 1712 322 1789 Et
338 1716 397 1791 Ps·
415 1722 493 1797 aa:
518 1721 595 1810 ¹Pro
612 1721 681 1798 hoc
696 1728 814 1800 orabit
830 1732 875 1802 ad
898 1744 933 1804 te
954 1732 1071 1804 omnis
1120 1729 1172 1821 pii
1189 1744 1305 1801 motus
1322 1731 1360 1800 in
1386 1732 1499 1802 nobis.
1554 1729 1703 1812 Timor,
1733 1731 1840 1810 fides,
1875 1727 2018 1800 dilectio
2040 1725 2108 1794 fri-

92 1832 225 1891 ssnetos
237 1831 306 1894 etc.
355 1817 454 1894 Haec
467 1825 670 1899 testimonia
686 1828 909 1904 Psalmomm
926 1857 1071 1925 prorsus
1119 1847 1222 1922 gent,
1255 1846 1290 1905 et
1306 1832 1448 1905 interim
1464 1833 1621 1902 carnales
1643 1855 1749 1903 curae
1770 1843 1805 1902 et
1826 1830 1972 1901 affectus
1995 1827 2109 1918 magis

92 1920 311 1993 eomintiunt
325 1945 404 1992 cum
420 1918 488 1996 hoc
507 1928 585 2000 l'oco
602 1926 724 2019 Pauli,
756 1947 791 2005 et
811 1933 906 2004 idem
931 1938 1071 2023 docent,
1119 1935 1298 2020 eminent,
1330 1948 1366 2006 et
1382 1958 1508 2025 magna
1527 1958 1608 2027 pars
1624 1935 1716 2006 vitae
1733 1934 1864 2003 directa
1889 1945 1940 2003 est
1961 1932 2006 2001 ad
2029 1952 2108 2000 cer·

93 2024 179 2119 quod
195 2016 258 2093 itic
271 2023 427 2117 disputat
440 2026 592 2113 Paulus,
618 2034 801 2122 videlicet,
834 2035 940 2127 Quod
965 2062 1069 2109 nemo
1119 2037 1214 2108 nalia
1236 2037 1402 2108 consilia:
1435 2062 1508 2106 non
1532 2050 1607 2108 toto
1629 2037 1762 2130 impetu
1783 2036 1967 2126 quaeritur
1992 2030 2106 2123 gloria

91 2124 153 2217 legi
183 2123 395 2212 satisfaciat,
436 2134 533 2223 quod
572 2151 736 2209 maneant
758 2137 797 2206 in
826 2139 956 2210 sanctis
985 2140 1069 2210 reli·
1117 2137 1197 2215 Dei.
1247 2137 1344 2209 Haec
1369 2140 1453 2209 vitia
1470 2139 1589 2209 videre
1606 2139 1737 2210 debent
1756 2137 1825 2229 pii,
1858 2149 1999 2227 agentes
2020 2156 2107 2226 poe·

91 2225 185 2321 quise
201 2227 354 2319 peccati,
379 2225 486 2320 Quod
504 2235 616 2306 sancti
632 2238 702 2308 sint
717 2238 818 2326 iusti,
844 2240 879 2310 id
907 2254 976 2327 est,
1008 2266 1069 2312 ac·
1117 2241 1324 2327 nitentium,
1358 2254 1398 2310 ut
1413 2241 1644 2311 exclamemus
1668 2263 1748 2310 cum
1765 2237 1894 2309 Paulo:
1924 2235 2016 2327 Quis
2038 2256 2105 2306 nos

90 2326 174 2423 arpti
200 2350 266 2423 per
293 2328 593 2424 misericordiam,
625 2342 807 2414 credentes
835 2340 904 2413 sibi
933 2344 1067 2415 remitti
1115 2344 1476 2435 liberabitacorpore
1491 2342 1617 2413 mortis
1634 2338 1770 2413 buius?

88 2442 220 2529 peccata
244 2442 389 2522 propter
411 2431 608 2511 Christum.
660 2440 760 2516 Sicut
783 2443 892 2536 igitur
915 2446 951 2514 in
967 2445 1067 2516 Psal-
1447 2508 1454 2525 ,
1520 2508 1526 2524 ,
1648 2506 1655 2525 ,

89 2530 167 2619 sois,
191 2533 352 2625 exemplo
369 2532 533 2624 Davidis,
562 2542 811 2617 describuntur
832 2571 955 2616 omnes
979 2573 1063 2619 con.
1374 2504 1477 2607 Qum
1494 2504 1668 2581 “bimi“
1683 2530 1755 2597 Μ·
1781 2517 1844 2587 ⁶¹⁶·

91 2634 171 2705 sarsi
195 2648 231 2707 et
251 2636 364 2706 uncti
385 2637 425 2707 in
445 2634 623 2717 Ecclesia:
658 2646 705 2718 ita
731 2660 765 2719 et
788 2643 1001 2720 hicPaulus
1022 2653 1066 2721 de
1216 2642 1278 2716 Est
1294 2656 1327 2714 et
1341 2646 1453 2714 torma
1469 2645 1643 2714 sermonis
1655 2638 2009 2733 obsmvandmouod
2026 2662 2101 2709 ¹10ss

90 2754 303 2807 ttconserso
320 2750 353 2809 et
367 2741 580 2816 sanctificato
596 2745 772 2840 loquitur,
806 2763 840 2821 et
861 2773 925 2822 suo
948 2776 1065 2823 exem·
1114 2745 1251 2840 inquil:
1286 2744 1377 2834 Quit
1399 2747 1568 2817 liberabit
1590 2771 1648 2817 ¹¹¹0
1667 2749 1714 2817 Bb
1738 2742 1803 2817 hac
1825 2757 1957 2827 ωῡῐῑθ,
1995 2742 2103 2812 stdt't

89 2832 460 2929 plodescribitomnes
474 2860 612 2919 sanctos
627 2848 664 2920 in
681 2845 850 2925 Ecclesia,
1114 2871 1272 2938 corpore.
1333 2847 1417 2918 Non
1442 2850 1538 2918 euim
1562 2849 1606 2917 de
1629 2872 1744 2941 poena
1767 2859 1904 2917 tantum
1928 2843 2103 2937 loquitur,
2208 2868 2214 2888 ‘

178 2936 293 3033 idque
323 2944 515 3016 ostendunt
545 2949 619 3041 ipsa
648 2951 774 3040 verba,
815 2978 895 3024 cum
929 2953 1062 3047 inquit:
1113 2952 1174 3020 sed
1197 2952 1241 3019 de
1264 2964 1417 3042 peccato.
1475 2947 1524 3021 Et
1546 2963 1692 3021 testatur
1715 2971 1843 3041 corpus
1863 2947 1999 3038 ipsum,
2032 2940 2103 3015 hoc

90 3034 333 3131 Delectorlege
349 3042 429 3120 Dei.
481 3045 586 3120 Item:
614 3050 736 3125 Mente
751 3055 866 3124 servio
888 3056 956 3147 legi
983 3055 1061 3125 Dei.
1114 3067 1184 3137 est,
1210 3047 1301 3122 hanc
1317 3067 1477 3126 naturam
1495 3050 1672 3123 carnalem
1696 3051 1897 3120 immersam
1921 3068 1996 3117 esse
2018 3069 2101 3138 pec-

90 3136 185 3213 ltsm:
212 3140 317 3214 Velle
337 3147 435 3219 adest
457 3144 559 3226 mihi.
609 3151 700 3224 Nam
723 3155 769 3248 in⁸
785 3157 903 3249 impiis
927 3158 1064 3230 etiamsi
1114 3168 1189 3225 cato
1207 3169 1240 3224 ct
1256 3154 1374 3227 morti.
1424 3152 1623 3225 Comenim
1639 3146 2098 3241 nominatCorpusmortisr

90 3244 278 3318 estnoti'cia
294 3246 411 3342 aliqua
427 3250 531 3341 legis,
558 3264 677 3326 tamen
691 3283 765 3328 non
782 3274 833 3330 est
853 3260 942 3329 illud
959 3260 1062 3348 velle,
1113 3256 1280 3346 intelligit
1296 3271 1461 3328 naturam
1477 3257 1680 3326 immersam
1704 3269 1865 3346 peccato,
1898 3267 1933 3323 et
1955 3260 2098 3340 propiet

91 3359 142 3420 ant
156 3346 322 3419 delectari
340 3349 416 3441 lege
432 3350 520 3440 Dei,
546 3355 590 3425 de
606 3382 677 3450 quo
695 3356 753 3428 hic
771 3360 942 3455 loquitur.
979 3362 1061 3433 Non
1112 3374 1292 3451 peccatum
1323 3360 1516 3432 subiectam
1546 3358 1672 3444 morti,
1703 3352 1774 3427 hoe
1803 3368 1872 3441 est,
1906 3352 2100 3424 subiectam

91 3450 175 3519 miro
202 3448 333 3539 frigide
360 3452 590 3543 intelligenda
618 3473 702 3531 sunt
726 3456 811 3533 haec
834 3465 958 3534 verba:
982 3461 1062 3535 De.
1112 3462 1185 3532 irae
1200 3460 1284 3547 Dei,
1311 3462 1461 3554 poenis,¹
1476 3460 1693 3546 terroribus,
1719 3459 1828 3531 morti
1849 3469 2013 3528 aeternae
2034 3465 2098 3525 etc.

91 3546 188 3622 lector
199 3552 278 3643 lege
295 3551 385 3639 Ilei,
410 3554 511 3627 Velle
527 3562 626 3630 adest
640 3557 730 3631 mihi
746 3578 811 3639 ete.
861 3564 932 3637 Sed
956 3580 1061 3638 testa·
1111 3561 1213 3635 Sicut
1234 3562 1374 3635 Psalmo
1395 3563 1457 3634 28.
1489 3561 1640 3634 dicitur:
1691 3557 1843 3657 Propter
1871 3556 2098 3653 iniquitatem

91 3650 276 3725 turPaulus
289 3675 326 3723 se
342 3648 474 3729 habere
489 3658 665 3733 incoatam
682 3666 936 3753 obedientiam,
951 3691 1060 3759 agno-
1109 3665 1311 3758 corripuisti
1331 3661 1524 3742 hominem.

90 3772 173 3825 scere
186 3751 323 3841 lleum,
350 3758 635 3849 confidereDeo,
661 3790 734 3836 non
753 3768 908 3861 relinqui
933 3768 970 3838 in
993 3773 1060 3840 du-

90 3852 269 3943 bitatione,
294 3858 460 3952 setl'erigi
476 3863 557 3935 fide.
611 3865 721 3955 Item,
745 3869 898 3940 libenter
914 3870 1060 3943 obedire
1455 3899 1594 4012 caput
1627 3899 1751 3986 vm·

90 3948 486 4035 Desinafflictionibus.
534 3963 1060 4060 HaecsignificatverbumDe-
1467 4029 1471 4039 ,

92 4055 191 4133 lector
200 4060 275 4154 lege
293 4062 379 4150 Dei,
405 4090 495 4159 quae
509 4082 603 4142 certe
615 4096 688 4141 non
706 4074 842 4146 suntin
860 4075 990 4168 impiis.
1211 4066 1392 4157 Ηδςῑῑῦῢ*
1409 4068 1500 4141 dixit
1516 4070 1560 4139 de
1577 4080 1718 4163 Ρθῑθθίθ
1733 4080 1767 4138 ei
1788 4065 1833 4134 de
1853 4063 1938 4152 ¹⁶80·
1990 4055 2097 4129 Nunc

179 4158 320 4236 Rursus
347 4167 453 4237 ettam
484 4163 544 4241 hic
572 4177 773 4246 monendus
802 4190 854 4247 est
884 4178 995 4250 lector
1017 4179 1062 4248 de
1111 4171 1203 4244 redit
1217 4169 1694 4263 addescriptionemgratiae.
1718 4159 2094 4255 Potesteoimquaeri:
2138 4265 2139 4268 Ἴ

88 4260 284 4337 discrimine
313 4266 492 4342 interioris
525 4286 560 4345 et
590 4275 773 4350 exterioris
803 4273 981 4366 bominis,
1017 4283 1061 4350 de
1111 4273 1151 4347 Si
1166 4269 1282 4344 adbuc
1300 4287 1349 4344 est
1366 4285 1548 4365 peccatum
1566 4274 1604 4341 in
1628 4270 1782 4353 constit,
1822 4266 2002 4364 q¹¹⁰¹¹¹⁰d⁰
2027 4261 2095 4353 idi·

95 4380 195 4438 num
211 4382 249 4441 οι
262 4368 309 4440 de
328 4392 445 4446 rame,
496 4370 650 4446 Interior
672 4373 780 4451 homo
801 4379 972 4470 significat
996 4375 1061 4454 ho.
1111 4389 1265 4448 tursunt
1282 4375 1391 4446 iusti?
1415 4376 1594 4471 quomodo
1609 4374 1699 4443 fiunt
1714 4368 1828 4442 salvi?
1856 4364 1926 4438 Hic
1946 4386 2095 4457 respon-

95 4467 230 4553 stinem,
273 4486 448 4565 qtsaternm
475 4490 664 4549 renovatus
692 4495 743 4559 est
766 4481 904 4575 Spiritu
929 4498 1061 4570 sancto,
1111 4481 1171 4551 det
1186 4494 1221 4550 et
1236 4477 1388 4547 declarat
1406 4476 1676 4567 amplitudinem
1690 4473 1833 4563 gratiae.
1882 4466 2028 4541 Dictum
2043 4478 2097 4538 est

97 4558 147 4641 bor
158 4586 230 4663 est,
257 4586 432 4667 quatenus
450 4571 558 4648 hahet
575 4603 697 4651 verum
712 4584 875 4654 timorem
891 4595 924 4655 et
940 4609 1060 4657 veram
1110 4595 1227 4652 autem
1243 4602 1370 4670 supra,
1395 4582 1489 4671 quod
1508 4577 1617 4665 gratia
1629 4574 1804 4665 significet
1818 4570 2095 4663 acceptationem

96 4665 255 4750 Muciam.
306 4673 358 4747 lta
373 4691 409 4749 et
430 4702 531 4748 mens
553 4704 626 4750 non
647 4685 818 4774 significat
840 4680 899 4756 hic
924 4700 1059 4758 tantum
1109 4680 1318 4773 gratuitam,
1341 4705 1445 4773 (1¹¹am
1463 4675 1522 4749 ¹¹3⁰
1538 4679 1705 4749 deffllhfl
1726 4674 1898 4767 negative·

98 4790 212 4857 partem
249 4793 537 4866 cognoscentem,
589 4787 649 4854 sed
685 4800 872 4881 utramque
909 4802 1059 4880 partem,

95 4890 344 4967 tignoscentem
360 4893 396 4952 et
415 4897 657 4973 appetentem,
692 4904 865 4981 quatenus
890 4904 1058 4962 renovata

93 4989 127 5049 ttt
139 4977 279 5071 Spiritu
294 4994 434 5069 sancto,
450 4984 539 5056 sicut
555 4987 689 5083 inquit:
715 4989 792 5083 Ego
807 5004 925 5062 autem
941 5007 1058 5064 mente

90 5082 189 5152 tarto
203 5081 275 5171 legi
288 5081 371 5152 Dei.
1207 5087 1249 5159 ld
1282 5102 1352 5171 est,
1391 5087 1569 5161 iustificati
1598 5088 1667 5158 lide
1688 5085 1828 5176 placent
1851 5079 1926 5153 Deo
1947 5088 2092 5171 propter

170 5180 333 5255 Econtra
356 5185 508 5258 exterior
534 5182 663 5271 homo,
697 5215 758 5263 seu
778 5190 890 5279 Caro,
921 5194 1056 5285 signifi.
1106 5188 1307 5276 Christum,
1332 5190 1466 5265 etiamsi
1484 5185 1600 5261 adbuc
1622 5190 1661 5260 in
1683 5187 1734 5257 eis
1755 5182 1876 5256 haeret
1897 5194 2092 5274 peccatum,

88 5290 151 5357 ant
164 5297 283 5358 totum
305 5279 506 5377 hominem,
538 5304 712 5383 qnatenus
736 5317 810 5363 non
832 5307 883 5364 est
905 5318 1055 5368 renova·
1105 5293 1267 5365 videlicet
1291 5292 1573 5387 concupiscentia
1596 5303 1632 5362 ct
1652 5287 1773 5359 vitiosi
1797 5286 1951 5356 affectus.
2009 5281 2092 5353 Non

88 5400 124 5462 ts
137 5385 283 5483 Spiritu
298 5401 447 5462 sancto:-
468 5404 502 5465 et
523 5394 721 5488 significant
735 5419 809 5468 uon
829 5409 969 5473 tautum
991 5421 1055 5496 ap·
1103 5394 1218 5503 enim,
1244 5394 1381 5494 inquit,
1405 5396 1547 5469 nullom
1564 5414 1637 5466 esse
1648 5400 1833 5487 peecatum
1846 5384 1887 5455 in
1908 5383 1997 5480 piis,
2030 5385 2092 5459 sed

1107 4847 1233 4928 Nullo
1247 4870 1345 4920 nunc
1357 4843 1612 4919 condemnatio
1629 4855 1685 4917 cst
1698 4841 1779 4929 Itis,
1805 4843 1871 4945 qui
1884 4841 1924 4914 iu
1939 4833 2094 4916 Christo

1447 4948 1537 5022 Iesu
1555 4945 1765 5020 ambulant.
1924 4967 1927 4973 ·
