4522 5782
108 227 184 311 na
283 288 289 295 ,
708 216 1543 303 rumunnscrstrraaxncnrtca.
2069 224 2144 327 aas

108 402 346 477 remittentur.
398 397 473 470 Nec
493 396 696 469 coniectura
721 395 783 469 illa
806 398 907 468 firma
926 409 999 482 est,
1028 394 1097 466 Pe-
1250 394 1464 466 l‘raemonet
1492 393 1602 484 igitur
1622 388 1786 467 Christus
1809 393 1975 481 Petrum,
2012 410 2056 467 ut
2080 397 2142 469 dc-

110 521 188 579 trus
209 505 287 597 plus
310 500 449 591 diligit,
474 522 556 589 ergo
572 499 604 569 ei
620 500 790 570 tribuitur
803 501 918 571 maior
933 513 1098 592 potestas.
1151 521 1263 590 ponas
1279 499 1371 569 illud
1387 498 1491 568 dulce
1505 495 1685 568 somnium
1698 499 1742 567 de
1766 498 1923 588 potentia
1946 509 1983 569 et
2004 499 2145 592 opibus,

111 608 234 679 Potest
257 605 353 673 enim
374 606 451 671 siue
476 614 646 694 potestate
672 602 785 671 maior
803 603 947 672 dilectio
964 625 1036 672 esse
1059 600 1097 668 in
1151 614 1244 671 etse
1267 612 1452 691 praeparet
1475 601 1519 668 ad
1541 622 1694 673 crucem.
1768 598 1882 692 Saepe
1907 614 2027 672 antem
2055 600 2144 673 alias

109 711 270 814 privato,
296 731 402 799 quam
426 708 463 773 iu
485 706 740 794 gubernatore,
766 705 920 798 denique
937 704 1100 772 ministe-
1152 703 1374 788 dictumest,
1401 704 1439 770 in
1455 702 1529 771 sola
1548 697 1708 772 Ecclesia
1724 697 1791 771 Ilei
1807 712 1925 773 extare
1944 703 2144 774 doctrinam

111 812 206 880 rium
228 806 414 898 Evangelii
438 821 489 876 est
510 809 714 876 mandatum
739 809 891 875 docendi
912 804 1099 895 Evangelii
1153 829 1271 875 veram
1291 807 1334 874 de
1351 828 1475 884 cruce,
1501 817 1535 873 et
1551 804 1688 873 firmam
1705 805 1999 877 consolationem.
2053 800 2145 875 Eth-

113 931 148 985 et
177 910 450 979 administrandi
485 925 723 993 sacramenta,
771 933 843 977 non
873 923 923 978 est
948 922 1101 999 potestas
1153 908 1224 977 nici
1245 921 1278 978 et
1292 906 1355 977 alii
1371 902 1830 997 ignorantesEvangelium‚
1855 931 1921 976 nec
1938 930 2062 977 causas
2079 931 2144 979 no-

114 1014 241 1085 similis
271 1012 444 1104 politicae.
497 1009 587 1079 Nam
625 1023 777 1098 potestas
811 1012 955 1103 politica
994 1006 1101 1080 babet
1153 1022 1258 1094 runt,
1283 1011 1379 1079 unde
1395 1009 1466 1078 sint
1481 1021 1598 1079 tantae
1612 1009 1846 1093 calamitates,
1872 1023 1944 1078 tarn
1962 1023 2145 1102 praestan-

114 1118 320 1186 mandatum
353 1113 476 1183 tuendi
504 1112 727 1202 disciplinam
760 1126 794 1184 et
825 1137 965 1204 pacem,
1004 1113 1100 1184 iuxta
1154 1112 1201 1181 tis
1217 1125 1364 1181 naturae
1381 1106 1589 1195 hominum,
1615 1134 1681 1181 nec
1702 1125 1840 1181 norunt
1864 1111 2016 1181 efficacia
2033 1136 2145 1183 reme

115 1231 228 1287 certas
245 1219 355 1304 leges,
381 1215 417 1283 vi
433 1215 626 1305 corporali,
657 1229 690 1284 et
708 1209 817 1285 habet
833 1228 965 1285 certum
989 1238 1101 1306 popu·
1156 1213 1215 1282 dia
1244 1237 1326 1282 vere
1354 1213 1515 1281 sanantia
1543 1213 1683 1282 dolores
1705 1213 1833 1283 cordis.
1885 1213 1956 1284 Sed
1981 1210 2145 1303 Evange-

117 1321 210 1403 lum,
237 1342 342 1410 quem
367 1317 462 1407 cogit
477 1319 520 1384 ad
542 1317 852 1402 obedientiam,et
874 1330 989 1408 potest
1011 1319 1103 1385 serre
1156 1316 1245 1384 lium
1280 1326 1316 1384 et
1343 1337 1464 1383 causas
1490 1315 1663 1398 ostendit,
1697 1328 1732 1385 et
1763 1315 1940 1398 remedia,
1976 1340 2019 1385 ac
2046 1338 2145 1408 saepe

71 1462 74 1467 -
117 1444 229 1489 novas
243 1420 582 1507 legescougruentes
599 1420 747 1503 rationi,
773 1419 877 1490 utiles
903 1442 966 1488 suo
991 1419 1106 1510 impe·
1157 1418 1243 1486 alias
1271 1418 1408 1507 integra
1439 1417 1600 1487 doctrina
1634 1420 1681 1485 dc
1707 1411 1776 1487 boc
1804 1416 1882 1486 loco
1913 1418 2058 1489 recitata
2084 1430 2145 1503 est,

117 1524 183 1591 rio.
234 1520 315 1591 Non
333 1534 385 1590 est
407 1535 523 1590 autem
541 1519 706 1589 ministro
726 1518 912 1607 Evangelii
938 1521 1016 1590 talis
1041 1546 1106 1611 po·
1158 1544 1265 1612 quam
1296 1532 1389 1589 certe
1415 1531 1554 1608 oportet
1581 1541 1705 1588 omnes
1728 1542 1867 1610 semper
1894 1521 1932 1587 in
1957 1534 2145 1611 conspectu

118 1637 244 1706 testas,
270 1645 343 1690 non
362 1618 469 1691 habet
486 1623 712 1691 autoritatem
729 1623 866 1693 ferendi
890 1646 999 1692 novas
1013 1623 1106 1712 leges
1129 1598 1133 1667 l
1160 1618 1316 1700 habere,
1357 1634 1398 1690 ut
1429 1633 1573 1692 teneant
1599 1620 1639 1689 in
1669 1622 1807 1711 magnis
1835 1622 2023 1693 doloribus
2050 1642 2145 1693 veras

118 1740 214 1795 extra
236 1721 488 1811 Evangelium,
516 1748 579 1792 nec
597 1725 631 1791 vi
656 1739 716 1795 aut
743 1725 1107 1795 excommunicatione
1136 1722 1431 1815 consolationes.

118 1828 268 1914 cogendi
292 1827 381 1894 alios
410 1825 591 1894 ministros
619 1828 663 1894 ad
697 1828 790 1915 leges
817 1840 913 1896 extra
943 1822 1106 1919 Evange-

119 1930 207 1999 lium
233 1929 330 1997 latas.
548 1988 552 1996 .

224 2027 305 2100 Non
324 2043 373 2097 est
392 2029 500 2116 igitur
516 2027 679 2116 lingenda
695 2042 845 2121 potestas
861 2029 1011 2100 alicuius
1034 2031 1109 2120 epi.
1262 2022 1347 2095 Dixi
1387 2027 1426 2095 in
1465 2029 1570 2099 tertio
1610 2028 1690 2099 loco
1730 2029 1907 2099 contineri
1948 2029 2145 2101 doctrinam

122 2130 219 2221 scopi
234 2131 359 2198 similis
375 2152 495 2218 regum
512 2133 695 2218 potestati,
721 2147 758 2202 ut
777 2135 820 2200 de
836 2130 1002 2203 Romano
1017 2156 1110 2225 pon·
1163 2128 1404 2220 dignissimam
1420 2129 1590 2201 memoria
1609 2133 1653 2201 de
1677 2132 1880 2213 vocatione,
1905 2156 1985 2203 cum
2010 2133 2145 2203 diversa

123 2234 215 2303 tilica
238 2233 388 2321 fingunt.
440 2230 535 2300 Haec
561 2233 644 2303 satis
673 2234 718 2305 sit
744 2237 788 2304 de
811 2230 877 2305 hac
906 2237 1111 2327 qsraestione
1162 2230 1289 2302 sintin
1308 2227 1463 2300 Ecclesia
1481 2233 1596 2321 dona,
1623 2246 1657 2301 et
1678 2234 1836 2303 diversae
1857 2235 2081 2315 vocationes,
2104 2256 2145 2305 ne

122 2335 281 2405 breviter
300 2334 491 2403 monuisse.
1163 2345 1226 2402 aut
1247 2333 1491 2421 desperatione
1522 2335 1745 2422 frangamur,
1785 2350 1846 2407 aut
1872 2337 2072 2408 invidentia
2094 2337 2145 2405 in·

226 2435 279 2504 De
298 2439 453 2505 sectando
478 2435 575 2517 loco,
603 2435 737 2505 scilicet
762 2437 806 2504 de
828 2436 1032 2507 discrimine
1054 2440 1112 2507 di·
1163 2437 1376 2518 cendamur,
1401 2449 1545 2525 propter
1559 2437 1650 2505 alios
1667 2439 1933 2524 antecellentes,
1959 2453 2022 2510 aut
2044 2461 2145 2530 prava

125 2537 296 2628 sciplinae
318 2551 353 2606 et
381 2537 505 2607 crucis.
570 2532 661 2606 Cum
688 2560 777 2607 esses
809 2539 955 2625 iunior,
994 2541 1112 2632 inquit
1163 2536 1362 2606 imitatione
1377 2557 1439 2606 seu
1460 2533 1683 2633 κᾳκοζηὶίᾳ,
1709 2553 1771 2609 aut
1790 2535 2145 2638 πολυπραγμοσύνῃ

124 2634 308 2719 Christus,
345 2638 508 2727 cingebas
530 2650 564 2707 te
586 2637 679 2729 ipse,
704 2652 770 2712 etc.
822 2638 870 2711 Ut
892 2666 994 2732 saepe
1014 2643 1113 2729 alias,
1164 2640 1301 2708 deserta
1323 2653 1444 2709 nostra
1476 2641 1687 2722 vocatione,
1729 2642 1768 2710 iu
1797 2643 1933 2712 alienas
1961 2649 2145 2731 irruamus,

124 2742 175 2813 ita
190 2755 226 2811 ct
239 2740 279 2810 in
295 2734 362 2810 hoc
376 2738 555 2832 colloquio
573 2752 667 2811 taxat
681 2735 845 2811 Christus
861 2745 1004 2814 stultam
1032 2769 1112 2834 per·
1164 2734 1250 2809 haec
1274 2740 1343 2811 late
1366 2753 1488 2832 patent
1509 2741 1548 2810 in
1573 2744 1664 2833 vita,
1703 2756 1744 2813 ut
1766 2745 1923 2837 exempla
1944 2748 2145 2817 ostendunt

126 2842 326 2939 suasionem
342 2841 458 2933 Petri,
489 2840 550 2932 qui
574 2844 777 2940 expectabat
800 2843 870 2912 iam
893 2860 969 2936 post
995 2871 1111 2917 resur·
1164 2840 1238 2912 Nus
1258 2842 1341 2935 quia
1364 2857 1485 2913 nostra
1508 2845 1603 2913 dona
1626 2868 1701 2913 non
1725 2861 1808 2916 sunt
1833 2848 1929 2936 paria
1953 2844 2145 2938 Propheta-

126 2944 319 3015 rectionem
345 2938 480 3014 Christi
501 2943 590 3012 illud
620 2967 766 3015 aureum
789 2945 1001 3038 imperinm,
1041 2975 1112 3042 quo
1165 2968 1245 3015 rum
1268 2957 1303 3014 et
1323 2941 1577 3033 Apostolorum
1607 2948 1730 3033 donis,
1762 2951 1926 3036 angimur
1948 2963 1985 3020 et
2008 2951 2145 3021 dubita·

127 3047 301 3138 putabant
318 3044 439 3116 ludaei
453 3069 490 3115 se
507 3046 651 3116 domitis
673 3047 838 3136 gentibus
857 3072 1031 3119 summam
1047 3076 1114 3144 po·
1166 3068 1262 3130 mus,
1295 3070 1340 3115 an
1364 3044 1440 3116 Deo
1474 3048 1692 3137 placeamus,
1732 3073 1778 3118 an
1803 3050 1899 3120 Deus
1921 3051 2006 3123 velit
2032 3054 2145 3122 adesse

127 3149 273 3220 tentiam
299 3163 334 3219 et
355 3171 441 3237 opes
463 3168 684 3239 possessuros
707 3172 790 3218 esse.
853 3147 951 3237 lmo,
982 3153 1113 3247 inquit,
1165 3161 1287 3217 nostro
1304 3148 1492 3218 curriculo.
1543 3146 1640 3219 llaec
1662 3152 1887 3233 imbecillitas
1902 3154 2077 3224 elicienda
2092 3166 2145 3235 est.

127 3274 224 3320 nunc
247 3248 390 3319 initium
419 3250 485 3321 erit
507 3249 705 3337 ingentium
736 3251 982 3324 afflictionum.
1034 3256 1113 3325 An·
1168 3266 1202 3320 ct
1223 3250 1450 3320 serviendum
1474 3251 1575 3321 firma
1606 3252 1702 3338 fide,
1740 3255 1879 3325 etiamsi
1909 3258 2005 3327 duna
2035 3270 2145 3327 nostra

127 3366 184 3424 tea
207 3351 371 3439 cingebas
395 3365 428 3421 te
450 3352 542 3443 ipse,
569 3375 667 3421 nunc
689 3353 751 3422 alii
774 3353 927 3444 cingent.
980 3354 1022 3426 ln
1045 3353 1114 3429 hoe
1166 3352 1408 3443 suut-exigua.
1474 3351 1657 3423 Praeterea
1683 3353 1789 3441 Cain,
1820 3356 1927 3443 Saul,
1953 3358 2145 3429 incendun-

48 3477 52 3483 ·
127 3453 207 3523 loco
254 3451 476 3525 discernatur
516 3452 704 3543 disciplina
745 3455 931 3526 rationalis
956 3481 975 3527 a
998 3483 1113 3532 cresce.
1167 3468 1226 3524 tur
1242 3453 1452 3524 invidentia.
1504 3452 1585 3525 Hoc
1601 3457 1734 3527 malum
1753 3459 1922 3529 usitatum
1938 3475 1990 3530 cst
2007 3484 2145 3531 nouso·

126 3553 330 3643 Disciplina
354 3567 406 3624 est
427 3554 611 3645 diligentia
635 3556 779 3645 regendi
803 3570 965 3630 externos
986 3585 1114 3644 mores,
1167 3556 1241 3624 lum
1258 3557 1297 3623 in
1312 3552 1488 3640 Ecclesia,
1514 3559 1575 3626 sed
1595 3560 1699 3627 etiarn
1715 3561 1753 3628 in
1775 3561 1856 3635 aliis
1871 3557 2060 3633 hominum
2078 3586 2145 3635 rot·

129 3660 227 3729 iuxta
250 3658 416 3726 mandata
435 3652 520 3740 Dei,
561 3656 630 3727 hoc
654 3670 726 3743 est,
757 3672 939 3752 utcunque
961 3663 1114 3755 seipsum
1167 3659 1273 3728 tibus.
1341 3656 1532 3748 Pompeius
1561 3661 1657 3731 dolet
1687 3686 1842 3732 crescere
1864 3663 2019 3745 lulium,
2060 3679 2098 3737 et
2118 3687 2145 3735 st

129 3759 279 3848 cingere.
344 3756 422 3827 Etsi
463 3772 581 3828 autem
620 3753 712 3829 haur
750 3761 975 3853 disciplinam
1018 3765 1116 3837 Deus
1168 3758 1488 3852 quasiinieriorem
1507 3761 1609 3846 duci,
1642 3764 1723 3834 ideo
1743 3767 2145 3858 faciliusimpellitursd

129 3858 320 3953 praecipit,
368 3874 409 3930 ut
436 3858 582 3930 dicitur:
624 3858 698 3930 Lex
737 3876 789 3932 est
829 3864 923 3935 bona
959 3866 1115 3957 legitime
1167 3864 1383 3932 movendum
1401 3862 1535 3933 bellum
1560 3864 1684 3945 civile,
1709 3889 1750 3936 ac
1764 3880 1804 3937 ut
1819 3868 1858 3936 iu
1874 3869 2035 3961 imperiis
2060 3870 2145 3941 sedi·

128 3962 255 4035 utenti.
321 3958 433 4033 Item:
476 3961 549 4051 Qui
579 3962 737 4051 gladium
764 3967 954 4056 acceperit,
996 3969 1114 4058 gladio
1167 3965 1282 4035 tiones
1298 3977 1332 4033 et
1345 3963 1436 4033 bella
1452 3964 1570 4035 civilia
1587 3968 1755 4038 omnibus
1769 3972 1944 4042 aetatibus
1958 3994 2002 4043 ex
2019 3972 2145 4042 invidit

128 4064 279 4158 peribit,
305 4077 422 4133 tamen
447 4076 585 4134 tantum
604 4077 654 4133 cst
678 4079 860 4137 externum
885 4094 993 4161 opus,
1019 4073 1114 4164 quod
1168 4065 1601 4157 etcopiditatcvindictae
1619 4084 1812 4144 ortasunt:
1848 4073 1897 4145 ita
1911 4098 2016 4165 saepe
2031 4076 2071 4145 in
2086 4072 2145 4144 Ec·

129 4166 234 4237 etiam
268 4163 307 4232 in
334 4164 453 4256 impiis
482 4186 555 4234 esse
584 4178 710 4255 potest.
774 4164 847 4239 Sed
876 4194 961 4243 crux
984 4174 1116 4245 dicitur
1167 4168 1273 4238 clesia
1288 4180 1403 4238 motae
1417 4182 1500 4241 sunt
1515 4168 1623 4240 falsae
1639 4173 1844 4263 opiniones,
1870 4188 1905 4245 et
1916 4198 2068 4266 magnac
2080 4178 2145 4249 dis·

1396 1885 1443 1959 Si
1458 1912 1537 1961 eum
1554 1884 1637 1961 volo
1650 1914 1815 1979 monere,
1839 1901 1903 1967 uc.

1 4344 4 4354 ⁸
75 4304 80 4313 1
129 4266 296 4345 afflictio,
322 4288 397 4335 non
420 4266 585 4337 accersita
601 4281 719 4338 nostra
745 4271 948 4359 voluntate,
972 4276 1031 4344 sed
1049 4290 1116 4346 aut
1167 4271 1360 4361 sipationes
1383 4271 1494 4341 iactae
1517 4286 1618 4360 suut,
1650 4288 1690 4345 ut
1706 4275 1823 4347 invidi
1844 4277 1935 4349 alios
1956 4294 2145 4353 crescentes

129 4384 206 4440 orta
235 4392 255 4437 a
284 4368 444 4460 tyrannis
473 4368 685 4440 conantibus
715 4371 833 4441 delere
858 4368 1116 4466 Evangelium,
1168 4374 1247 4443 loco
1272 4388 1471 4461 moverent,
1511 4389 1613 4446 etex
1643 4376 1783 4468 fastigio
1813 4392 2027 4457 excuterent.
2095 4381 2145 4454 Sit

2 4522 5 4527 -
129 4484 191 4543 aut
205 4492 356 4563 sequens
377 4493 601 4540 communem
625 4470 868 4544 infirmitatem
890 4490 1036 4549 naturae
1048 4474 1115 4552 hu·
1168 4473 1278 4545 Arius
1299 4475 1423 4544 dolens
1452 4476 1564 4546 alium
1594 4477 1662 4548 tibi
1686 4479 1880 4569 praelatum
1907 4505 1982 4552 esse
2012 4486 2051 4553 in
2084 4485 2145 4554 ele⁴

127 4575 269 4644 minum
296 4572 471 4642 obnoxiae
499 4572 653 4658 morbis,
687 4577 904 4668 paupertati,
936 4579 1115 4668 infamiae,
1167 4576 1284 4648 ctione
1299 4575 1488 4670 Episcopi,
1515 4582 1628 4651 movit
1644 4594 1820 4653 certamen
1836 4587 1880 4653 de
1895 4585 1969 4655 lilio
1985 4585 2065 4661 Dei.
2105 4582 2145 4657 Et

129 4689 165 4749 et
193 4674 273 4758 aliis
296 4673 504 4763 doloribus,
539 4698 614 4745 non
643 4679 819 4750 accersitis
839 4694 959 4752 nostra
985 4684 1114 4754 volun.
1168 4675 1255 4749 haer
1276 4692 1397 4749 nostra
1421 4696 1515 4752 aetas
1533 4683 1624 4752 vidit
1637 4686 1796 4775 exempla
1814 4688 2038 4780 aliquorum,
2064 4710 2145 4783 quot

127 4791 210 4850 tate.
261 4773 587 4848 Toleraturautem
610 4793 756 4870 propter
778 4780 1014 4854 obedientiam
1037 4784 1114 4857 Deo
1168 4794 1304 4853 constat
1321 4793 1458 4851 tantum
1474 4784 1587 4853 livore
1603 4784 1769 4857 incitatus
1783 4812 1874 4873 esse,
1901 4802 1942 4860 ut
1956 4804 2145 4872 moverent,

128 4879 320 4963 debitam,
338 4889 372 4948 et
394 4880 438 4947 ad
462 4902 537 4948 eam
560 4879 799 4951 obedientiam
826 4886 996 4956 accedunt
1016 4887 1113 4969 fides,
1165 4899 1227 4956 aut
1249 4899 1515 4974 propugnarent
1535 4886 1640 4957 falsas
1664 4889 1851 4979 opiniones
1873 4893 1917 4960 ad
1934 4891 2145 4966 bebriactan-

127 5005 227 5073 spes,
267 4995 302 5051 et
324 4979 514 5051 invocatio.
582 4981 729 5052 Talium
760 4985 991 5056 afflictionum
1023 4990 1113 5059 tole·
1165 4988 1247 5055 dam
1263 5009 1385 5055 eorum
1403 4978 1647 5075 autoritatem,
1669 4992 1731 5084 qui
1748 4994 1958 5064 antecellere
1972 4996 2145 5067 existima·

127 5081 309 5179 rantialin
337 5082 467 5153 sanctis
491 5096 638 5152 vocatur
675 5085 881 5155 sacrificium
907 5102 942 5158 et
963 5092 1111 5161 mortiti-
1164 5091 1307 5161 bantur.
1358 5085 1448 5157 Cum
1474 5089 1581 5174 igitur
1604 5093 1706 5162 valde
1733 5118 1920 5167 commune
1936 5098 2074 5169 malum
2095 5098 2145 5184 sit,

126 5188 238 5269 catio,
260 5197 295 5263 ct
315 5181 420 5271 longe
443 5184 556 5252 maior
576 5198 610 5254 et
630 5185 811 5257 difficilior
833 5210 889 5256 res
910 5203 980 5281 est,
1005 5217 1111 5286 quam
1165 5190 1326 5259 invidere
1347 5191 1573 5275 melioribus,
1600 5208 1635 5265 et
1656 5218 1758 5286 saepe
1781 5192 1959 5270 horrenda
1983 5199 2145 5273 incendit

125 5286 312 5376 disciplina
335 5284 589 5375 paedagogica,
613 5288 658 5357 de
681 5312 748 5381 qna
766 5289 865 5379 prins·
881 5292 1015 5364 dictum
1040 5309 1111 5366 est:
1162 5290 1359 5377 Ecclesiae,
1383 5307 1418 5362 et
1439 5293 1669 5385 imperiorum
1691 5299 1776 5370 inde
1802 5302 1984 5388 oriantur,
2010 5304 2145 5375 duceu-

123 5384 215 5457 Cum
236 5408 328 5457 esses
348 5385 490 5473 iunior,
515 5385 867 5483 cingebas-teipsum.
907 5424 912 5433 ·
1162 5398 1341 5485 domest,
1367 5396 1472 5493 quale
1485 5397 1532 5483 sit
1545 5391 1615 5471 hoc
1628 5401 1781 5490 malum,
1806 5424 1898 5497 quac
1912 5403 1989 5479 sint
2000 5407 2145 5493 semim,
