4522 5782
66 196 139 269 187
194 260 197 265 .
248 128 261 137 ‘
470 197 553 278 ΧΠ.
602 194 899 274 ENARRATIO
926 195 976 272 tu
1002 191 1187 272 EVANG.
1210 190 1424 272 lOANNIS.
1481 195 1586 272 CAP.
1612 198 1675 272 Vl.
1966 244 1977 255 ·
2016 210 2091 285 tes
2216 230 2226 257 ‘

64 380 203 445 metus.
224 423 230 433 .
254 366 378 440 Esaiae
398 368 477 442 ota
516 360 672 461 Spiritus
690 368 839 441 Domini
861 369 928 441 Dei
947 393 1052 462 super
1102 368 1300 454 bertatem,
1347 367 1588 440 excussionem
1632 370 1877 467 tributorum,
1925 401 2086 470 regnum.

63 494 137 552 me,
174 494 218 542 eo
245 474 341 564 quod
365 472 507 543 unxerit
537 496 605 543 me.
665 468 730 543 Est
753 486 870 543 autem
894 489 1050 544 sumtum
1103 468 1239 558 Quarto
1256 471 1401 541 additur
1416 472 1595 542 doctrina:
1627 472 1666 543 Si
1682 499 1882 565 peccamus,
1909 482 1997 573 quid
2020 483 2087 570 igi-

63 573 212 644 rerbum
238 598 257 643 a
279 574 353 643 ritu
375 574 531 663 ungendi
546 575 743 645 sacerdotes
769 589 803 646 et
826 599 932 665 reges.
986 572 1051 646 Est
1102 585 1162 642 tur
1183 572 1382 643 laciendum
1406 585 1475 658 est,
1508 586 1547 644 ut
1572 576 1651 645 Deo
1676 576 1897 665 placeamus?
1948 580 2086 670 Quinto

63 676 270 765 murgi,
296 697 357 746 seu
373 677 568 764 obsignari,
595 677 765 746 destinari
787 680 830 745 ad
850 700 980 745 munus
993 700 1050 746 sa·
1100 687 1293 743 renovatur
1314 688 1506 745 certamen:
1548 679 1631 768 quia
1653 701 1737 747 voce
1760 675 1946 770 Evangelii
1969 684 2085 753 offen-

64 778 214 848 oerdotis
228 789 264 846 et
280 777 382 864 regis.
431 772 478 851 Et
493 777 636 870 quidem
654 801 735 846 curn
759 780 802 847 de
818 772 884 847 hac
901 801 1048 867 persona
1099 776 1236 844 duntur
1265 774 1404 855 ludaei,
1453 790 1486 846 et
1511 777 1548 846 fit
1573 779 1716 846 collatio
1742 778 1837 848 Mosi
1861 799 1895 853 et
1923 783 2083 857 Messiae.

62 879 211 962 dicitur,
253 879 505 967 intelligendus
535 893 587 949 est
615 881 776 949 sacerdos
797 903 878 949 vere
905 881 1045 969 placans
1100 876 1223 960 Sexto,
1248 899 1369 946 rursus
1388 878 1626 967 interponitur
1644 882 1803 949 doctrina
1820 884 1864 951 de
1880 886 2084 955 discrimine

61 979 143 1048 iram
159 978 255 1065 Dei,
282 993 317 1049 et
339 1004 398 1049 rex
419 980 481 1073 qui
498 1005 641 1069 prorsus
661 982 776 1051 deleat
797 1004 945 1070 regnum
972 982 1049 1049 dia·
1100 971 1276 1046 humanae
1290 979 1497 1070 sapientiae,
1524 995 1558 1049 et
1577 978 1781 1070 Evangelii,
1806 989 1902 1075 quod
1928 983 2085 1068 bumana

60 1080 149 1166 boli,
191 1081 327 1172 peccati
355 1094 389 1151 et
409 1082 545 1166 mortis,
569 1096 604 1152 et
619 1084 677 1153 det
691 1105 839 1171 regnum
854 1095 1048 1155 aeternum.
1099 1081 1189 1148 ratio
1212 1103 1286 1147 non
1311 1081 1542 1169 amplectatur
1558 1077 1811 1171 Evangeli‘um,
1845 1088 1913 1155 nisi
1938 1088 2084 1159 adiuve-

59 1179 127 1252 Nec
140 1194 390 1253 verotantum
412 1181 587 1273 significat
609 1184 819 1254 vocabulum
839 1206 971 1273 ungere
995 1198 1049 1254 ta·
1099 1194 1190 1250 tura
1208 1179 1343 1269 Spiritu
1359 1196 1479 1250 sancto
1487 1233 1498 1265 ,
1531 1197 1566 1252 et
1588 1182 1647 1250 hic
1663 1187 1760 1254 locus
1777 1188 1905 1259 refutat
1923 1188 2084 1279 Pelagia-

27 1359 30 1369 ,
58 1278 122 1353 lein
162 1284 431 1353 ordinationem
463 1288 507 1354 ad
542 1286 762 1374 iungendum
793 1280 862 1354 hoc
892 1309 1048 1369 munere,
1099 1304 1183 1366 nos,
1223 1282 1393 1353 discernit
1428 1285 1533 1351 etiam
1563 1281 1756 1354 Ecclesiam
1779 1310 1798 1355 a
1822 1291 1954 1381 populo
1987 1291 2085 1380 legis.

59 1386 112 1454 scd
147 1383 328 1475 significat
362 1386 465 1454 etiam
504 1387 685 1477 impartire
715 1389 828 1471 doni,
874 1386 963 1457 sicut
999 1387 1048 1456 ait
1072 1412 1075 1449 ι
1098 1382 1277 1473 Septimo,
1326 1387 1509 1454 adduntur
1548 1388 1735 1455 conciones
1764 1390 1808 1456 de
1834 1394 2083 1463 manducando

59 1482 195 1556 Esaias:
222 1484 379 1579 Spiritus
388 1485 536 1557 Domini
551 1487 618 1558 Dei
633 1511 738 1579 super
752 1512 817 1556 me.
866 1486 919 1580 Ut·
929 1502 1046 1558 autem
1099 1483 1242 1566 Messio,
1268 1508 1358 1578 quae
1373 1500 1603 1577 opponuntur
1616 1490 1688 1557 esui
1704 1488 1772 1556 sibi
1790 1493 1862 1561 dati
1880 1494 1917 1560 in
1933 1495 2082 1568 deserto.

60 1583 217 1677 Baptista
235 1610 339 1679 supra
357 1588 463 1659 dixit:
487 1588 568 1659 Non
586 1592 629 1661 ad
646 1612 845 1659 mensuram
864 1589 895 1658 ei
911 1591 971 1659 dat
985 1579 1058 1679 pa·¹
1099 1581 1253 1667 Octavo,
1289 1611 1400 1654 novae
1430 1600 1465 1657 et
1490 1589 1640 1657 maiores
1663 1590 1875 1661 offensiones
1905 1594 2084 1680 oriuntur,
2137 1582 2141 1589 ⁵

58 1702 104 1759 ter
127 1689 320 1780 spiritums
361 1690 410 1760 ita
431 1687 489 1760 hie
509 1691 724 1781 significatur
746 1687 836 1760 hanc
860 1712 1045 1781 personam
1097 1710 1176 1754 cum
1194 1688 1345 1757 audiunt
1360 1688 1403 1756 de
1430 1691 1699 1759 manducatione
1725 1690 1893 1777 Messiae,
1926 1719 1989 1763 nec
2015 1699 2082 1764 du·

59 1792 270 1860 antecellere
295 1792 462 1862 omnibus
482 1793 651 1883 peculiari
671 1794 799 1877 modo,
823 1791 943 1884 quiin
966 1791 1046 1860 aliis
1070 1856 1073 1865 .
1097 1787 1198 1856 bium
1222 1802 1273 1858 est
1293 1812 1416 1858 omnes
1438 1790 1609 1878 sapientia
1646 1786 1800 1862 humana
1825 1796 2082 1877 antecellentes,

60 1891 139 1961 locis
163 1892 346 1982 copiosius
369 1894 575 1982 exponitur,
601 1895 682 1987 quia
704 1888 866 1964 Christus
887 1892 1045 1961 cumula·
1097 1913 1177 1958 cum
1216 1889 1337 1979 legunt
1367 1885 1458 1959 hanc
1489 1893 1695 1960 concionem
1722 1896 1765 1962 de
1796 1899 2082 1981 manducatione,

60 2006 107 2062 tus
121 2007 178 2063 est
192 1993 300 2063 donis
315 1990 468 2085 Spiritus
481 1996 592 2065 sancti
610 2018 713 2086 supra
730 2018 853 2064 omnes
869 1989 1045 2078 homines,
1096 1992 1321 2088 obstupcfieri
1349 2005 1382 2061 et
1403 1992 1547 2075 mirari,
1597 2017 1767 2084 quorsum
1801 1991 1887 2067 haec
1917 2001 2083 2068 tamob-

60 2094 123 2164 imo
142 2095 233 2189 quia
255 2094 293 2162 in
318 2119 360 2164 eo
385 2096 552 2166 divinitas
576 2091 712 2168 habitat
734 2096 980 2186 corporaliter,
1008 2096 1044 2163 id
1095 2113 1195 2160 scura
1210 2094 1319 2176 ratio,
1346 2107 1379 2162 ει
1392 2095 1431 2161 in
1447 2094 1598 2184 speciem
1619 2097 1770 2164 absurda
1790 2100 1973 2189 pertineat.
2008 2090 2083 2170 No·
2114 2092 2118 2098 ¹

60 2208 119 2282 cst,
146 2196 237 2288 quia
254 2208 381 2266 natura
405 2209 456 2268 est
481 2198 575 2267 lilius
592 2196 676 2279 Dei,
709 2209 759 2267 est
784 2199 860 2289 pari
886 2197 1044 2287 potentia
1069 2196 1072 2209 “
1095 2216 1161 2272 no,
1188 2194 1368 2287 abrumpit
1387 2208 1496 2264 totam
1512 2196 1795 2282 altercationem,
1821 2214 1854 2268 ει
1869 2223 2007 2268 causam
2026 2226 2082 2271 re-

61 2320 130 2369 cum
149 2310 274 2389 patre,
300 2311 340 2368 ut
356 2299 579 2388 supradixit:
607 2298 1044 2389 Patermeususquemo-
1095 2295 1184 2385 petit
1198 2290 1324 2364 harum
1341 2296 1598 2381 offensionum,
1633 2322 1738 2390 quam
1763 2321 1866 2393 supra
1893 2301 2000 2380 dixit,
2027 2303 2082 2371 vi-

59 2400 97 2467 do
112 2413 307 2490 operatur,
334 2414 368 2470 et
388 2423 451 2488 ego
476 2423 623 2491 operor,
649 2401 840 2470 sanctificat
856 2400 983 2488 igitur,
1010 2413 1044 2469 et
1095 2396 1240 2480 delicet,
1266 2400 1360 2489 quod
1386 2420 1485 2465 mens
1500 2392 1654 2467 humana
1671 2400 1716 2470 sit
1730 2424 1893 2492 oppressa
1913 2404 2082 2490 tenebris,

59 2499 227 2587 vivificat,
259 2504 321 2572 dat
345 2525 473 2569 novam
498 2503 631 2586 lucem,
664 2502 857 2585 iusticiam,
885 2516 916 2570 et
933 2502 1040 2570 vitam
1094 2520 1160 2566 nec
1186 2499 1417 2588 amplectatur
1438 2496 1694 2587 Evangelium,
1732 2503 1800 2572 nisi
1827 2503 1903 2574 Deo
1926 2504 2081 2579 iuvante.

56 2615 245 2672 aeternam.
298 2602 358 2673 Sic
382 2616 433 2672 est
453 2604 658 2692 obsignatus
675 2618 708 2673 ει
723 2618 849 2672 unctus
866 2599 1041 2682 Christus,
1094 2599 1264 2685 Decimo,
1305 2612 1464 2687 tentatur
1499 2602 1671 2671 consessio
1703 2602 1976 2693 Apostolorum,
2018 2607 2081 2699 qui

56 2716 93 2773 ut
114 2716 230 2792 ungat
251 2707 448 2789 credentes,
490 2706 579 2775 sicut
602 2728 707 2796 supra
732 2706 950 2775 dictumest:
988 2702 1041 2773 Ex
1094 2722 1255 2789 expresse
1288 2701 1486 2784 affirmant,
1528 2696 1624 2770 bunc
1656 2726 1758 2772 suum
1789 2707 1975 2775 domiuum
2007 2730 2081 2777 esse

53 2804 279 2894 plenitudine
295 2806 370 2873 eius
386 2830 511 2875 omnes
528 2807 728 2895 accipimus,
1093 2797 1260 2870 Messiam
1286 2802 1399 2871 filium
1425 2801 1501 2871 Dei.
1568 2801 1730 2887 Recitavi
1755 2808 1880 2876 seriem
1909 2808 2082 2893 locorum,
2108 2862 2114 2881 .

152 2902 286 2975 Graeci
301 2920 425 2996 urgent
442 2908 652 2976 vocabulum
676 2906 881 2996 obsignatus
905 2919 974 2992 est,
1008 2919 1041 2975 ει
1092 2902 1154 2994 qui
1178 2904 1217 2970 in
1238 2897 1303 2970 hac
1326 2904 1431 2994 longa
1456 2918 1492 2973 et
1516 2906 1663 2974 obscura
1695 2911 1866 2978 concione
1899 2910 2080 3003 praecipui

51 3010 322 3077 accommodant
357 3010 401 3076 ad
442 3008 631 3097 imaginem
664 3005 751 3092 Dei,
793 3003 956 3077 Christus
990 3021 1040 3077 εει
1091 3016 1193 3087 ειιηι,
1221 3016 1260 3073 ut
1281 3005 1393 3075 lector
1416 3006 1526 3095 magis
1550 3006 1686 3092 videat,
1720 3014 1901 3102 quomodo
1921 3014 2080 3081 membra

53 3102 237 3205 σφραγὶς,
273 3108 404 3194 idest,
434 3110 549 3198 imago
574 3109 683 3201 patris
708 3108 859 3190 aeterni,
888 3110 978 3180 sicut
994 3111 1037 3178 ad
1091 3118 1298 3193 congruant.

50 3205 143 3280 fleo.
163 3211 196 3278 1.
212 3209 359 3279 dicitur:
394 3209 508 3279 Filius
534 3224 582 3279 est
600 3205 795 3305 χαρακτὴρ
821 3212 1039 3280 substantiae
1193 3203 1316 3277 Redeo
1333 3205 1442 3295 igitur
1457 3207 1500 3276 ad
1527 3221 1692 3301 quartum
1710 3210 1826 3281 locum
1843 3212 1887 3280 de
1904 3213 2077 3299 doctrina,

44 3304 172 3401 'patris-
225 3309 298 3380 Nec
313 3306 401 3378 mihi
420 3312 581 3401 displicet
598 3309 681 3381 haec
697 3312 952 3401 interpretatio,
977 3313 1037 3380 sed
1090 3330 1179 3398 quae
1207 3307 1245 3376 in
1270 3304 1338 3377 hoc
1364 3309 1477 3399 capite
1504 3311 1690 3400 praecipua
1719 3327 1780 3384 est.
1839 3310 1928 3384 Cum
1954 3313 2079 3385 ludaei

49 3411 96 3481 ita
118 3408 272 3480 verbum
299 3409 496 3511 σφραγίζω
522 3414 693 3483 tribuitur
716 3413 781 3482 soli
802 3426 836 3482 et
852 3415 913 3482 uni
934 3408 1038 3482 Chri·
1089 3405 1349 3479 stomachantes
1362 3411 1539 3500 obiurgati
1555 3424 1689 3496 esseut,
1719 3413 1951 3504 interrogant,
1978 3419 2077 3509 quod

43 3518 121 3596 sto,
148 3536 224 3605 quo
239 3525 357 3583 tamen
375 3528 409 3585 et
423 3517 507 3583 alias
522 3528 672 3584 utuntur
687 3514 836 3582 loannes
854 3530 887 3583 et
896 3513 1038 3597 Paulus,
1089 3533 1179 3598 opus
1192 3510 1267 3578 fieri
1283 3502 1393 3579 velit?
1429 3511 1508 3601 lpse
1532 3514 1698 3603 proponit
1722 3510 1789 3584 hoe
1810 3540 1917 3605 opus,
1945 3519 1989 3586 de
2005 3542 2077 3611 quo

48 3617 92 3683 de
115 3613 266 3685 caeteris
290 3616 435 3698 sanctis,
469 3629 508 3685 ut
529 3621 565 3690 2.
585 3610 746 3689 Corinth.
765 3620 816 3686 1.:
854 3618 953 3686 Deus
975 3619 1037 3709 qui
1090 3614 1233 3703 proprie
1270 3611 1502 3683 concionatur
1527 3612 1781 3703 Evangelium,
1817 3617 1999 3704 videlicet,
2037 3633 2079 3690 ut

47 3715 250 3805 obsignavit
283 3739 363 3800 nos,
404 3718 438 3786 id
463 3731 532 3802 εει,
567 3717 764 3800 ordinavit,
806 3718 969 3802 donavit,
1003 3733 1037 3788 et
1088 3713 1293 3784 credantiu
1308 3709 1514 3805 Christum,
1549 3730 1583 3784 ει
1607 3718 1789 3809 aliquanto
1815 3732 1894 3809 post
1912 3721 2076 3800 affirmat,

47 3816 202 3887 munivit
220 3814 357 3906 Spiritu
373 3834 504 3888 sancto.
556 3822 662 3890 item:
700 3815 740 3885 ln
765 3842 836 3910 quo
861 3818 1036 3907 obsignati
1088 3838 1124 3883 se
1140 3839 1213 3884 esse
1230 3816 1388 3885 datorem
1404 3816 1498 3885 vitae
1512 3830 1695 3901 aeternae,
1723 3831 1755 3887 et
1780 3814 1871 3890 hanc
1888 3821 1935 3889 ita
1952 3844 2076 3890 consc-

48 3919 128 3992 estis
143 3917 184 3984 in
202 3917 296 3984 diem
322 3920 560 3988 redemtionis.
614 3916 655 3987 ln
678 3943 815 3989 summa
833 3945 914 3989 vero
930 3917 1037 3989 Chri-
1089 3918 1149 4010 qui
1174 3912 1357 3997 homines,
1392 3917 1421 3986 si
1443 3919 1589 3987 credant
1614 3918 1846 3994 inMessiam.
1905 3918 2074 3993 Haecest

47 4033 119 4090 stus
136 4019 175 4086 in
192 4013 259 4088 hac
273 4020 443 4089 concione
462 4023 548 4090 sexti
565 4022 689 4112 capitis
706 4020 802 4100 dicit,
830 4046 866 4090 se
882 4045 954 4092 esse
970 4022 1037 4090 ob·
1089 4017 1295 4110 principalis
1310 4021 1470 4088 doctrina
1490 4020 1526 4086 in
1546 4014 1610 4089 hac
1625 4034 1696 4108 tota
1713 4021 1962 4112 disputatione,
1985 4047 2075 4115 quae

46 4122 246 4210 signatum,
280 4121 315 4189 id
341 4135 413 4207 est,
452 4144 488 4193 se
510 4147 623 4191 uuum
646 4146 719 4190 esse
742 4119 910 4191 Messiam
940 4136 1035 4194 certo
1087 4121 1230 4213 quidem
1249 4134 1300 4189 est
1315 4143 1450 4188 summa
1466 4118 1671 4208 Evangelii,
1696 4138 1736 4191 ut
1751 4145 1853 4211 saepe
1872 4122 2005 4191 dictum
2022 4137 2074 4195 est
2152 4186 2157 4193 ,

43 4226 154 4293 modo
170 4221 395 4307 ordinatum,
419 4236 453 4293 et
468 4226 639 4293 donatum
655 4249 720 4314 pro
734 4224 901 4292 omnibus
918 4219 1036 4292 homi·
1087 4246 1212 4310 supra,
1255 4233 1290 4291 ει
1318 4235 1369 4290 εει
1390 4222 1563 4290 sententia
1594 4223 1754 4313 opposita
1787 4222 1879 4313 legi,
1916 4237 1951 4293 et
1973 4224 2074 4294 inani

40 4325 154 4395 'nibus
182 4324 231 4393 ad
258 4318 325 4394 hoc
349 4347 499 4410 munus,
547 4339 587 4395 ut
616 4327 676 4394 det
702 4324 814 4393 ‘vitam
845 4337 1033 4394 aeternam.
1086 4323 1212 4392 fiducia
1232 4323 1355 4413 populi
1374 4319 1498 4407 huius,
1525 4323 1585 4414 qui
1603 4338 1745 4414 propter
1760 4324 1875 4413 legem
1894 4325 2072 4397 existima·
2197 4354 2204 4368 ·

43 4423 141 4497 thee
156 4434 234 4494 erat
253 4448 345 4494 nova
369 4428 512 4512 concio,
544 4442 577 4496 et
600 4427 718 4516 ignota
748 4427 900 4516 populo,
932 4426 1035 4496 fasci·
1086 4426 1148 4495 bat
1171 4447 1207 4493 se
1230 4420 1360 4494 babere
1378 4425 1619 4494 remissionem
1644 4438 1866 4515 peccatorum
1894 4437 1927 4494 et
1950 4421 2072 4496 haere·

11 4547 17 4558 '
42 4540 125 4600 nato
139 4527 433 4620 persuasionibus
453 4530 497 4599 ds
514 4527 666 4619 imperio
683 4528 820 4596 mundi.
1085 4527 1230 4595 ditatem
1246 4526 1338 4594 vitae
1354 4539 1525 4596 aeternae.
1579 4524 1664 4595 ldeo
1681 4527 1815 4597 ironice
1833 4527 2071 4617 interrogant:

466 4649 469 4653 ·
1087 4624 1184 4715 Quid
1209 4627 1396 4710 iaciemus,
1433 4640 1474 4696 ut
1499 4649 1687 4717 operemur
1712 4652 1818 4719 opera
1840 4625 1931 4697 Dei?
1969 4631 2071 4722 quasi

1085 4729 1222 4798 dicant:
1260 4725 1334 4796 Cur
1357 4749 1422 4794 nos
1446 4727 1638 4816 obiurgas?
1672 4754 1736 4798 cur
1758 4731 1857 4799 iubes
1886 4742 2078 4811 aeternum,

143 4826 254 4898 Initio
269 4828 394 4918 capitis
410 4829 580 4898 miracula
597 4830 756 4899 recitavit
770 4829 917 4922 aliquot,
944 4854 1034 4923 quae
1084 4832 1203 4899 cibum
1220 4827 1360 4921 quaeri,
1383 4851 1463 4898 cum
1481 4830 1590 4899 simus
1607 4830 1688 4901 iusti
1703 4833 1799 4922 lege,
1825 4830 1996 4923 quidnam
2014 4856 2082 4902 re:

42 4946 125 5005 sunt
139 4929 342 5001 testimonia
360 4931 560 5002 doctrinae:
588 4944 708 5021 postea
724 4933 885 5023 sequitur
907 4955 1033 5001 narra·
1084 4931 1197 5024 quiris
1222 4928 1398 5018 amplius?
1435 4927 1641 5022 Respondet
1663 4928 1846 5016 Christus,
1876 4932 1948 5002 imo
1970 4934 2070 5004 aliud
2095 4996 2099 5011 „

39 5038 91 5109 tio
111 5029 334 5106 constantiae
357 5026 490 5102 Christi
521 5031 688 5120 fugientis
719 5034 857 5121 regium
887 5057 1032 5108 nomen.
1083 5032 1244 5124 requiro:
1270 5027 1349 5100 Hoc
1374 5045 1426 5102 est
1448 5055 1537 5122 opus
1553 5031 1640 5117 Dei,
1673 5049 1711 5103 ut
1736 5034 1886 5104 credatis
1912 5035 1950 5102 in
1975 5058 2068 5116 eum,

10 5213 15 5233 ι
40 5136 184 5220 Tertio,
210 5131 423 5202 describitur
435 5133 636 5223 obiurgatio
658 5135 804 5223 populi,
830 5136 1031 5226 quaerentis
1082 5158 1186 5227 quem
1205 5133 1389 5201 illemisit.
1428 5130 1541 5205 Vocat
1556 5127 1648 5202 hanc
1664 5135 1769 5204 fidem
1785 5158 1873 5225 opus
1884 5133 1946 5205 Dei
1955 5183 1968 5225 ,
1993 5160 2067 5207 non

39 5234 242 5319 Christum,
280 5254 357 5301 non
390 5248 533 5325 propter
556 5232 793 5323 Evangelium
823 5249 856 5304 et
881 5237 1029 5324 gloriam
1080 5237 1194 5305 solum
1210 5232 1419 5327 quiaeDeo
1435 5237 1641 5303 mandatum
1657 5251 1727 5322 est,
1760 5260 1844 5305 nam
1871 5230 1937 5305 hoc
1959 5240 2067 5307 modo

39 5338 125 5431 Ilei,
149 5340 211 5412 sed
234 5347 384 5429 propter
402 5335 565 5429 proprias
587 5336 782 5424 utilitates,
806 5336 957 5430 victum,
984 5338 1055 5435 li·j
1079 5351 1113 5410 ct
1129 5338 1186 5407 lex
1201 5350 1253 5407 est
1268 5358 1361 5427 opus
1370 5332 1456 5422 Dei,
1481 5337 1543 5406 scd
1558 5338 1761 5433 etiamquia
1779 5339 1892 5432 placet
1910 5334 2006 5422 Deo,
2031 5354 2067 5411 et

115 4686 230 4789 Quid
236 4689 448 4790 sociemus,
473 4701 513 4763 ut
530 4715 716 4790 operemur
731 4715 842 4788 opero
858 4688 960 4763 Dei?
