4522 5782
106 204 186 294 tta
497 188 501 193 ’
696 190 822 270 autu
858 186 975 264 tara
1004 182 1214 262 scnavra
1248 182 1614 263 exauratam-
2065 180 2085 253 a

105 386 357 461 tum'sanctum
373 375 412 445 in
430 366 689 451 consolatione,
714 364 751 433 in
779 389 848 457 qua
868 364 936 432 lide
950 359 1092 455 acquie-
1145 384 1218 432 sese
1237 363 1341 434 nobis
1356 359 1633 433 communicabit
1648 358 1687 428 in
1703 352 1900 428 clarissima
1914 353 2015 439 luce,
2033 367 2067 424 et
2100 355 2107 373 '

107 491 235 562 scimus
267 483 304 550 in
334 475 546 554 mediatore,
585 481 618 537 et
646 468 789 536 accendi
827 479 943 535 motus
965 464 1094 539 taleas
1148 465 1301 536 vificabit
1327 487 1393 533 nos
1420 463 1492 533 vita
1518 477 1679 547 aeterna,
1704 474 1740 532 et
1758 459 1949 548 fulgebunt
1973 458 2012 525 iu
2037 456 2107 525 no'

108 589 245 681 Spiritu
267 594 409 659 sancto,
441 573 555 668 qualis
586 570 662 659 ipse
683 581 749 638 est:
788 584 906 638 tamen
930 564 1015 635 haec
1039 565 1097 632 in·
1146 567 1257 659 ipsius
1287 566 1477 657 sapientia,
1512 563 1650 634 iusticia
1684 575 1720 633 et
1750 560 1906 644 laetitia,
1940 571 1976 628 et
2007 579 2076 652 neq

109 704 206 765 costa
230 679 434 756 obedientia
467 676 506 744 in
536 672 641 740 nobis
664 663 778 741 adhuc
809 669 934 758 procul
955 669 1054 736 abest
1078 687 1097 733 a
1148 693 1252 763 quam
1268 669 1376 737 simul
1392 679 1496 736 erunt
1512 666 1549 734 in
1566 664 1671 734 nobis
1688 663 1860 756 reliquiae
1880 661 2027 751 peccati.

111 789 327 888 perfectione
351 781 450 870 legis.
510 774 620 847 Recte
650 773 736 841 dicit
757 766 956 853 Osiander,
982 765 1098 837 Deum
1251 768 1328 840 Hoc
1359 781 1645 839 consummatum
1681 765 1892 836 beneficium
1926 762 2082 831 intueam

111 893 274 966 habitare
289 888 328 955 in
343 879 590 959 credentibus,
615 875 675 942 sed
702 873 809 941 simul
832 868 948 940 adhuc
972 871 1010 937 in
1033 864 1098 937 ho·
1150 896 1229 940 eum
1246 873 1392 941 dicitur:
1408 869 1488 940 Nou
1507 870 1586 938 veni
1604 869 1741 938 solvere
1757 865 1889 953 legem,
1901 867 1963 932 sed
1983 862 2070 951 impl

113 994 271 1066 minibus
300 1006 427 1073 magua
458 979 569 1047 moles
600 987 651 1044 est
682 973 825 1066 peccati.
889 972 1098 1042 Tuncrum
1154 972 1261 1046 ltem:
1288 968 1415 1042 lehova
1438 971 1577 1040 iusticia
1603 985 1736 1042 nostra.
1786 964 1836 1037 Et
1858 965 1966 1034 simul
1992 964 2062 1032 scia

114 1096 212 1168 Deus
230 1092 297 1162 erit
313 1085 432 1158 omnia
448 1082 487 1150 in
503 1077 690 1160 omuibus,
718 1075 754 1142 id
770 1086 934 1153 etheum
951 1071 1101 1161 fulgebit
1151 1077 1189 1144 in
1206 1070 1272 1145 hac
1289 1075 1359 1144 vita
1377 1075 1559 1143 credentes
1581 1068 1712 1141 habere
1735 1068 1836 1139 initia
1859 1079 2024 1136 aeternae
2064 1063 2073 1083 ’

116 1201 156 1267 in
178 1193 308 1270 beatis,
334 1183 522 1277 inquibus
544 1201 618 1246 non
641 1177 709 1246 erit
731 1191 931 1266 peccatum,
967 1174 1018 1242 ibi
1044 1174 1100 1240 in·
1154 1179 1249 1248 iuxta
1266 1176 1416 1245 dietum:
1443 1172 1518 1262 Qui
1533 1169 1639 1244 habet
1655 1173 1785 1255 illium,
1812 1164 2068 1239 habetvitam'

117 1298 314 1385 telligemus
330 1287 418 1381 quid
440 1285 486 1354 sit
508 1279 593 1370 legis
616 1278 799 1370 impletio,
833 1278 884 1344 ibi
900 1276 1031 1345 erimus
1046 1274 1104 1342 iu·
1157 1278 1375 1366 intelligatur
1402 1276 1548 1359 ordine,
1581 1289 1616 1346 et
1638 1277 1683 1344 de
1709 1273 1833 1356 initio,
1865 1281 1901 1339 et
1924 1271 1971 1338 de
1992 1269 2062 1337 vita

117 1401 162 1471 sti
191 1397 265 1468 Deo
296 1391 452 1477 iulgenle
474 1383 512 1451 in
535 1383 650 1454 nohis.
710 1377 779 1449 Sed
812 1380 849 1446 in
873 1373 938 1447 hac
971 1377 1042 1444 vita
1065 1375 1104 1443 in
1154 1397 1254 1453 terna
1274 1380 1312 1447 in
1329 1379 1390 1447 illa
1409 1372 1727 1448 coelestiEcclesia.
1762 1372 1880 1443 Habet
1897 1368 2078 1440 autembli

119 1513 216 1574 tanta
239 1491 444 1563 infirmitate
465 1485 516 1553 sic
544 1481 742 1552 accedimus
769 1481 812 1548 ad
839 1477 973 1559 Deum,
996 1489 1037 1547 ut
1060 1477 1103 1545 ad
1156 1485 1193 1551 in
1212 1475 1277 1549 hac
1293 1481 1384 1558 vita,
1408 1478 1569 1572 quisquis
1588 1480 1627 1547 in
1652 1500 1733 1545 vera
1758 1471 2009 1550 conversione,
2034 1494 2052 1538 c

120 1593 399 1672 mirericordiam
437 1598 582 1677 propter
625 1581 856 1651 mediatorem
899 1580 1106 1672 promissam
1155 1608 1192 1653 se
1211 1595 1356 1674 propter
1382 1581 1626 1651 obedientiam
1641 1576 1848 1648 mediatoris
1869 1568 2002 1643 babere
2088 1570 2098 1589 '

119 1698 381 1788 coniugiumue,
413 1703 447 1759 θῑ
467 1701 627 1776 letamur
661 1683 917 1766 mediatore,
949 1682 1039 1751 sicul
1067 1680 1105 1746 in
1157 1686 1291 1756 sionem
1316 1697 1558 1775 peccatorum,
1591 1678 1917 1751 reconciliationem
1941 1672 2042 1746 etim
2128 1754 2131 1759 .

119 1803 225 1876 Esaia
240 1795 448 1867 nominem?
464 1787 638 1857 medi'dior
653 1782 920 1855 Umbrssffllum·
952 1779 1000 1851 Et
1015 1780 1107 1851 Pau·
1158 1788 1292 1856 tionem
1309 1783 1480 1856 iustitiae,
1531 1780 1608 1851 Hac
1626 1780 1869 1852 consolatione
1883 1800 1965 1846 cum
1987 1775 2084 1863 erigit

122 1909 178 1976 lus
201 1901 335 1993 inquit:
371 1893 439 1964 Per
453 1886 548 1960 hauc
566 1889 737 1956 audemus
763 1890 926 1954 accedere
952 1884 991 1951 in
1016 1883 1107 1952 fidu-
1198 1889 1207 1906 ⁹
1403 1887 1412 1902 ·
1593 1884 1602 1899 ·

123 2009 271 2094 cia,per
285 2000 389 2066 iidem
405 1994 443 2061 in
461 1993 588 2081 ipsum.
641 1985 701 2057 Sic
716 1987 824 2075 igitur
846 2000 1027 2078 uteunque
1042 1987 1107 2053 do·
1174 2015 1223 2057 .·
1321 1988 1364 2066 ”,

124 2106 225 2178 cendi
244 2122 346 2170 causa
364 2096 462 2176 dico,
486 2093 596 2178 legem
613 2087 763 2159 stabiliri
781 2088 848 2157 lide
865 2087 1062 2178 tripliciter.

226 2202 406 2274 Primum,
431 2192 653 2263 ⁶⁰¹¹fe⁸⁵30l¹²
668 2189 843 2268 veritatis,
865 2190 959 2281 quod
986 2189 1030 2256 sit
1054 2187 1109 2255 lex
1160 2193 1197 2260 in
1215 2187 1310 2270 Deo,
1336 2189 1479 2260 dilectio
1495 2188 1558 2260 Dei
1581 2204 1614 2258 et
1638 2210 1720 2256 vera
1748 2184 1928 2254 invocatio
1946 2183 2091 2250 accendu
2134 2255 2135 2259 ,

30 2369 34 2373 .
124 2307 193 2380 Dei
214 2307 306 2375 iuste
330 2299 491 2369 iudicans
521 2309 554 2362 et
580 2293 752 2359 damnans
765 2313 855 2380 nos,
879 2301 914 2358 el
931 2292 1027 2380 quod
1044 2313 1109 2356 110·
1161 2309 1229 2363 tur.
1286 2290 1383 2360 Haec
1398 2305 1480 2360 stant
1504 2291 1605 2358 initia
1623 2289 1714 2358 vitae
1734 2304 1915 2358 aeternae:
1939 2282 1988 2351 sic
2001 2281 2126 2351 concio-

126 2425 198 2481 stra
219 2403 356 2475 iusticia
384 2418 457 2466 uon
481 2405 657 2462 mereatur
677 2391 1023 2475 reconciliationem,
1046 2413 1110 2460 nec
1162 2407 1268 2464 natur
1292 2406 1327 2462 et
1342 2389 1539 2474 Dominus,
1562 2391 1745 2484 inquiens:
1772 2386 1812 2458 si
1834 2386 1915 2480 quis
1934 2381 2048 2472 diligit
2068 2404 2100 2449 m

130 2512 173 2579 sit
194 2507 280 2594 tegis
296 2499 468 2591 impletio·
1162 2518 1359 2563 sermonem
1383 2518 1500 2562 meum
1522 2491 1693 2574 servabit,
1723 2503 1758 2560 et
1785 2501 1883 2578 pater
1903 2508 2001 2555 meus
2023 2483 2083 2552 dili

233 2605 416 2681 Secundo,
451 2594 683 2685 imputatione
704 2592 860 2660 iu'sticiae
881 2604 1026 2683 propter
1040 2616 1112 2661 me-
1163 2621 1262 2679 eum,
1288 2608 1322 2662 et
1346 2595 1527 2662 veniemus
1552 2597 1594 2661 ad
1618 2618 1715 2675 enm,
1751 2608 1785 2660 et
1808 2589 2068 2657 mansionema

129 2715 313 2784 dictorem.
371 2700 466 2787 Quia
490 2697 584 2764 enim
605 2695 673 2762 lide
696 2695 917 2780 agnoscimus
941 2694 1112 2763 mediato·
1163 2697 1437 2767 eumfaciemus.
1489 2694 1651 2764 Primum
1672 2695 1771 2764 iubet
1785 2691 1932 2760 filiusse
1952 2687 2083 2767 audiri,

130 2835 225 2896 rem,
247 2822 281 2878 et
303 2807 479 2874 eredimus
502 2797 607 2866 nobis
632 2810 775 2884 propter
797 2820 876 2862 eum
893 2795 970 2864 dari
989 2795 1111 2863 remis·
1164 2799 1274 2897 accipi
1293 2822 1412 2865 vocem
1430 2792 1627 2884 Evangelii.

130 2917 265 2985 sionem
281 2920 499 2997 peccatorum
515 2913 548 2967 et
563 2896 903 2976 reconciliationem,
927 2911 960 2964 et
977 2920 1042 2965 nos
1057 2921 1113 2966 re·
1216 2919 1220 2927 ·
1266 2898 1316 2970 lta
1326 2899 1466 2968 orditur
1481 2899 1699 2967 sanationem
1716 2917 1829 2965 avoce
1837 2891 2035 2982 Evangelii.
2059 2887 2086 2961 C

134 3013 248 3105 putari
272 3010 381 3078 iustos
402 3017 545 3093 propter
569 3000 677 3088 ipsius
701 2997 958 3081 obedientiam,
993 3019 1114 3067 sumus
1165 3004 1304 3071 dentem
1337 3013 1451 3069 autem
1483 2999 1599 3087 diligit
1632 3010 1745 3086 pater,
1786 2995 1867 3065 vide
1898 2994 2084 3085 proprietat

132 3115 214 3186 iusti
237 3125 272 3182 et
293 3106 422 3195 accepti
449 3102 522 3172 Deo
548 3101 584 3166 in
603 3095 668 3167 hac
683 3101 751 3167 vita
776 3114 919 3188 propter
942 3100 1111 3166 obedien·
1164 3103 1346 3175 orationis.
1399 3098 1476 3171 Etsi
1501 3105 1661 3169 nondum
1686 3099 1723 3167 in
1745 3095 1809 3167 hac
1826 3097 1897 3166 vita
1914 3098 1993 3164 siue
2008 3116 2098 3185 pecca

132 3221 217 3289 tiam
239 3213 321 3295 lilii,
356 3210 437 3279 lide.
487 3201 674 3274 Stabilitur
698 3221 779 3288 ergo
803 3201 874 3282 lex,
901 3202 981 3291 quia
1004 3223 1112 3288 agno·
1166 3226 1304 3287 sumus,
1330 3218 1448 3271 tamen
1471 3205 1617 3271 credens
1634 3195 1931 3287 diligituraDeo,
1958 3213 2010 3266 est
2027 3198 2126 3277 iustu,

134 3319 263 3388 scimus
280 3315 389 3401 legem
416 3328 490 3375 non
511 3325 583 3370 esse
606 3302 711 3368 inane
734 3324 914 3391 murmur,
940 3301 1000 3369 sed
1031 3325 1115 3391 poe·
1166 3306 1247 3398 quia
1263 3319 1362 3396 pater
1382 3328 1462 3373 cum
1480 3325 1545 3393 per
1567 3302 1842 3370 misericordiam
1866 3312 2013 3389 propter
2034 3296 2079 3365 lili
2122 3286 2125 3293 ’

135 3444 217 3488 nam
237 3438 302 3506 pro
323 3430 450 3501 genere
465 3399 620 3472 humano
636 3403 744 3470 fuisse
768 3402 1054 3489 persolvendam,
1082 3417 1117 3472 et
1167 3407 1394 3475 mediatorem
1415 3405 1559 3494 recipit,
1586 3417 1621 3472 et
1638 3404 1787 3491 imputat
1810 3401 1842 3470 ei
1860 3400 2048 3470 iusticiam.
2091 3390 2129 3467 U·

137 3518 228 3588 hauc
243 3510 516 3606 persolutionem
533 3504 637 3575 nohis
653 3505 818 3570 donatam
843 3525 927 3576 esse.
978 3501 1115 3593 Regula
1166 3521 1280 3576 autem
1303 3519 1337 3574 et
1353 3519 1477 3574 natura
1501 3519 1619 3575 nostra
1638 3505 1858 3586 restituatur,
1883 3502 1993 3570 simul
2011 3497 2074 3569 hoc
2085 3486 2137 3564 itt¹

137 3626 325 3690 est‘autem
348 3607 498 3679 stabiliri
513 3618 546 3672 et
564 3603 765 3671 confirmari
787 3602 880 3690 leges
895 3627 1017 3693 poena.
1068 3602 1114 3674 Et
1169 3607 1419 3676 Veniemusad
1445 3630 1544 3688 eum,
1570 3620 1603 3675 et
1627 3607 1844 3674 mansionem
1870 3607 1966 3693 apud
1993 3598 2125 3672 eumit-

138 3704 972 3815 qtranquaminiracvitaincoaturobedientia,
999 3720 1116 3774 tamen
1167 3709 1309 3777 ciemus.
1345 3708 1520 3778 Aeternus
1542 3720 1639 3796 pater
1655 3708 1748 3777 misit
1765 3707 1877 3775 tilium
1901 3707 1946 3773 ad
1967 3705 2137 3795 proferes-J

137 3818 253 3893 adhuc
268 3814 389 3907 procul
406 3812 572 3880 absumus
587 3832 605 3872 a
621 3806 834 3896 perfectione
848 3805 954 3893 legis,
983 3810 1041 3874 sed
1062 3830 1116 3874 re·
1166 3813 1246 3877 dam
1264 3834 1384 3878 vocem
1404 3809 1583 3897 Evangelii
1605 3831 1769 3876 arcanam
1792 3821 1825 3877 et
1849 3808 2008 3894 ignotam
2029 3802 2126 3874 omni*

138 3939 304 4018 putamur
317 3915 420 3995 iusti,
446 3913 568 3992 idest,
594 3902 763 3977 habentes
778 3907 1019 3975 remissionem
1039 3931 1118 3996 pec·
1168 3912 1233 3978 bus
1248 3911 1435 3988 creaturis,
1457 3906 1504 3977 Et
1523 3933 1584 3996 per
1601 3905 1696 3978 hunc
1710 3909 1821 3976 tilium
1847 3907 2051 3976 immediate
2071 3900 2126 3974 cal·

137 4039 294 4095 catorum
319 4030 351 4086 et
377 4010 696 4084 reconciliationem
722 4020 865 4096 propter
888 4010 1116 4078 mediatorem
1168 4011 1242 4100 ligit
1259 4010 1449 4080 Ecclesiam
1467 4034 1551 4080 voce
1567 4008 1763 4099 Evangelii.
1813 4008 1883 4078 Hic
1904 4008 2001 4078 filius
2022 4008 2125 4076 imme·

138 4128 220 4194 bde:
247 4124 298 4192 sic
321 4114 494 4188 habemus
517 4106 584 4179 hoc
602 4112 697 4202 quod
715 4109 768 4176 lex
784 4108 1018 4196 significabat,
1044 4134 1116 4179 non
1167 4114 1261 4182 diate
1276 4128 1326 4184 est
1345 4112 1480 4194 efficax,
1507 4135 1586 4181 cum
1608 4112 1646 4180 lit
1668 4110 1863 4180 consoletio
1886 4105 2127 4196 voceEvaugs-

139 4239 259 4295 nostra
278 4219 484 4310 impletione
498 4212 574 4285 tolli
593 4214 682 4279 iram
699 4206 785 4293 Dei,
811 4222 845 4278 et
868 4208 941 4277 lieri
960 4214 1116 4280 reconci·
1168 4215 1206 4282 lii
1223 4237 1303 4282 vere
1318 4216 1413 4282 adest
1427 4205 1546 4310 λόγος,
1573 4225 1608 4282 et
1622 4213 1777 4283 ostendit
1802 4225 1963 4301 patrem,
1987 4213 2075 4280 sieut
2087 4211 2127 4277 in-

139 4325 341 4403 liationem,
386 4321 446 4388 sed
477 4310 679 4384 mediatoris
718 4310 956 4379 obedientiam
991 4313 1118 4382 donari
1167 4316 1258 4407 quit:
1287 4312 1398 4384 Nemo
1415 4316 1514 4383 novit
1534 4329 1680 4403 patrem,
1696 4315 1764 4381 nisi
1787 4313 1901 4397 filius,
1925 4327 1962 4384 et
1977 4313 2033 4382 eui
2054 4312 2129 4379 lilius

139 4425 373 4498 credentibus.
412 4410 810 4489 salsamentum:
838 4409 1118 4484 lustificatisan-
1170 4416 1260 4484 volet
1283 4416 1447 4483 revolare.
1505 4409 1553 4485 lla
1576 4428 1660 4483 tunc
1687 4415 1792 4484 simul
1816 4428 1913 4504 pater
1935 4410 2128 4483 etiiliusei·

139 4527 246 4618 guina
262 4525 355 4606 eius,
380 4518 596 4592 salvabimur
610 4536 763 4604 pereum
779 4514 823 4582 ab
841 4512 905 4586 ira.
1168 4517 1317 4585 fundunt
1336 4514 1509 4605 Spiritum
1532 4530 1689 4585 sanctum
1716 4517 1752 4583 in
1774 4540 1835 4584 cor
1857 4516 2052 4586 credentis:
2084 4516 2130 4584 da·

240 4624 382 4706 Tertio,
407 4619 586 4690 stabilitur
608 4616 663 4683 lex
688 4614 773 4696 fide,
798 4614 894 4683 iuxta
921 4611 1055 4683 dictum
1072 4614 1116 4681 ad
1168 4634 1225 4686 tur
1249 4618 1342 4684 euim
1369 4617 1524 4706 Spiritus
1546 4631 1687 4686 sanctus
1714 4641 1775 4706 per
1795 4617 1926 4699 lilium,
1960 4640 2043 4686 rum
2066 4634 2130 4687 voce

139 4728 302 4802 Galatas:
328 4722 402 4793 Nos
422 4721 548 4811 spiritu
575 4741 615 4785 ex
647 4716 715 4784 tide
747 4739 843 4804 spem
875 4715 1035 4786 iusticiae
1056 4737 1114 4783 ex·
1170 4715 1349 4806 Evangelii
1378 4719 1414 4786 fit
1439 4718 1645 4789 consolatio.
1713 4717 1759 4789 Et
1785 4732 1869 4788 nora
1898 4718 1945 4788 ,ia
1976 4717 2130 4788 gemat.

132 4842 336 4925 pectamur,
361 4825 397 4892 id
424 4833 493 4900 est,
525 4816 742 4888 reconciliati
768 4816 836 4884 lide
859 4812 1041 4888 habebunt
1058 4813 1115 4882 iu·
1167 4815 1370 4902 Athanasii,
1397 4819 1437 4886 ln
1452 4843 1639 4912 quocunqe
1655 4819 1786 4890 dicitur
1802 4843 1875 4888 esse
1891 4819 2052 4908 Spiritus
2065 4842 2129 4889 sao-

136 4949 270 5024 tegram
293 4925 466 4998 iusticiam
489 4924 525 4988 in
548 4921 625 5008 lege
651 4918 891 5007 significatam.
953 4915 1117 4987 Certissi-
1165 4920 1322 5003 clus,ibi
1340 4933 1390 4988 est
1404 4917 1644 5009 perverbum.
1666 4919 1831 5009 Quareet
1846 4920 1941 4989 infra
1957 4918 1999 4992 fit
2015 4922 2130 4993 utrius·

135 5060 232 5104 mum
257 5045 308 5100 est
332 5024 480 5097 enimin
503 5024 577 5110 lege
602 5044 674 5089 non
690 5031 827 5089 tantum
853 5018 1042 5106 significari
1061 5018 1116 5085 in·
1166 5045 1233 5112 que
1248 5043 1417 5111 personae
1433 5021 1586 5105 mentio,
1612 5019 1857 5092 Romanorum
1875 5022 1911 5093 8.
1926 5025 2061 5110 capitas
2083 5020 2130 5092 Si·

136 5136 353 5216 coationem,
386 5150 474 5221 «puae
496 5126 536 5195 lit
566 5122 603 5191 iu
636 5117 701 5189 bac
731 5120 819 5200 vita,
845 5125 904 5188 sed
926 5118 1115 5209 significari
1166 5124 1306 5210 quidem
1331 5121 1476 5212 spiritus
1500 5119 1566 5191 Dei
1591 5118 1726 5194 habitat
1744 5124 1781 5191 in
1805 5124 1919 5192 vobis.
1977 5120 2130 5195 ltemtsi

135 5238 321 5326 perlectam
355 5227 637 5303 conformitatem
668 5245 747 5289 cum
779 5219 880 5303 Deo,
919 5245 1009 5314 quae
1038 5221 1115 5301 erit,
1162 5217 1325 5292 Christus
1349 5234 1400 5291 est
1423 5223 1459 5290 in
1480 5224 1594 5294 vobis.
1634 5220 1681 5294 Et
1705 5224 1779 5314 ipse
1799 5225 1935 5317 inquit:
1969 5224 2045 5315 Ego
2066 5244 2131 5294 sum

135 5359 214 5404 curn
238 5334 334 5404 Deus
360 5334 427 5404 erit
450 5324 568 5399 omnia
595 5325 631 5393 iu
654 5322 841 5407 omnibus,
873 5322 911 5390 id
934 5334 1004 5403 est,
1031 5346 1112 5394 cum
1163 5324 1262 5411 vitis,
1287 5346 1350 5395 vos
1365 5323 1546 5414 palmites,
1574 5324 1647 5414 Qui
1669 5340 1787 5396 manet
1805 5325 1843 5394 iu
1859 5350 1934 5413 me,
1962 5342 1998 5400 et
2013 5325 2130 5417 Eguin
