4522 5782
109 151 206 235 nas
245 90 263 209 j
709 74 837 217 risu.
862 140 980 221 ntur.
1005 138 1219 219 scelera
1242 138 1590 239 moresca.
1810 206 1816 217 .
1945 162 1971 233 ,z
2045 128 2138 233 'ssss

214 278 398 395 Caeterum
420 330 504 389 nota
526 296 744 390 sitdoctrina
762 318 982 404 communis,
1008 318 1098 415 quae
1248 313 1339 389 Cum
1357 331 1474 389 autem
1489 315 1605 389 Lucas
1619 332 1654 392 et
1669 316 1805 389 Paulus
1818 316 1965 391 dieunt:
2000 316 2071 389 Hic
2093 332 2140 391 est

116 439 254 521 peccata
274 424 346 494 sint
362 422 400 491 in
416 421 544 520 sanctis
563 421 602 490 in
619 415 686 491 bac
702 421 793 506 vita,
818 442 909 515 quae
926 445 1000 493 non
1017 421 1100 496 sint.
1153 419 1264 503 calix,
1291 443 1426 490 novum
1449 416 1740 507 Testamentum,
1767 414 1998 513 μετωνυμία
2019 435 2087 503 est.
2108 436 2142 493 ut

117 528 198 600 Non
221 526 270 597 sic
288 523 506 613 intelligatur
529 523 701 615 dignitas,
723 523 819 615 quod
842 523 941 593 nulla
965 523 1037 594 sint
1062 522 1100 593 iu
1152 524 1179 593 si
1198 521 1331 591 dicam:
1356 518 1482 592 Fasces
1496 536 1580 593 sunt
1595 522 1783 613 imperium
1801 518 2033 597 Romanum.
2072 520 2139 591 Hac

117 629 221 700 nobis
244 640 400 720 peccata,
427 628 486 693 sed
508 628 603 718 quod
625 638 787 715 oporteat
808 626 939 716 deponi
963 639 1102 718 peccata
1153 622 1254 696 brevi
1277 624 1522 696 admonitione
1547 626 1591 695 de
1616 623 1764 720 Syntaxi
1785 618 1854 695 hoc
1880 625 1965 695 loco
1996 625 2141 697 contenti

118 744 242 803 contra
263 726 527 801 conscientiam.
1154 728 1277 797 simus.

222 829 359 919 Quarto
383 852 495 923 poena
520 826 772 904 consideretur.
830 824 1026 899 Manifeste'
1043 822 1103 898 hic
1260 822 1400 896 Deinde
1414 824 1519 894 valde
1534 828 1731 899 necessaria
1745 841 1797 897 est
1812 827 2074 913 consideratio,
2089 850 2142 897 cur

122 933 210 1005 dicit
230 930 387 1016 Paulus,
418 930 550 999 multos
569 945 768 1018 aegrotare,
792 944 828 1001 et
848 931 981 1001 multos
1005 954 1103 1001 mor·
1155 925 1215 1000 hic
1230 952 1389 1021 expresse
1405 928 1495 997 lacta
1519 930 1565 998 sit
1589 932 1722 1000 mentio
1743 929 1831 999 novi
1847 928 2095 1020 Testamenti,
2113 945 2143 999 et

121 1051 203 1109 tuos
217 1057 290 1104 csse
309 1045 454 1125 propter
468 1033 617 1101 abacum
633 1056 771 1105 coenae.
824 1028 920 1123 Ergo
936 1031 1042 1103 etiam
1062 1032 1101 1100 in
1157 1032 1302 1125 quidem
1327 1031 1366 1099 in
1391 1054 1431 1100 es
1461 1032 1684 1119 narratione,
1733 1031 1796 1101 ubi
1827 1032 1869 1103 fir
1900 1030 2144 1119 mentioisan-

125 1138 256 1209 sanctis
287 1135 434 1227 punitur
462 1133 692 1221 negligentia,
742 1134 855 1204 multo
882 1136 993 1223 magis
1023 1157 1106 1203 vero
1157 1132 1290 1225 guinis.

126 1238 322 1332 punientur
342 1236 584 1325 praesentibus
608 1248 642 1318 et
664 1236 814 1307 aeternis
836 1237 960 1327 poenis
982 1258 1108 1307 omnes
1260 1230 1529 1303 Testamentum
1551 1248 1605 1305 est
1627 1234 1813 1325 promissio
1835 1233 2025 1309 morituri.
2073 1232 2145 1305 ldeo
2189 1310 2191 1315 ,

125 1341 203 1431 ἰΙΙί,
227 1339 288 1433 qui
304 1361 449 1409 coenam
465 1336 610 1407 Domini
630 1351 812 1408 verterunt
829 1339 866 1407 in
887 1332 1108 1409 horrendum
1159 1348 1327 1429 usurpata
1343 1348 1395 1403 est
1417 1328 1503 1404 haec
1527 1360 1593 1404 vox
1608 1339 1652 1405 de
1671 1337 1907 1426 promissione
1923 1337 1995 1403 filii
2010 1337 2077 1407 Dei
2092 1339 2145 1407 do-

127 1443 261 1513 cultnm
280 1438 477 1524 idolorum,
498 1450 529 1507 et
550 1439 612 1530 qui
630 1453 795 1532 quaestus
810 1464 912 1509 causa
931 1440 1111 1509 tinxerunt
1163 1439 1282 1508 nantis
1314 1458 1377 1505 sua
1411 1437 1599 1518 beneficis,
1639 1453 1679 1508 ut
1703 1438 1978 1527 ‘significaretur
2013 1453 2146 1508 ventura

128 1540 357 1619 sacrificium,
383 1539 557 1637 provisis
573 1555 606 1608 et
625 1540 784 1610 mortuis.
835 1538 974 1611 Horum
1000 1542 1111 1609 maxi·
1162 1563 1280 1623 mors,
1307 1535 1814 1629 sicutadEbraeosscriptum
1835 1556 1899 1615 est.
1954 1541 2090 1609 Addita
2103 1554 2147 1611 est

128 1667 268 1715 morum
280 1642 450 1712 scelerum
465 1641 672 1731 magnitudo
684 1642 918 1735 conspicietur
932 1636 1112 1733 posthanc
1164 1641 1274 1731 igitur
1288 1632 1374 1707 haec
1391 1640 1561 1729 particula
1576 1641 1706 1711 diserte
1726 1634 1809 1711 huic
1825 1641 2048 1725 narrationi,
2071 1666 2147 1735 quse

9 1804 12 1815 .
128 1746 251 1819 vitam.
301 1741 349 1814 Et
372 1742 422 1812 ibi
443 1764 690 1832 agnoscemus,
724 1739 809 1814 haec
830 1744 958 1814 scelera
983 1742 1133 1827 multa-f
1165 1747 1209 1814 de
1235 1742 1418 1812 fundendo
1443 1742 1616 1831 sangnine
1645 1743 1817 1834 loquitur.
1870 1740 2149 1831 Et'opponendi

130 1837 211 1917 rum
227 1845 464 1915 calamitatum
486 1846 524 1913 in
539 1837 606 1912 hac
622 1844 692 1914 vita
709 1869 831 1915 causas
846 1845 966 1916 fuisse.
1018 1838 1114 1917 Ora·
1165 1858 1250 1915 sunt
1273 1842 1348 1938 typi
1370 1844 1552 1933 sanguinis
1576 1845 1799 1915 victimarum
1830 1845 1868 1914 in
1894 1846 2014 1913 veteri
2037 1843 2149 1915 Testa·

130 1970 213 2018 mus
234 1959 351 2016 autem
374 1944 579 2016 ardentibus
600 1946 791 2035 gemitibus
812 1947 926 2018 filium
949 1945 1040 2029 Dei,
1073 1960 1115 2018 ut
1168 1961 1310 2030 mento,
1343 1944 1405 2038 qui
1428 1968 1552 2017 omnes
1572 1946 1718 2018 fuerunt
1747 1946 1849 2037 signa
1876 1940 2000 2017 huius
2024 1947 2148 2017 futurae

131 2050 207 2141 ipse
223 2042 278 2117 his
295 2047 431 2138 magnis
451 2046 659 2117 vulneribus
675 2043 855 2120 Ecclesiae
871 2051 1066 2124 medeatur.
1168 2047 1305 2118 mortis.

181 2182 287 2255 Nunc
302 2182 409 2253 ,aba
429 2180 703 2256 considerem..
1115 2190 1118 2195 -
1271 2146 1346 2218 lam
1363 2161 1398 2219 et
1420 2144 1607 2219 antithesis
1630 2147 1890 2220 consideranda
1908 2163 1967 2221 est
1984 2151 2107 2223 veteris
2120 2164 2147 2221 et

1169 2250 1257 2321 novi
1282 2247 1513 2321 Testamenti.
1564 2249 1676 2322 Vetus
1699 2249 1976 2322 Testamentum
2006 2267 2059 2325 est
2079 2276 2150 2344 pro·

1169 2352 1292 2422 missio
1323 2352 1485 2443 politiae,
1536 2377 1615 2423 cum
1639 2353 1856 2442 obligatione
1880 2357 1926 2423 ad
1952 2356 2151 2425 servandam

1169 2454 1281 2543 legem
1307 2476 1371 2545 per
1385 2452 1537 2547 Moysen
1557 2456 1745 2538 traditam,
1771 2478 1861 2547 quae
1881 2455 2013 2548 politia
2035 2455 2153 2526 conni-

233 2314 277 2387 ln
298 2328 397 2387 textu
412 2329 481 2385 est:
506 2311 613 2402 Quod
630 2338 696 2406 pro
714 2315 817 2385 vobis
833 2316 1021 2407 frangitur.
1074 2311 1117 2384 ln

133 2419 340 2488 narratione
363 2419 458 2508 apud
480 2412 614 2486 faucem
636 2416 806 2507 scriptum
830 2431 899 2487 cst:
926 2414 1032 2505 Quod
1052 2440 1119 2508 pro

135 2520 238 2590 vobis
258 2520 385 2603 datur,
410 2519 534 2600 idest,
560 2519 656 2609 quod
677 2531 730 2589 est
745 2519 887 2589 victima
904 2541 969 2609 pro
992 2542 1119 2608 genere

137 2618 307 2691 humano.
360 2618 446 2689 ldeo
466 2631 500 2687 et
524 2612 584 2687 bic
608 2619 676 2688 alia
696 2621 995 2709 interpretantur,
1020 2623 1120 2689 fran-

92 2724 95 2728 ’
137 2725 234 2813 gitur
265 2746 329 2814 pro
359 2722 569 2793 laceratur..
598 2718 637 2789 ld
663 2744 739 2791 non
762 2712 995 2814 reprebendo.
1048 2720 1118 2792 Sed

140 2824 336 2916 simplicius
360 2824 501 2892 videtur
522 2823 731 2891 fractionem
748 2821 1017 2912 intelligendam
1046 2845 1120 2892 esse

140 2926 451 3044 distributionem,
474 2924 566 2993 sicut
581 2920 710 3007 Ebraei
729 2925 982 3018 loquebantur:
1007 2924 1121 2995 Tran-
1173 2982 1303 3030 nomm
1318 2976 1561 3047 aeternorum,
1578 2963 1797 3034 remissionis
1813 2978 2063 3054 peccatorm
2083 2963 2156 3056 spi·

141 3051 183 3118 μ
201 3040 368 3097 ‘mmm'
386 3048 511 3117 panem
528 3038 640 3097 tunm·
692 3022 741 3096 Et
758 3021 990 3097 h⁰⁰7⁰¹b¹¹m
1007 3024 1120 3095 ΜΟ
1173 3063 1262 3133 ritus
1296 3064 1430 3149 sancti,
1472 3062 1630 3134 iusticias
1664 3079 1698 3135 et
1731 3065 1823 3135 vitae
1857 3079 2046 3152 aeternae,
2076 3046 2156 3161 quse

141 3131 182 3198 in
214 3142 366 3248 mentem
394 3129 492 3197 venit
522 3142 667 3245 propter
688 3152 822 3197 morem
845 3128 1120 3213 distributionis,
1174 3179 1317 3257 promer
1336 3164 1504 3236 Meuia„
1523 3150 1896 3255 Gragiffihibenmg
1921 3191 2003 3238 non
2023 3182 2157 3261 propre,

142 3244 348 3323 praesertim
367 3253 447 3299 cum
465 3229 550 3299 velit
567 3253 639 3298 esse
656 3252 801 3299 coenam
821 3252 1060 3301 communem.
1174 3268 1299 3358 legem·

1170 2568 1247 2625 tuta
1278 2567 1349 2640 est,
1394 2558 1496 2625 utin
1524 2580 1562 2625 ea
1593 2571 1864 2627 conservaretur
1897 2558 2091 2648 promissio
2115 2559 2154 2625 de

1170 2654 1320 2742 Messia,
1341 2670 1377 2727 et
1392 2657 1442 2724 ibi
1459 2655 1609 2727 Messias
1625 2653 1872 2740 exhiberetur,
1893 2674 2046 2751 propter
2060 2682 2152 2753 quem

1172 2772 1206 2830 et
1222 2781 1361 2849 semper
1376 2759 1426 2827 ibi
1441 2758 1559 2852 aliqua
1576 2761 1768 2830 electorum
1785 2755 1951 2830 Ecclesia
1970 2762 2051 2833 fuit.

1272 2856 1342 2931 Sed
1367 2884 1500 2928 novum
1521 2859 1788 2932 Testamentum
1804 2875 1856 2933 est
1879 2862 2076 2954 promissio
2098 2864 2154 2933 ho·

1282 3366 1447 3440 Aflirmat
1461 3366 1841 3456 igiturDominus,iam
1854 3365 1946 3442 haec
1959 3374 2057 3442 bona
2069 3365 2158 3442 exhi·

144 3387 265 3490 Τοῦτο
280 3410 323 3486 cd
338 3411 515 3506 ποτήριον
534 3407 557 3505 ἡ
573 3406 683 3505 καινὴ
707 3407 872 3509 διαθήκη
894 3410 1004 3488 ἐστὶν.
1055 3413 1129 3485 Hic

144 3527 197 3590 est
218 3510 357 3599 calm,
384 3513 451 3612 qui
467 3522 517 3584 est
539 3536 672 3632 novum
687 3510 962 3587 Testamentum
985 3516 1026 3586 s’n
1050 3540 1129 3588 meo

525 3638 748 3709 sanguem„-

1180 3470 1309 3555 beri,et
1319 3465 1568 3541 hunccalicem
1578 3466 1685 3542 huius
1701 3467 1932 3544 exhibitionis
1940 3474 2075 3565 pignus
2084 3496 2158 3549 este.

1181 3570 1314 3660 Magna
1332 3571 1440 3663 igitur
1460 3573 1654 3645 consolatio
1672 3576 1858 3645 universae
1879 3573 2065 3648 Ecclesiae
2087 3600 2159 3668 pro·

1181 3675 1338 3767 ponitur.
1388 3670 1558 3745 Exhibito
1582 3671 1651 3745 boc
1675 3678 1799 3758 calice,
1831 3677 1922 3747 scias
1946 3693 2047 3750 certo
2070 3673 2159 3747 exhi·

247 3771 345 3845 Haec
359 3771 517 3842 narratio
532 3771 625 3864 apud
642 3766 774 3840 [ercam
791 3771 915 3841 iisdem
932 3772 1049 3843 verbis
1065 3798 1129 3865 po·
1182 3776 1259 3847 beri
1284 3775 1377 3846 bona
1404 3790 1563 3862 aeterna,
1606 3793 1750 3872 propter
1770 3779 1984 3869 sanguinem
2010 3780 2076 3850 filii
2102 3776 2160 3850 Dei

148 3877 213 3948 sita
240 3889 303 3952 est.
354 3872 426 3945 Sed
448 3872 566 3944 addita
591 3885 674 3943 sunt
695 3867 781 3942 haec
809 3877 932 3945 verba:
967 3872 1041 3963 Qui
1064 3901 1127 3970 pro
1181 3878 1332 3949 effusum
1356 3877 1394 3946 in
1414 3878 1524 3969 ipsius
1545 3894 1671 3949 morte.
1721 3879 1794 3951 Nec
1814 3904 1905 3971 opus
1920 3883 2036 3951 ullius
2053 3876 2160 3953 homi·

148 3979 251 4050 vobis
272 3976 480 4050 effunditur.
538 3974 703 4069 Syntaxis
726 3975 818 4066 apud
842 3971 1066 4047 Matthaeum
1095 3990 1128 4048 et
1182 3978 1237 4048 nis
1259 3992 1414 4050 meretur
1437 3980 1498 4050 illa
1523 3994 1662 4051 aeterna
1681 3982 1773 4051 bona
1793 3982 1906 4073 legata
1928 3998 2082 4074 propter
2104 3982 2159 4051 blii

148 4080 311 4151 Marcum
330 4077 398 4147 alia
417 4092 478 4148 est.
532 4074 1128 4164 Hicestsanguismeusnovi'l'e-
1183 4094 1344 4157 mortem.
1398 4079 1479 4150 Non
1512 4083 1621 4172 igitur
1644 4077 1703 4153 hic
1734 4085 1823 4154 ritus
1853 4085 2072 4163 sacrificinm
2101 4099 2159 4169 est,

150 4181 331 4253 stamenti:
363 4204 428 4248 nec
443 4179 620 4249 subtiliter
633 4179 831 4269 quaerenda
850 4193 900 4250 est
918 4179 1128 4254 differentia.
1183 4183 1280 4276 quod
1305 4197 1480 4254 mereatur
1500 4185 1641 4255 facienti
1666 4198 1699 4256 et
1722 4186 1802 4255 aliis
1832 4181 1921 4257 haec
1949 4189 2069 4274 bona,
2107 4186 2159 4257 sed

149 4282 286 4355 Eodem
303 4283 408 4351 modo
424 4293 573 4374 utraque
587 4279 693 4350 lectio
710 4279 940 4369 intelligenda
957 4297 1026 4353 est:
1059 4279 1130 4353 Hic
1183 4296 1329 4357 testatur
1350 4308 1389 4354 ea
1414 4279 1591 4371 exhiberi,
1634 4301 1668 4357 et
1698 4288 1767 4357 fide
1797 4312 1836 4357 ea
1868 4289 1984 4380 accipi
2010 4302 2158 4381 oportet,

149 4400 200 4456 est
214 4385 304 4455 calix
325 4383 412 4452 nori
427 4380 666 4467 Testamenti,
691 4380 816 4463 idest,
841 4383 931 4453 ritus
948 4397 981 4454 et
1002 4384 1130 4477 pignus
1182 4410 1272 4481 quae
1295 4385 1424 4458 nititur
1444 4387 1555 4478 ipsius
1574 4389 1640 4458 filii
1657 4386 1725 4460 Dei
1749 4391 1943 4478 sacrificio,
1985 4415 2063 4463 non
2088 4390 2161 4463 ullis

150 4510 211 4558 seu
225 4486 380 4577 sigillum
395 4485 481 4555 novi
493 4482 721 4553 Testamenti.
759 4478 850 4553 Nam
861 4482 1130 4558 Testamentum
1181 4488 1312 4559 nostris
1334 4488 1482 4560 meritis.

150 4588 396 4680 principaliter
417 4598 450 4657 et
469 4585 613 4677 proprie
637 4584 808 4674 significat
837 4585 949 4675 ipsam
977 4589 1129 4678 promis-
1284 4587 1381 4659 Haec
1402 4589 1617 4683 amplissima
1643 4592 1806 4663 doctrina
1830 4590 2091 4685 comprehensa
2116 4606 2161 4665 est

152 4693 287 4763 sionem
310 4686 529 4760 remissionis
550 4700 792 4780 peccatorum,
826 4686 981 4778 Spiritus
1004 4692 1128 4776 sancti,
1178 4692 1219 4760 in
1247 4686 1313 4762 hac
1337 4691 1574 4785 appellatione
1596 4696 1683 4763 novi
1709 4693 1954 4781 Testamenti,
1980 4723 2088 4793 quam
2110 4692 2162 4767 hic

151 4794 328 4873 iusticias,
356 4804 390 4861 et
409 4790 502 4858 vitae
521 4802 693 4862 aeternae.
745 4787 889 4859 Deinde
912 4784 998 4862 haec
1019 4794 1129 4864 bene·
1180 4795 1354 4885 integram
1384 4791 1570 4886 complecti
1596 4819 1671 4867 non
1691 4819 1896 4890 possumus:
1921 4811 2067 4873 tantum
2089 4802 2161 4871 bre·

147 4895 226 4966 ficia
245 4908 329 4985 sunt
341 4917 400 4963 res
414 4893 565 4963 donatae
580 4886 647 4960 hoc
660 4888 908 4979 Testamento,
931 4894 971 4963 id
986 4907 1048 4981 est,
1063 4890 1129 4966 hac
1181 4895 1271 4965 riter
1289 4897 1484 4978 admoneo,
1510 4890 1617 4967 buius
1638 4898 1819 4970 doctrinae
1840 4899 1961 4972 fontes
1986 4904 2160 4998 requiren-

147 4996 403 5070 Promissione.
452 4988 502 5064 Et
527 4994 698 5064 accedunt
738 4993 874 5064 externi
916 4995 1025 5082 ritus,
1066 4998 1128 5088 qui
1160 4994 1245 5067 'dos
1265 5021 1356 5081 esse,
1383 4998 1521 5091 quoties
1538 4999 1583 5068 de
1600 5024 1709 5072 coena
1721 4998 1872 5074 Domini
1892 5005 2108 5094 cogitamus,
2131 5015 2160 5073 et

149 5116 232 5171 sunt
256 5096 363 5169 huius
382 5095 631 5189 promissionis
660 5094 758 5184 sigua
784 5110 819 5165 et
851 5094 1015 5186 pignora:
1056 5096 1127 5169 Ba·
1180 5099 1317 5193 quoties
1340 5100 1385 5169 ad
1412 5123 1486 5169 eam
1509 5102 1720 5178 accedimus.

145 5202 295 5289 ptismus
311 5214 346 5272 et
362 5194 650 5271 CoenaDomini.
705 5194 789 5265 Ideo
805 5193 1008 5272 Matthaeus
1023 5201 1126 5273 dixit:
1281 5200 1469 5271 Manifesta
1512 5202 1677 5275 refutatio
1712 5217 1765 5275 est
1798 5201 2093 5280 sacrificulorum
2129 5218 2159 5273 et

15 5405 17 5409 ¹
143 5300 214 5374 Hic
234 5317 287 5375 est
302 5302 443 5394 sanguis
466 5321 566 5373 meus
586 5296 672 5371 novi
692 5294 923 5376 Testamenti.
1178 5300 1506 5399 Anabaptistarum.
1558 5300 1651 5376 Cum
1682 5305 1727 5381 sit
1757 5305 1849 5381 ritus
1875 5332 1996 5385 novae
2017 5305 2157 5407 promis·
