4522 5782
725 80 739 115 Ι

155 157 224 267 nn
772 177 899 257 run,
925 174 1606 256 nanscntrranxrunrtca
2154 179 2207 259 to

173 366 255 434 cum
270 339 400 431 Mosen
416 357 554 441 excitat,
578 377 619 425 ac
634 376 764 425 novam
779 352 938 444 politiam
956 349 1064 423 lsrael
1077 374 1164 420 con-
1212 364 1284 423 tam
1307 353 1472 425 miranda
1496 367 1531 425 et
1556 354 1708 427 illustria
1732 349 1876 437 babuit,
1907 368 1949 429 nt
1972 362 2049 428 nnn
2068 355 2208 429 luerint

174 464 302 535 stit'uit.
342 459 429 532 Item
441 484 521 531 cum
534 469 652 551 postea
664 453 1013 535 excitatSamuelem,
1035 450 1166 537 Elium,
1213 454 1385 526 inferiora
1403 457 1618 528 testimoniis
1636 456 1732 529 Mosi
1749 471 1786 530 et
1797 457 1910 535 Eliae.
2160 524 2165 531 .

174 565 375 655 Elisaeum,
401 561 608 642 Ieremiam,
635 560 698 652 qui
722 581 846 630 omnes
869 572 993 628 contra
1019 556 1166 627 ordina·
1318 555 1533 652 Quanquam
1559 574 1676 631 autem
1700 561 1778 653 pios
1799 574 1835 633 et
1852 557 2024 632 loannem
2047 555 2137 632 haec
2153 571 2208 632 te·

148 700 151 705 ·
176 669 265 739 riam
292 680 497 757 potestatem
518 662 690 732 maximas
705 685 761 732 res
775 674 976 731 moverunt·
1028 657 1118 729 Nam
1133 671 1167 728 et
1214 658 1381 731 alimonia
1396 662 1675 743 confirmabant,
1701 688 1793 756 quae
1805 664 1949 757 quidem
1965 688 2047 735 cum
2062 663 2209 757 publice

171 772 377 841 doctrinam
401 768 500 861 prius
514 766 682 836 traditam
698 775 979 848 renovaverunt,
1005 774 1042 833 et
1056 775 1167 833 certas
1216 756 1526 854 praedicarentur,
1559 765 1664 836 etiam
1687 765 1909 838 adversarios
1922 765 2073 838 'flectere
2094 767 2208 839 debe·

177 897 234 943 res
259 874 346 941 alias
371 868 546 960 singulari
569 869 736 939 mandato
760 878 924 957 egerunt,
950 875 1169 935 vocaverunt
1215 867 1323 951 bant,
1355 879 1474 936 tamen
1496 866 1732 958 interrogatus
1755 868 1800 938 ab
1822 868 2054 955 adversariis,
2076 868 2209 960 allegat

178 998 293 1065 reges,
320 989 353 1044 et
369 976 539 1068 quosdam
556 984 793 1043 excusserunt.
843 965 1058 1037 Habuerunt
1071 967 1166 1035 enim
1215 968 1350 1039 dictum
1366 964 1564 1060 Prophetae
1580 966 1724 1056 Esaiae,
1749 984 1791 1042 ut
1812 971 2209 1042 ostendatseetiamex

179 1077 394 1168 singularem
427 1075 669 1158 vocationem,
711 1071 903 1161 singularia
934 1072 1101 1140 mandata
1133 1080 1168 1138 et
1217 1070 1327 1139 verbo
1349 1067 1415 1142 Dei
1440 1071 1642 1144 testimonia
1666 1096 1748 1142 suae
1771 1073 1967 1144 vocationis
1991 1068 2143 1161 habere,
2165 1097 2210 1146 ac

166 1179 533 1273 ,testimunindivina
589 1174 648 1246 Sic
662 1172 759 1247 Deus
774 1174 925 1243 subinde
941 1170 1168 1243 renuvatEc·
1217 1173 1339 1242 divina
1375 1173 1564 1244 autoritate
1597 1175 1813 1246 concionari.
1881 1171 2107 1248 Audiverant
2135 1177 2210 1247 iam

181 1282 342 1367 clesiam,
369 1296 402 1350 et
424 1280 580 1351 ostendit
601 1302 677 1348 eam
701 1301 776 1347 non
795 1278 868 1367 regi
885 1287 1025 1346 tantum
1041 1270 1168 1345 huma·
1216 1273 1406 1346 Pontifices
1422 1289 1455 1346 et
1464 1275 1609 1347 Levitae
1623 1302 1665 1347 ex
1679 1272 1969 1369 patreZacharia,
1984 1272 2211 1350 huncloan·

181 1376 238 1453 nis
260 1382 418 1454 consiliis
440 1397 502 1453 ant
524 1380 825 1451 ordinationibus.
889 1375 975 1447 ldeo
997 1377 1167 1470 scriptum
1217 1400 1299 1446 nem
1322 1378 1581 1468 praenuncium
1602 1380 1677 1450 lore
1691 1376 1861 1466 Messiae,
1888 1396 1922 1452 et
1938 1380 2098 1471 legerant
2109 1383 2210 1475 apud

182 1500 250 1556 est:
276 1485 467 1565 Ascendit,
493 1485 591 1554 dedit
617 1485 711 1553 duna
727 1477 958 1566 hominibus,
983 1481 1071 1550 alios
1089 1477 1168 1572 qui·
1219 1475 1434 1551 Malachiam
1450 1483 1628 1571 deangelu
1640 1506 1864 1573 praecessuro
1877 1483 2102 1558 salvatorem.
2153 1483 2212 1554 Ita

21 1628 27 1640 ·
137 1610 148 1626 ‘
183 1590 263 1658 dem
289 1582 505 1679 Prophetas,
539 1586 627 1655 alios
649 1585 862 1676 Apostolos,
889 1597 953 1656 etc.
1014 1581 1067 1653 Ac
1099 1584 1169 1652 sre-

182 1703 281 1761 mant
295 1704 469 1782 quantum
488 1690 616 1760 volunt
631 1687 805 1758 ordinarii
819 1687 1092 1776 gubernatores,
1118 1697 1168 1753 ta·

182 1816 266 1861 men
289 1789 387 1863 Deus
416 1816 476 1862 sua
506 1791 643 1880 ingenti
671 1789 920 1859 misericordia
944 1791 1057 1880 pluris
1088 1787 1171 1858 lacit

127 1965 129 1970 .
183 1892 397 1980 Ecclesiam,
424 1919 530 1987 quam
549 1888 765 1963 ordinariam
785 1904 1003 1983 potestatem.
1055 1888 1171 1960 Mittit

185 1997 281 2067 enim
305 1997 471 2066 meliores
494 1997 748 2086 gubernatores
769 2009 803 2066 et
828 1995 1005 2079 doctores,
1031 1991 1171 2070 Mosen,

183 2092 317 2180 Etiam,
351 2095 552 2182 Elisaeum‚
586 2096 791 2182 Ieremiam,
818 2110 857 2165 nt
877 2092 1070 2165 Ecclesiam
1096 2094 1170 2164 col-

185 2204 318 2291 lapsam
351 2203 480 2272 scelere
508 2201 714 2271 ordinariae
746 2197 928 2290 potestatis
962 2192 1084 2268 rursu's
1115 2199 1172 2265 in-

183 2316 352 2378 staurent.

286 2454 388 2526 Talis
409 2455 479 2525 suit
501 2467 534 2527 et
551 2451 723 2540 loannes,
748 2447 807 2523 hic
829 2452 1043 2545 singularem
1068 2477 1174 2523 vuca-

159 2613 164 2622 .
185 2561 336 2637 tionem,
362 2557 540 2646 singulare
562 2557 789 2642 mandatum,
815 2571 849 2628 et
866 2556 1058 2647 singularia
1076 2557 1173 2627 testi-

183 2662 303 2732 monia
322 2657 460 2733 habuit.
510 2656 605 2730 Huic
622 2657 800 2751 vocationi
816 2673 849 2729 et
865 2659 1034 2730 mandato
1052 2682 1174 2749 parere

185 2786 324 2834 necesse
345 2763 431 2848 suit,
456 2774 490 2834 et
511 2760 595 2855 quia
611 2761 803 2851 singularia
822 2760 1020 2832 testimonia
1037 2756 1174 2845 habuit,

183 2890 323 2936 necesse
338 2864 408 2936 fuit
422 2864 585 2936 assentiri
603 2863 679 2934 eius
695 2864 889 2937 doctrinae.
928 2861 1042 2936 Erant
1055 2877 1172 2934 autem

183 2968 405 3053 testimonia,
431 2966 531 3068 quod
550 2966 644 3059 patri
659 2962 853 3037 Zachariae
875 2989 961 3037 voce
982 2966 1098 3057 augeli
1115 2961 1174 3037 hic

182 3072 278 3141 lilius
307 3069 503 3163 promissus
533 3069 622 3154 luit,
661 3071 757 3161 quod
789 3083 895 3141 natus
926 3093 968 3139 ex
998 3068 1111 3139 sterili
1141 3081 1175 3139 et

141 3170 144 3174 ⁵
184 3173 309 3244 effoeta
334 3186 464 3258 matre,
488 3183 523 3243 et
539 3171 633 3266 quod
654 3172 746 3262 patri
764 3173 925 3241 ademtus
942 3184 993 3242 est
1007 3184 1040 3241 et
1053 3170 1174 3241 reddi-

183 3289 241 3346 tus
273 3299 409 3361 sermo,
438 3276 535 3369 quod
571 3286 672 3366 pater
703 3273 914 3344 vaticinatur
943 3275 988 3342 de
1017 3276 1174 3344 adventu

181 3375 346 3449 Messiae.

288 3529 429 3599 Deinde
453 3528 527 3620 ipse
544 3526 695 3598 loannes
718 3529 947 3600 confirmatus
969 3541 1020 3599 est
1044 3528 1173 3599 illustri

107 3680 112 3692 ·
185 3631 409 3714 testimonio,
443 3655 509 3699 nec
530 3631 603 3701 ulla
626 3631 841 3702 describitur
860 3644 977 3702 tantae
998 3631 1051 3700 rei
1074 3655 1174 3701 reve-

185 3732 292 3823 latio,
319 3755 385 3802 nec
403 3731 596 3802 inPatrum
611 3746 673 3804 aut
687 3728 946 3825 Prophetarum
964 3733 1174 3818 visionibus,

184 3851 225 3908 ut
243 3835 281 3905 in
302 3835 438 3904 visione
456 3833 618 3920 loannis,
642 3838 686 3905 de
701 3859 771 3928 qna
787 3835 930 3928 quidem
949 3836 1024 3926 ipse
1040 3836 1173 3928 inquit:

184 3934 261 4029 Ego
287 3938 381 4024 vidi,
408 3953 443 4009 et
461 3941 560 4009 testis
576 3961 666 4010 sum.
719 3933 889 4008 Ostendit
906 3961 942 4007 se
958 3937 1083 4009 loanni
1101 3952 1172 4010 tota

184 4042 376 4126 divinitas,
401 4041 450 4110 ita
473 4053 512 4111 ut
535 4062 766 4132 personarum
783 4039 975 4110 discrimen
992 4041 1172 4130 conspice-

184 4156 295 4214 retur.
354 4140 532 4214 Aeternus
553 4155 653 4235 pater
674 4142 773 4212 coelo
797 4156 918 4233 aperto
942 4167 1015 4213 sese
1040 4143 1171 4235 patela-

185 4247 281 4315 ciens
303 4268 425 4314 vocem
447 4259 567 4331 sonat,
593 4269 662 4339 qua
688 4245 733 4315 de
753 4244 828 4314 filio
848 4258 1006 4318 testatur.
1058 4244 1173 4316 Filius

185 4369 303 4417 corum
335 4347 375 4415 in
406 4344 558 4417 Iordane
589 4373 679 4442 aqua
709 4347 955 4439 perfunditur,
992 4349 1174 4419 descendit

1219 1595 1254 1652 et
1267 1578 1391 1653 Esaias
1407 1584 1640 1655 concionatur
1652 1586 1697 1655 de
1713 1610 1799 1656 voce
1813 1586 1987 1657 clamante
2001 1585 2039 1655 in
2056 1588 2212 1660 deserto.

1219 1682 1316 1755 Haec
1331 1685 1423 1755 dicta
1441 1682 1646 1778 prophetica
1660 1689 1901 1779 congruebant
1911 1712 1991 1757 cum
2002 1689 2148 1759 caeteris
2158 1703 2213 1760 te-

1219 1787 1395 1858 alimoniis
1405 1786 1560 1859 loannis.
1593 1787 1714 1878 Quare
1728 1790 1889 1882 oportuit
1898 1788 2067 1861 loannem
2076 1791 2213 1861 servire

1220 1912 1304 1961 suae
1334 1892 1535 1976 vocationi,
1567 1906 1601 1963 et
1624 1891 1747 1963 audire
1770 1916 1851 1962 eum
1875 1916 1999 1964 omnes
2018 1894 2213 1967 debebant.

1220 1992 1293 2063 Nec
1308 2006 1445 2083 poterat
1458 1994 1578 2079 obiici,
1604 1997 1699 2087 quod
1715 1989 1914 2066 schismatis
1929 2008 2034 2067 autor
2047 2009 2151 2078 esset,
2176 2009 2215 2068 et

1221 2097 1317 2188 quod
1336 2096 1374 2164 in
1392 2097 1524 2187 populo
1539 2097 1749 2167 seditionem
1763 2109 1939 2182 moveret,
1964 2111 1999 2170 et
2013 2096 2091 2168 sine
2104 2112 2213 2171 auto·

1223 2197 1325 2268 ritate
1341 2198 1463 2268 divina
1478 2222 1591 2269 novos
1604 2201 1721 2269 cultus
1735 2199 1934 2271 institueret
1949 2224 1988 2271 ac
2004 2201 2092 2290 legis
2106 2213 2214 2273 auto-

1223 2299 1362 2369 ritatem
1378 2301 1559 2371 minuerit.
1611 2298 1665 2370 De
1680 2297 1736 2370 his
1750 2303 1858 2372 tantis
1871 2303 1978 2372 rebus
1992 2326 2074 2374 cum
2092 2327 2136 2374 eo
2150 2328 2214 2374 ex·

1224 2402 1450 2492 postulabant
1464 2403 1669 2473 adversarii.
1714 2400 1811 2474 Haec
1824 2404 1892 2474 fuit
1905 2404 2093 2494 legationis
2105 2428 2214 2477 caum

1223 2517 1258 2575 et
1279 2527 1435 2588 summa,
1466 2519 1505 2576 ut
1527 2529 1622 2577 nunc
1647 2499 1853 2600 hypocritae
1876 2521 2119 2600 quaeruntur,
2145 2531 2215 2579 nus

1223 2607 1403 2676 discedere
1417 2608 1462 2677 ab
1477 2608 1659 2678 ordinaria
1676 2620 1863 2699 potestate,
1890 2630 1965 2680 esse
1979 2603 2217 2683 schismatum

1223 2724 1257 2780 et
1272 2733 1448 2779 novorum
1466 2711 1671 2801 dogmatum
1687 2723 1838 2782 autores.

1326 2810 1396 2883 Sed
1412 2812 1516 2882 nobis
1532 2813 1672 2884 facilior
1688 2826 1740 2884 est
1754 2812 1957 2902 responsio,
1982 2838 2089 2909 quam
2106 2811 2218 2886 loan-

1223 2914 1277 2984 ni.
1330 2911 1426 3002 Quia
1440 2911 1593 2985 luannes
1610 2929 1685 2987 erat
1704 2928 1809 2986 autor
1829 2915 1914 2986 novi
1930 2916 2021 2989 ritus
2033 2916 2219 3009 baptismi,

1225 3031 1259 3087 et
1274 3016 1466 3108 recipiebat
1481 3032 1619 3109 gentes,
1645 3031 1679 3086 et
1694 3016 1861 3088 sacrificia
1878 3018 2095 3109 negligebat,
2122 3045 2218 3114 quae

1224 3115 1343 3190 tamen
1369 3120 1447 3189 iure
1469 3121 1595 3189 divino
1616 3120 1744 3191 tradita
1767 3134 1879 3191 erant.
1938 3119 2013 3193 Nos
2034 3145 2120 3192 vero
2143 3124 2218 3193 sci-

1225 3244 1305 3290 mus
1331 3235 1410 3312 post
1433 3222 1753 3314 promulgationem
1774 3217 1964 3313 Evangelii
1983 3247 2059 3294 non
2080 3223 2219 3296 instare

1226 3324 1324 3394 aliud
1356 3327 1523 3410 verbum,
1554 3326 1616 3394 sed
1644 3324 1854 3417 simpliciter
1881 3349 2003 3397 vocem
2025 3325 2220 3418 Evangelii

1226 3427 1448 3497 retinendam
1476 3450 1568 3511 esse,
1599 3428 1713 3497 donec
1733 3450 1772 3497 se
1792 3427 1907 3518 palam
1932 3430 2067 3498 mundo
2089 3451 2219 3501 rursus

1226 3532 1389 3602 ostendat
1423 3529 1518 3599 filins
1547 3528 1625 3600 Dei.
1691 3527 1771 3599 Hoc
1807 3532 2015 3602 mandatum
2047 3532 2092 3601 de
2120 3531 2217 3604 filio:

1225 3630 1333 3701 Hunc
1356 3632 1495 3717 audite,
1523 3655 1667 3723 prorsus
1689 3632 1912 3703 immutabile
1935 3647 1997 3704 est.
2048 3631 2170 3721 Quare
2185 3638 2219 3707 si

1225 3734 1288 3828 qui
1311 3735 1505 3825 pugnantia
1522 3758 1603 3804 cum
1617 3732 1814 3824 Evangelio
1828 3735 2047 3823 docuerunt,
2071 3750 2135 3808 aut
2148 3739 2218 3808 do-

1225 3850 1324 3921 cent,
1360 3859 1575 3930 quocunque
1607 3851 1784 3929 tempore,
1823 3838 2003 3909 refutandi
2032 3850 2136 3920 sunt,
2179 3854 2219 3913 et

1226 3962 1314 4030 pura
1335 3963 1403 4009 vox
1415 3937 1602 4029 Evangelii
1623 3939 1820 4012 retinenda.
1871 3936 1951 4010 Hoc
1975 3951 2029 4010 est
2049 3943 2218 4030 generale

1225 4041 1433 4112 mandatum
1456 4045 1501 4112 ad
1524 4064 1647 4112 omnes
1666 4044 1744 4111 sine
1761 4041 1836 4112 ullo
1855 4041 2078 4128 discrimine,
2101 4042 2228 4134 pent:

1225 4166 1325 4215 nens.
1377 4141 1463 4214 ldeo
1484 4144 1587 4216 facile
1609 4167 1796 4234 possumus
1811 4144 1949 4216 diluere
1965 4143 2100 4216 crimen
2117 4141 2218 4218 schi-

1225 4246 1363 4330 smatis,
1388 4248 1449 4316 sed
1467 4246 1570 4317 venio
1585 4248 1630 4316 ad
1647 4259 1794 4319 textum.

1326 4346 1418 4436 Cur,
1450 4348 1640 4442 inquiunt,
1672 4349 1848 4441 baptizas,
1879 4348 2011 4420 sinon
2040 4374 2077 4422 es
2103 4346 2220 4424 Chri·

185 4446 341 4542 Spiritus
368 4463 508 4520 sanctus
537 4450 671 4520 visibili
703 4451 841 4541 speciei.
901 4449 1061 4534 Mentes‚
1092 4474 1171 4520 cum
1224 4464 1320 4536 stus,
1350 4475 1416 4520 nec
1436 4449 1552 4536 Elias,
1585 4476 1651 4522 nec
1671 4446 1876 4544 Propheta?
1936 4450 2046 4541 Quasi
2071 4454 2218 4531 dicant:

185 4574 240 4631 res
269 4565 385 4623 tantas
413 4551 583 4636 audiunt,
615 4553 857 4642 imaginantur
885 4554 992 4625 luisse
1018 4553 1171 4623 otiosum
1224 4549 1299 4623 Cur
1321 4577 1455 4623 novum
1476 4552 1589 4624 ritum
1611 4554 1786 4640 instituis,
1810 4555 1910 4647 quod
1932 4555 2026 4626 nulli
2042 4556 2126 4629 licet
2142 4559 2222 4630 nisi

185 4653 444 4745 spectaculum,
484 4666 519 4724 et
555 4654 759 4726 curiositate
794 4656 948 4751 quadam
987 4655 1172 4725 mirantur.
1227 4653 1395 4740 Messiae,
1421 4670 1482 4728 aut
1497 4656 1654 4727 fortassis
1668 4654 1770 4726 Eliae
1789 4679 2014 4750 praecessuro
2030 4656 2220 4749 Messinm,

164 4756 258 4828 “Sed
287 4757 439 4827 sciamus
462 4755 634 4848 singulari
657 4755 725 4827 Dei
748 4759 899 4828 consilio
919 4754 1012 4830 hanc
1035 4757 1173 4829 revela-
1225 4757 1319 4828 utin
1337 4753 1514 4828 Malachia
1527 4758 1699 4848 scriptum
1715 4772 1784 4839 est,
1809 4772 1870 4829 aut
1884 4760 1992 4830 alicui
2005 4760 2114 4830 simili
2124 4759 2223 4851 Pro-

185 4857 320 4930 tionem
346 4855 539 4930 exhibitam
565 4881 658 4943 esse,
684 4872 719 4930 et
741 4882 885 4950 magnas
907 4861 1015 4932 luisse
1040 4883 1172 4932 causas.
1225 4855 1352 4950 phetae
1377 4883 1600 4951 praecessuro
1624 4857 1805 4936 Messinm.
1862 4859 2013 4932 loannes
2036 4863 2116 4936 sine
2137 4876 2222 4937 'am-

185 4958 346 5033 Plurima
363 4959 514 5031 loannes
537 4959 662 5031 didicit
683 4960 723 5028 in
746 4956 812 5031 hac
833 4975 930 5033 tanta
946 4963 1173 5043 revelatione,
1226 4962 1399 5060 biguitate
1419 4964 1625 5054 respondet,
1655 4985 1696 5032 ac
1719 4964 1827 5037 simul
1850 4964 1936 5057 quid
1959 4967 2124 5053 nonsit,
2155 4992 2223 5039 ex„

186 5065 231 5134 de
252 5061 384 5158 quibus
408 5076 527 5156 postea
546 5079 580 5135 et
595 5078 747 5134 caeteros
764 5064 905 5137 erudiit.
958 5061 1172 5157 Quanquam
1227 5064 1348 5156 ponit,
1369 5076 1406 5136 et
1427 5080 1680 5137 commemorat
1703 5065 1743 5136 in
1758 5090 1827 5161 qua
1842 5067 2028 5138 vocatione
2044 5084 2222 5159 versetur,

186 5165 295 5256 igitur
310 5165 459 5237 loannes
481 5189 556 5234 non
580 5165 711 5235 dicitur
725 5166 847 5237 iecisse
861 5166 1052 5250 miracula,
1077 5168 1174 5237 scili·
1226 5167 1896 5260 etqnaesitsuaedoctrinaesumma..
1930 5167 2094 5241 Primum
2108 5189 2223 5264 negat

188 5279 260 5353 cet,
291 5284 332 5341 ut
359 5269 487 5340 caeteri
512 5267 552 5338 in
576 5269 785 5360 corporibus
807 5263 1017 5353 hominum,
1051 5283 1113 5339 aut
1136 5270 1174 5339 in
1225 5292 1262 5338 se
1285 5292 1360 5339 esse
1382 5267 1570 5357 Messinm,
1595 5285 1631 5342 et
1650 5294 1753 5362 saepe
1776 5271 1945 5345 discernit
1967 5297 2068 5344 suam
2091 5299 2220 5366 perso-

187 5369 331 5463 politica
348 5372 617 5465 gubernatione,
642 5385 759 5445 tamen
774 5371 957 5444 doctrinae
974 5372 1173 5444 testimonia
1225 5395 1310 5443 nam
1334 5371 1520 5456 officium,
1544 5397 1564 5443 a
1587 5395 1739 5466 persona
1762 5372 1932 5463 Messiae,
1962 5389 1999 5448 et
2019 5376 2222 5465 beneficiis,
