<?xml version="1.0" encoding="UTF-8"?>
<!DOCTYPE html PUBLIC "-//W3C//DTD XHTML 1.0 Transitional//EN"
    "http://www.w3.org/TR/xhtml1/DTD/xhtml1-transitional.dtd">
<html xmlns="http://www.w3.org/1999/xhtml" xml:lang="en" lang="en">
 <head>
  <title>
</title>
<meta http-equiv="Content-Type" content="text/html;charset=utf-8" />
  <meta name='ocr-system' content='tesseract 3.04.00' />
  <meta name='ocr-capabilities' content='ocr_page ocr_carea ocr_par ocr_line ocrx_word'/>
</head>
<body>
  <div class='ocr_page' id='page_1' title='image "./corpusreformato01melagoog/corpusreformato01melagoog_0060.png"; bbox 0 0 4522 5782; ppageno 0'>
   <div class='ocr_carea' id='block_1_1' title="bbox 65 194 2108 285">
    <p class='ocr_par' dir='ltr' id='par_1_1' title="bbox 65 194 2108 285">
     <span class='ocr_line' id='line_1_1' title="bbox 65 194 2108 285; baseline 0.007 -16"><span class='ocrx_word' id='word_1_1' title='bbox 65 194 116 269; x_wconf 71' lang='lat'>93</span> <span class='ocrx_word' id='word_1_2' title='bbox 479 196 564 273; x_wconf 87' lang='lat' dir='ltr'>xtl.</span> <span class='ocrx_word' id='word_1_3' title='bbox 611 196 909 276; x_wconf 78' lang='lat' dir='ltr'><strong>ENARRATIO</strong></span> <span class='ocrx_word' id='word_1_4' title='bbox 934 200 986 277; x_wconf 81' lang='lat' dir='ltr'>IN</span> <span class='ocrx_word' id='word_1_5' title='bbox 1011 196 1200 282; x_wconf 69' lang='lat' dir='ltr'>Evado.</span> <span class='ocrx_word' id='word_1_6' title='bbox 1224 197 1443 280; x_wconf 78' lang='lat' dir='ltr'>loauuts.</span> <span class='ocrx_word' id='word_1_7' title='bbox 1494 198 1601 282; x_wconf 85' lang='lat' dir='ltr'>CAP.</span> <span class='ocrx_word' id='word_1_8' title='bbox 1629 202 1695 276; x_wconf 90' lang='lat' dir='ltr'>lll.</span> <span class='ocrx_word' id='word_1_9' title='bbox 1815 212 1817 219; x_wconf 88' lang='lat'>&#39;</span> <span class='ocrx_word' id='word_1_10' title='bbox 2056 205 2108 285; x_wconf 74' lang='lat'>94</span> 
     </span>
    </p>
   </div>
   <div class='ocr_carea' id='block_1_2' title="bbox 9 1803 1047 1900">
    <p class='ocr_par' dir='ltr' id='par_1_2' title="bbox 9 1803 1047 1900">
     <span class='ocr_line' id='line_1_2' title="bbox 9 1803 1047 1900; baseline 0.008 -26"><span class='ocrx_word' id='word_1_11' title='bbox 9 1834 12 1847; x_wconf 90' lang='lat'>·</span> <span class='ocrx_word' id='word_1_12' title='bbox 56 1829 180 1875; x_wconf 87' lang='lat' dir='ltr'>omncs</span> <span class='ocrx_word' id='word_1_13' title='bbox 217 1804 321 1896; x_wconf 88' lang='lat' dir='ltr'>impii</span> <span class='ocrx_word' id='word_1_14' title='bbox 357 1807 401 1875; x_wconf 91' lang='lat' dir='ltr'>de</span> <span class='ocrx_word' id='word_1_15' title='bbox 429 1803 627 1897; x_wconf 82' lang='lat' dir='ltr'>Evangelio</span> <span class='ocrx_word' id='word_1_16' title='bbox 666 1828 803 1900; x_wconf 86' lang='lat' dir='ltr'>semper</span> <span class='ocrx_word' id='word_1_17' title='bbox 831 1810 1047 1883; x_wconf 89' lang='lat' dir='ltr'>iudicanrnt.</span> 
     </span>
    </p>
   </div>
   <div class='ocr_carea' id='block_1_3' title="bbox 8 369 2104 473">
    <p class='ocr_par' dir='ltr' id='par_1_3' title="bbox 8 369 2104 473">
     <span class='ocr_line' id='line_1_3' title="bbox 8 369 2104 473; baseline 0.004 -35"><span class='ocrx_word' id='word_1_18' title='bbox 8 454 11 473; x_wconf 44' lang='lat'>¹</span> <span class='ocrx_word' id='word_1_19' title='bbox 62 370 281 442; x_wconf 85' lang='lat' dir='ltr'>non&#39;adiuta</span> <span class='ocrx_word' id='word_1_20' title='bbox 303 369 476 464; x_wconf 89' lang='lat' dir='ltr'>aSpiritu</span> <span class='ocrx_word' id='word_1_21' title='bbox 499 390 630 448; x_wconf 90' lang='lat' dir='ltr'>sancto.</span> <span class='ocrx_word' id='word_1_22' title='bbox 682 376 786 449; x_wconf 89' lang='lat' dir='ltr'>Hanc</span> <span class='ocrx_word' id='word_1_23' title='bbox 799 376 1059 470; x_wconf 89' lang='lat' dir='ltr'>mitigationem</span> <span class='ocrx_word' id='word_1_24' title='bbox 1110 379 1232 451; x_wconf 87' lang='lat' dir='ltr'>audita</span> <span class='ocrx_word' id='word_1_25' title='bbox 1255 377 1500 450; x_wconf 89' lang='lat' dir='ltr'>consolatione</span> <span class='ocrx_word' id='word_1_26' title='bbox 1524 381 1570 448; x_wconf 91' lang='lat' dir='ltr'>de</span> <span class='ocrx_word' id='word_1_27' title='bbox 1585 378 1792 448; x_wconf 87' lang='lat' dir='ltr'>remissione</span> <span class='ocrx_word' id='word_1_28' title='bbox 1807 393 2031 469; x_wconf 90' lang='lat' dir='ltr'>peccatorum</span> <span class='ocrx_word' id='word_1_29' title='bbox 2047 402 2104 451; x_wconf 81' lang='lat' dir='ltr'>as.</span> 
     </span>
    </p>
   </div>
   <div class='ocr_carea' id='block_1_4' title="bbox 59 475 2103 1494">
    <p class='ocr_par' dir='ltr' id='par_1_4' title="bbox 59 475 2103 1494">
     <span class='ocr_line' id='line_1_4' title="bbox 62 475 2103 571; baseline 0.002 -28"><span class='ocrx_word' id='word_1_30' title='bbox 62 475 192 565; x_wconf 85' lang='lat' dir='ltr'>probat</span> <span class='ocrx_word' id='word_1_31' title='bbox 208 476 518 569; x_wconf 68' lang='lat' dir='ltr'>sequens‘dictnm.</span> <span class='ocrx_word' id='word_1_32' title='bbox 1109 482 1260 554; x_wconf 73' lang='lat' dir='ltr'>sentitur</span> <span class='ocrx_word' id='word_1_33' title='bbox 1283 483 1345 551; x_wconf 88' lang='lat' dir='ltr'>illi</span> <span class='ocrx_word' id='word_1_34' title='bbox 1361 483 1457 567; x_wconf 86' lang='lat' dir='ltr'>voci,</span> <span class='ocrx_word' id='word_1_35' title='bbox 1490 482 1597 551; x_wconf 92' lang='lat' dir='ltr'>simul</span> <span class='ocrx_word' id='word_1_36' title='bbox 1621 494 1673 551; x_wconf 89' lang='lat' dir='ltr'>est</span> <span class='ocrx_word' id='word_1_37' title='bbox 1697 481 1817 552; x_wconf 86' lang='lat' dir='ltr'>efficax</span> <span class='ocrx_word' id='word_1_38' title='bbox 1840 481 1999 571; x_wconf 90' lang='lat' dir='ltr'>Spiritus</span> <span class='ocrx_word' id='word_1_39' title='bbox 2019 505 2103 553; x_wconf 87' lang='lat' dir='ltr'>san..</span> 
     </span>
     <span class='ocr_line' id='line_1_5' title="bbox 1108 583 2101 677; baseline 0.001 -24"><span class='ocrx_word' id='word_1_40' title='bbox 1108 595 1204 669; x_wconf 89' lang='lat' dir='ltr'>ctus,</span> <span class='ocrx_word' id='word_1_41' title='bbox 1230 597 1264 653; x_wconf 87' lang='lat' dir='ltr'>et</span> <span class='ocrx_word' id='word_1_42' title='bbox 1285 608 1368 655; x_wconf 90' lang='lat' dir='ltr'>vere</span> <span class='ocrx_word' id='word_1_43' title='bbox 1387 606 1508 676; x_wconf 80' lang='lat' dir='ltr'>pacem</span> <span class='ocrx_word' id='word_1_44' title='bbox 1532 585 1571 653; x_wconf 91' lang='lat' dir='ltr'>in</span> <span class='ocrx_word' id='word_1_45' title='bbox 1595 585 1703 653; x_wconf 89' lang='lat' dir='ltr'>corde</span> <span class='ocrx_word' id='word_1_46' title='bbox 1725 584 1820 670; x_wconf 88' lang='lat' dir='ltr'>eius,</span> <span class='ocrx_word' id='word_1_47' title='bbox 1846 599 1880 653; x_wconf 90' lang='lat' dir='ltr'>et</span> <span class='ocrx_word' id='word_1_48' title='bbox 1896 583 2101 677; x_wconf 87' lang='lat' dir='ltr'>tranquilli-</span> 
     </span>
     <span class='ocr_line' id='line_1_6' title="bbox 1108 683 2100 777; baseline 0.002 -22"><span class='ocrx_word' id='word_1_49' title='bbox 1108 698 1213 755; x_wconf 88' lang='lat' dir='ltr'>tatem</span> <span class='ocrx_word' id='word_1_50' title='bbox 1237 685 1354 757; x_wconf 88' lang='lat' dir='ltr'>elficit.</span> <span class='ocrx_word' id='word_1_51' title='bbox 1413 683 1466 756; x_wconf 80' lang='lat' dir='ltr'>lui</span> <span class='ocrx_word' id='word_1_52' title='bbox 1489 688 1597 756; x_wconf 87' lang='lat' dir='ltr'>sentit</span> <span class='ocrx_word' id='word_1_53' title='bbox 1616 708 1653 756; x_wconf 89' lang='lat' dir='ltr'>se</span> <span class='ocrx_word' id='word_1_54' title='bbox 1675 687 1897 777; x_wconf 75' lang='lat' dir='ltr'>acquiescere</span> <span class='ocrx_word' id='word_1_55' title='bbox 1919 684 2037 755; x_wconf 90' lang='lat' dir='ltr'>David</span> <span class='ocrx_word' id='word_1_56' title='bbox 2059 688 2100 757; x_wconf 92' lang='lat' dir='ltr'>in</span> 
     </span>
     <span class='ocr_line' id='line_1_7' title="bbox 163 780 2098 882; baseline 0.002 -30"><span class='ocrx_word' id='word_1_57' title='bbox 163 780 235 853; x_wconf 85' lang='lat' dir='ltr'>Hic</span> <span class='ocrx_word' id='word_1_58' title='bbox 259 795 410 861; x_wconf 82' lang='lat' dir='ltr'>testatur</span> <span class='ocrx_word' id='word_1_59' title='bbox 432 786 571 877; x_wconf 80' lang='lat' dir='ltr'>aliquos</span> <span class='ocrx_word' id='word_1_60' title='bbox 592 789 692 882; x_wconf 89' lang='lat' dir='ltr'>sequi</span> <span class='ocrx_word' id='word_1_61' title='bbox 711 782 806 857; x_wconf 91' lang='lat' dir='ltr'>hunc</span> <span class='ocrx_word' id='word_1_62' title='bbox 822 789 967 869; x_wconf 90' lang='lat' dir='ltr'>ducem,</span> <span class='ocrx_word' id='word_1_63' title='bbox 993 791 1054 859; x_wconf 90' lang='lat' dir='ltr'>sed</span> <span class='ocrx_word' id='word_1_64' title='bbox 1107 787 1286 877; x_wconf 78' lang='lat' dir='ltr'><strong>agnitione</strong></span> <span class='ocrx_word' id='word_1_65' title='bbox 1307 805 1341 860; x_wconf 88' lang='lat' dir='ltr'>et</span> <span class='ocrx_word' id='word_1_66' title='bbox 1363 788 1432 858; x_wconf 90' lang='lat' dir='ltr'>fide</span> <span class='ocrx_word' id='word_1_67' title='bbox 1447 787 1711 859; x_wconf 76' lang='lat' dir='ltr'>misericordiae</span> <span class='ocrx_word' id='word_1_68' title='bbox 1726 786 1805 861; x_wconf 84' lang='lat' dir='ltr'>Dei.</span> <span class='ocrx_word' id='word_1_69' title='bbox 1857 785 1954 856; x_wconf 88' lang='lat' dir='ltr'>llaec</span> <span class='ocrx_word' id='word_1_70' title='bbox 1969 796 2098 857; x_wconf 71' lang='lat' dir='ltr'>conso-&#39;⁶</span> 
     </span>
     <span class='ocr_line' id='line_1_8' title="bbox 60 883 2100 982; baseline 0.002 -26"><span class='ocrx_word' id='word_1_71' title='bbox 60 908 204 979; x_wconf 81' lang='lat' dir='ltr'>paunus.</span> <span class='ocrx_word' id='word_1_72' title='bbox 255 883 337 956; x_wconf 84' lang='lat' dir='ltr'>Erit</span> <span class='ocrx_word' id='word_1_73' title='bbox 359 886 471 973; x_wconf 89' lang='lat' dir='ltr'>igitur</span> <span class='ocrx_word' id='word_1_74' title='bbox 482 885 638 959; x_wconf 78' lang='lat' dir='ltr'>Ecclesia</span> <span class='ocrx_word' id='word_1_75' title='bbox 661 889 801 977; x_wconf 84' lang='lat' dir='ltr'>exigua,</span> <span class='ocrx_word' id='word_1_76' title='bbox 828 890 905 961; x_wconf 91' lang='lat' dir='ltr'>sine</span> <span class='ocrx_word' id='word_1_77' title='bbox 926 906 1053 982; x_wconf 91' lang='lat' dir='ltr'>poten·</span> <span class='ocrx_word' id='word_1_78' title='bbox 1106 890 1192 959; x_wconf 90' lang='lat' dir='ltr'>latio</span> <span class='ocrx_word' id='word_1_79' title='bbox 1215 890 1367 961; x_wconf 92' lang='lat' dir='ltr'>ostendit</span> <span class='ocrx_word' id='word_1_80' title='bbox 1383 892 1531 960; x_wconf 83' lang='lat' dir='ltr'>verbum</span> <span class='ocrx_word' id='word_1_81' title='bbox 1548 889 1613 961; x_wconf 88' lang='lat' dir='ltr'>Dei</span> <span class='ocrx_word' id='word_1_82' title='bbox 1632 913 1705 959; x_wconf 87' lang='lat' dir='ltr'>esse</span> <span class='ocrx_word' id='word_1_83' title='bbox 1721 891 1861 972; x_wconf 83' lang='lat' dir='ltr'>efficax,</span> <span class='ocrx_word' id='word_1_84' title='bbox 1886 904 1920 961; x_wconf 91' lang='lat' dir='ltr'>et</span> <span class='ocrx_word' id='word_1_85' title='bbox 1936 891 2100 964; x_wconf 89' lang='lat' dir='ltr'>accendit</span> 
     </span>
     <span class='ocr_line' id='line_1_9' title="bbox 61 984 2097 1085; baseline 0.002 -27"><span class='ocrx_word' id='word_1_86' title='bbox 61 990 108 1058; x_wconf 89' lang='lat' dir='ltr'>tia</span> <span class='ocrx_word' id='word_1_87' title='bbox 122 1002 158 1059; x_wconf 89' lang='lat' dir='ltr'>et</span> <span class='ocrx_word' id='word_1_88' title='bbox 173 987 361 1076; x_wconf 73' lang='lat' dir='ltr'>praesidiis</span> <span class='ocrx_word' id='word_1_89' title='bbox 376 984 552 1073; x_wconf 91' lang='lat' dir='ltr'>humanis,</span> <span class='ocrx_word' id='word_1_90' title='bbox 577 992 759 1061; x_wconf 88' lang='lat' dir='ltr'>dissimilis</span> <span class='ocrx_word' id='word_1_91' title='bbox 775 994 933 1084; x_wconf 90' lang='lat' dir='ltr'>imperiis</span> <span class='ocrx_word' id='word_1_92' title='bbox 947 1017 1052 1064; x_wconf 89' lang='lat' dir='ltr'>mun·</span> <span class='ocrx_word' id='word_1_93' title='bbox 1105 1017 1235 1061; x_wconf 89' lang='lat' dir='ltr'>novam</span> <span class='ocrx_word' id='word_1_94' title='bbox 1253 992 1385 1077; x_wconf 90' lang='lat' dir='ltr'>lucem,</span> <span class='ocrx_word' id='word_1_95' title='bbox 1409 1014 1480 1085; x_wconf 85' lang='lat' dir='ltr'>qua</span> <span class='ocrx_word' id='word_1_96' title='bbox 1495 994 1565 1062; x_wconf 90' lang='lat' dir='ltr'>iam</span> <span class='ocrx_word' id='word_1_97' title='bbox 1581 993 1687 1062; x_wconf 89' lang='lat' dir='ltr'>sentit</span> <span class='ocrx_word' id='word_1_98' title='bbox 1701 991 1817 1062; x_wconf 86' lang='lat' dir='ltr'>David</span> <span class='ocrx_word' id='word_1_99' title='bbox 1834 1017 1915 1061; x_wconf 90' lang='lat' dir='ltr'>vere</span> <span class='ocrx_word' id='word_1_100' title='bbox 1932 1014 1968 1061; x_wconf 88' lang='lat' dir='ltr'>se</span> <span class='ocrx_word' id='word_1_101' title='bbox 1983 1017 2001 1060; x_wconf 92' lang='lat' dir='ltr'>a</span> <span class='ocrx_word' id='word_1_102' title='bbox 2019 990 2097 1063; x_wconf 70' lang='lat' dir='ltr'>Deo·</span> 
     </span>
     <span class='ocr_line' id='line_1_10' title="bbox 61 1090 2097 1189; baseline 0.002 -30"><span class='ocrx_word' id='word_1_103' title='bbox 61 1091 116 1175; x_wconf 90' lang='lat' dir='ltr'>di,</span> <span class='ocrx_word' id='word_1_104' title='bbox 144 1090 338 1189; x_wconf 86' lang='lat' dir='ltr'>dissipata,</span> <span class='ocrx_word' id='word_1_105' title='bbox 364 1104 427 1160; x_wconf 89' lang='lat' dir='ltr'>etc.</span> <span class='ocrx_word' id='word_1_106' title='bbox 480 1091 554 1181; x_wconf 89' lang='lat' dir='ltr'>Qui</span> <span class='ocrx_word' id='word_1_107' title='bbox 568 1095 694 1186; x_wconf 88' lang='lat' dir='ltr'>accipit</span> <span class='ocrx_word' id='word_1_108' title='bbox 709 1095 950 1165; x_wconf 90' lang='lat' dir='ltr'>testimonium</span> <span class='ocrx_word' id='word_1_109' title='bbox 967 1096 1053 1181; x_wconf 90' lang='lat' dir='ltr'>eius,</span> <span class='ocrx_word' id='word_1_110' title='bbox 1104 1095 1214 1184; x_wconf 88' lang='lat' dir='ltr'>recipi</span> <span class='ocrx_word' id='word_1_111' title='bbox 1238 1108 1272 1163; x_wconf 92' lang='lat' dir='ltr'>et</span> <span class='ocrx_word' id='word_1_112' title='bbox 1290 1093 1424 1178; x_wconf 91' lang='lat' dir='ltr'>curari,</span> <span class='ocrx_word' id='word_1_113' title='bbox 1451 1118 1531 1164; x_wconf 87' lang='lat' dir='ltr'>vere</span> <span class='ocrx_word' id='word_1_114' title='bbox 1546 1094 1590 1162; x_wconf 88' lang='lat' dir='ltr'>ab</span> <span class='ocrx_word' id='word_1_115' title='bbox 1610 1119 1650 1164; x_wconf 90' lang='lat' dir='ltr'>eo</span> <span class='ocrx_word' id='word_1_116' title='bbox 1668 1096 1755 1184; x_wconf 91' lang='lat' dir='ltr'>petit</span> <span class='ocrx_word' id='word_1_117' title='bbox 1770 1109 1804 1165; x_wconf 90' lang='lat' dir='ltr'>et</span> <span class='ocrx_word' id='word_1_118' title='bbox 1820 1107 1975 1184; x_wconf 86' lang='lat' dir='ltr'>expectat</span> <span class='ocrx_word' id='word_1_119' title='bbox 1995 1118 2097 1184; x_wconf 87' lang='lat' dir='ltr'>prae-</span> 
     </span>
     <span class='ocr_line' id='line_1_11' title="bbox 60 1191 2097 1290; baseline 0.002 -28"><span class='ocrx_word' id='word_1_120' title='bbox 60 1194 89 1262; x_wconf 89' lang='lat' dir='ltr'>is</span> <span class='ocrx_word' id='word_1_121' title='bbox 112 1192 231 1280; x_wconf 87' lang='lat' dir='ltr'>signat</span> <span class='ocrx_word' id='word_1_122' title='bbox 255 1191 308 1282; x_wconf 90' lang='lat' dir='ltr'>(id</span> <span class='ocrx_word' id='word_1_123' title='bbox 334 1208 404 1276; x_wconf 89' lang='lat' dir='ltr'>est,</span> <span class='ocrx_word' id='word_1_124' title='bbox 437 1195 642 1266; x_wconf 88' lang='lat' dir='ltr'>testificatur</span> <span class='ocrx_word' id='word_1_125' title='bbox 664 1194 801 1289; x_wconf 86' lang='lat' dir='ltr'>certo),</span> <span class='ocrx_word' id='word_1_126' title='bbox 834 1199 931 1290; x_wconf 87' lang='lat' dir='ltr'>quod</span> <span class='ocrx_word' id='word_1_127' title='bbox 954 1196 1051 1268; x_wconf 91' lang='lat' dir='ltr'>Deus</span> <span class='ocrx_word' id='word_1_128' title='bbox 1104 1197 1194 1274; x_wconf 90' lang='lat' dir='ltr'>mia,</span> <span class='ocrx_word' id='word_1_129' title='bbox 1226 1196 1486 1281; x_wconf 82' lang='lat' dir='ltr'>defensionem,</span> <span class='ocrx_word' id='word_1_130' title='bbox 1512 1197 1822 1285; x_wconf 75' lang='lat' dir='ltr'>gubernationem,</span> <span class='ocrx_word' id='word_1_131' title='bbox 1850 1197 2033 1282; x_wconf 81' lang='lat' dir='ltr'>uictorias,</span> <span class='ocrx_word' id='word_1_132' title='bbox 2060 1209 2097 1269; x_wconf 89' lang='lat' dir='ltr'>et</span> 
     </span>
     <span class='ocr_line' id='line_1_12' title="bbox 60 1292 1419 1393; baseline 0.004 -28"><span class='ocrx_word' id='word_1_133' title='bbox 60 1294 104 1365; x_wconf 89' lang='lat' dir='ltr'>sit</span> <span class='ocrx_word' id='word_1_134' title='bbox 124 1316 246 1364; x_wconf 81' lang='lat' dir='ltr'>verax.</span> <span class='ocrx_word' id='word_1_135' title='bbox 295 1292 458 1365; x_wconf 89' lang='lat' dir='ltr'>Brevitas</span> <span class='ocrx_word' id='word_1_136' title='bbox 481 1310 585 1387; x_wconf 89' lang='lat' dir='ltr'>auget</span> <span class='ocrx_word' id='word_1_137' title='bbox 604 1300 872 1384; x_wconf 78' lang='lat' dir='ltr'>obscuritatem,</span> <span class='ocrx_word' id='word_1_138' title='bbox 897 1323 1006 1393; x_wconf 91' lang='lat' dir='ltr'>quare</span> <span class='ocrx_word' id='word_1_139' title='bbox 1021 1302 1049 1367; x_wconf 88' lang='lat' dir='ltr'>si</span> <span class='ocrx_word' id='word_1_140' title='bbox 1104 1299 1211 1367; x_wconf 90' lang='lat' dir='ltr'>vitam</span> <span class='ocrx_word' id='word_1_141' title='bbox 1230 1312 1419 1371; x_wconf 87' lang='lat' dir='ltr'>aeternam.</span> 
     </span>
     <span class='ocr_line' id='line_1_13' title="bbox 59 1392 1049 1494; baseline 0.005 -28"><span class='ocrx_word' id='word_1_142' title='bbox 59 1395 264 1466; x_wconf 82' lang='lat' dir='ltr'>conferatur</span> <span class='ocrx_word' id='word_1_143' title='bbox 283 1392 484 1484; x_wconf 84' lang='lat' dir='ltr'>antithesis,</span> <span class='ocrx_word' id='word_1_144' title='bbox 510 1400 669 1471; x_wconf 85' lang='lat' dir='ltr'>fortassis</span> <span class='ocrx_word' id='word_1_145' title='bbox 685 1402 820 1494; x_wconf 90' lang='lat' dir='ltr'>aliquid</span> <span class='ocrx_word' id='word_1_146' title='bbox 838 1403 977 1471; x_wconf 86' lang='lat' dir='ltr'>accedet</span> <span class='ocrx_word' id='word_1_147' title='bbox 992 1402 1049 1471; x_wconf 92' lang='lat' dir='ltr'>lu-</span> 
     </span>
    </p>
   </div>
   <div class='ocr_carea' id='block_1_5' title="bbox 59 1494 2121 1727">
    <p class='ocr_par' dir='ltr' id='par_1_5' title="bbox 59 1494 2121 1727">
     <span class='ocr_line' id='line_1_14' title="bbox 59 1494 2092 1628; baseline 0.005 -33"><span class='ocrx_word' id='word_1_148' title='bbox 59 1498 117 1568; x_wconf 55' lang='lat' dir='ltr'>d*</span> <span class='ocrx_word' id='word_1_149' title='bbox 172 1494 251 1587; x_wconf 66' lang='lat' dir='ltr'>Q¹¹l</span> <span class='ocrx_word' id='word_1_150' title='bbox 273 1521 346 1617; x_wconf 61' lang='lat'>¹¹9⁰</span> <span class='ocrx_word' id='word_1_151' title='bbox 367 1500 750 1616; x_wconf 49' lang='lat' dir='ltr'>‚credunffllfflgellffi</span> <span class='ocrx_word' id='word_1_152' title='bbox 776 1500 815 1572; x_wconf 71' lang='lat' dir='ltr'>hl</span> <span class='ocrx_word' id='word_1_153' title='bbox 836 1526 900 1621; x_wconf 67' lang='lat'>{¹⁰⁰</span> <span class='ocrx_word' id='word_1_154' title='bbox 915 1504 1050 1576; x_wconf 58' lang='lat' dir='ltr'>inlelll·</span> <span class='ocrx_word' id='word_1_155' title='bbox 1102 1537 1302 1628; x_wconf 90' lang='lat' dir='ltr'>adoptionis</span> <span class='ocrx_word' id='word_1_156' title='bbox 1334 1536 1508 1619; x_wconf 89' lang='lat' dir='ltr'>liliorum,</span> <span class='ocrx_word' id='word_1_157' title='bbox 1537 1558 1608 1625; x_wconf 90' lang='lat' dir='ltr'>quo</span> <span class='ocrx_word' id='word_1_158' title='bbox 1639 1536 1832 1605; x_wconf 87' lang='lat' dir='ltr'>clamamus</span> <span class='ocrx_word' id='word_1_159' title='bbox 1855 1534 1958 1602; x_wconf 81' lang='lat' dir='ltr'>Abba</span> <span class='ocrx_word' id='word_1_160' title='bbox 1980 1548 2092 1625; x_wconf 88' lang='lat' dir='ltr'>pater.</span> 
     </span>
     <span class='ocr_line' id='line_1_15' title="bbox 59 1603 2121 1727; baseline 0.005 -30"><span class='ocrx_word' id='word_1_161' title='bbox 59 1613 167 1691; x_wconf 57' lang='grc' dir='ltr'>Μ’</span> <span class='ocrx_word' id='word_1_162' title='bbox 203 1623 269 1670; x_wconf 74' lang='lat'>¹¹⁰⁰</span> <span class='ocrx_word' id='word_1_163' title='bbox 299 1603 457 1672; x_wconf 71' lang='lat' dir='ltr'>¹¹¹d¹⁰³¹¹l</span> <span class='ocrx_word' id='word_1_164' title='bbox 484 1628 602 1673; x_wconf 59' lang='lat' dir='ltr'>”mm</span> <span class='ocrx_word' id='word_1_165' title='bbox 634 1628 707 1675; x_wconf 71' lang='lat'>‘⁸⁵⁰</span> <span class='ocrx_word' id='word_1_166' title='bbox 736 1609 955 1689; x_wconf 45' lang='lat' dir='ltr'>‘mannam’</span> <span class='ocrx_word' id='word_1_167' title='bbox 987 1608 1048 1676; x_wconf 64' lang='lat'>⁸⁰¹¹</span> <span class='ocrx_word' id='word_1_168' title='bbox 1103 1638 1201 1707; x_wconf 90' lang='lat' dir='ltr'>ldem</span> <span class='ocrx_word' id='word_1_169' title='bbox 1228 1632 1285 1707; x_wconf 82' lang='lat' dir='ltr'>hic</span> <span class='ocrx_word' id='word_1_170' title='bbox 1309 1638 1454 1727; x_wconf 90' lang='lat' dir='ltr'>spiritus</span> <span class='ocrx_word' id='word_1_171' title='bbox 1478 1636 1683 1708; x_wconf 90' lang='lat' dir='ltr'>testificatur</span> <span class='ocrx_word' id='word_1_172' title='bbox 1708 1660 1788 1706; x_wconf 83' lang='lat' dir='ltr'>crim</span> <span class='ocrx_word' id='word_1_173' title='bbox 1813 1637 1940 1726; x_wconf 87' lang='lat' dir='ltr'>spiritu</span> <span class='ocrx_word' id='word_1_174' title='bbox 1958 1646 2121 1723; x_wconf 80' lang='lat' dir='ltr'>nostro,</span> 
     </span>
    </p>
   </div>
   <div class='ocr_carea' id='block_1_6' title="bbox 57 1708 2094 1832">
    <p class='ocr_par' dir='ltr' id='par_1_6' title="bbox 57 1708 2094 1832">
     <span class='ocr_line' id='line_1_16' title="bbox 57 1708 2094 1832; baseline 0.001 -29"><span class='ocrx_word' id='word_1_175' title='bbox 57 1716 314 1794; x_wconf 62' lang='lat' dir='ltr'>”P‘mmm’</span> <span class='ocrx_word' id='word_1_176' title='bbox 350 1717 515 1797; x_wconf 57' lang='lat' dir='ltr'>&#39;anquam</span> <span class='ocrx_word' id='word_1_177' title='bbox 542 1720 781 1797; x_wconf 64' lang='lat' dir='ltr'>P⁰lle¹¹l⁰⁸³m</span> <span class='ocrx_word' id='word_1_178' title='bbox 806 1708 982 1792; x_wconf 73' lang='lat' dir='ltr'>s³b⁰l³m’</span> <span class='ocrx_word' id='word_1_179' title='bbox 1008 1722 1049 1778; x_wconf 57' lang='grc' dir='ltr'>ιη</span> <span class='ocrx_word' id='word_1_180' title='bbox 1101 1740 1424 1832; x_wconf 89' lang='lat' dir='ltr'>quodsumusfilii.</span> <span class='ocrx_word' id='word_1_181' title='bbox 1456 1735 1504 1809; x_wconf 86' lang='lat' dir='ltr'>Et</span> <span class='ocrx_word' id='word_1_182' title='bbox 1518 1735 1787 1812; x_wconf 58' lang='lat' dir='ltr'>scariotha:</span> <span class='ocrx_word' id='word_1_183' title='bbox 1815 1737 1903 1809; x_wconf 85' lang='lat' dir='ltr'>Cum</span> <span class='ocrx_word' id='word_1_184' title='bbox 1921 1738 2094 1813; x_wconf 90' lang='lat' dir='ltr'>redierint</span> 
     </span>
    </p>
   </div>
   <div class='ocr_carea' id='block_1_7' title="bbox 1097 1839 2093 2445">
    <p class='ocr_par' dir='ltr' id='par_1_7' title="bbox 1097 1839 2093 2445">
     <span class='ocr_line' id='line_1_17' title="bbox 1100 1839 2093 1930; baseline -0.001 -20"><span class='ocrx_word' id='word_1_185' title='bbox 1100 1848 1142 1912; x_wconf 93' lang='lat' dir='ltr'>ad</span> <span class='ocrx_word' id='word_1_186' title='bbox 1159 1843 1358 1926; x_wconf 92' lang='lat' dir='ltr'>dominum,</span> <span class='ocrx_word' id='word_1_187' title='bbox 1383 1841 1562 1910; x_wconf 85' lang='lat' dir='ltr'>auferetur</span> <span class='ocrx_word' id='word_1_188' title='bbox 1576 1841 1718 1912; x_wconf 89' lang='lat' dir='ltr'>velum..</span> <span class='ocrx_word' id='word_1_189' title='bbox 1752 1839 1821 1911; x_wconf 84' lang='lat' dir='ltr'>llic</span> <span class='ocrx_word' id='word_1_190' title='bbox 1836 1841 1937 1930; x_wconf 88' lang='lat' dir='ltr'>dicit,</span> <span class='ocrx_word' id='word_1_191' title='bbox 1959 1841 2093 1911; x_wconf 88' lang='lat' dir='ltr'>auferri</span> 
     </span>
     <span class='ocr_line' id='line_1_18' title="bbox 1099 1942 2092 2034; baseline 0 -20"><span class='ocrx_word' id='word_1_192' title='bbox 1099 1945 1285 2034; x_wconf 88' lang='lat' dir='ltr'>caliginem</span> <span class='ocrx_word' id='word_1_193' title='bbox 1312 1959 1346 2015; x_wconf 93' lang='lat' dir='ltr'>et</span> <span class='ocrx_word' id='word_1_194' title='bbox 1367 1942 1647 2026; x_wconf 88' lang='lat' dir='ltr'>dubitationem,</span> <span class='ocrx_word' id='word_1_195' title='bbox 1673 1967 1751 2013; x_wconf 93' lang='lat' dir='ltr'>cum</span> <span class='ocrx_word' id='word_1_196' title='bbox 1774 1945 1814 2014; x_wconf 91' lang='lat' dir='ltr'>fit</span> <span class='ocrx_word' id='word_1_197' title='bbox 1838 1943 2021 2012; x_wconf 84' lang='lat' dir='ltr'>conversio</span> <span class='ocrx_word' id='word_1_198' title='bbox 2046 1945 2092 2015; x_wconf 90' lang='lat' dir='ltr'>ad</span> 
     </span>
     <span class='ocr_line' id='line_1_19' title="bbox 1098 2043 2089 2137; baseline -0.003 -21"><span class='ocrx_word' id='word_1_199' title='bbox 1098 2043 1293 2120; x_wconf 84' lang='lat' dir='ltr'>Christum.</span> <span class='ocrx_word' id='word_1_200' title='bbox 1360 2046 1556 2137; x_wconf 89' lang='lat' dir='ltr'>Aliquanto</span> <span class='ocrx_word' id='word_1_201' title='bbox 1594 2058 1672 2135; x_wconf 93' lang='lat' dir='ltr'>post</span> <span class='ocrx_word' id='word_1_202' title='bbox 1707 2046 1824 2116; x_wconf 84' lang='lat' dir='ltr'>addit:</span> <span class='ocrx_word' id='word_1_203' title='bbox 1864 2044 1939 2115; x_wconf 87' lang='lat' dir='ltr'>Nos</span> <span class='ocrx_word' id='word_1_204' title='bbox 1970 2058 2089 2121; x_wconf 87' lang='lat' dir='ltr'>autern</span> 
     </span>
     <span class='ocr_line' id='line_1_20' title="bbox 1098 2144 2088 2238; baseline 0 -21"><span class='ocrx_word' id='word_1_205' title='bbox 1098 2173 1221 2218; x_wconf 87' lang='lat' dir='ltr'>omnes</span> <span class='ocrx_word' id='word_1_206' title='bbox 1252 2162 1378 2217; x_wconf 88' lang='lat' dir='ltr'>retecta</span> <span class='ocrx_word' id='word_1_207' title='bbox 1402 2147 1491 2216; x_wconf 83' lang='lat' dir='ltr'>facie</span> <span class='ocrx_word' id='word_1_208' title='bbox 1514 2146 1663 2235; x_wconf 88' lang='lat' dir='ltr'>gloriam</span> <span class='ocrx_word' id='word_1_209' title='bbox 1687 2144 1754 2216; x_wconf 89' lang='lat' dir='ltr'>Dei</span> <span class='ocrx_word' id='word_1_210' title='bbox 1777 2146 2015 2238; x_wconf 84' lang='lat' dir='ltr'>speculantes,</span> <span class='ocrx_word' id='word_1_211' title='bbox 2049 2147 2088 2217; x_wconf 90' lang='lat' dir='ltr'>in</span> 
     </span>
     <span class='ocr_line' id='line_1_21' title="bbox 1097 2248 2088 2337; baseline -0.006 -16"><span class='ocrx_word' id='word_1_212' title='bbox 1097 2254 1244 2321; x_wconf 91' lang='lat' dir='ltr'>candem</span> <span class='ocrx_word' id='word_1_213' title='bbox 1275 2251 1463 2337; x_wconf 81' lang='lat' dir='ltr'>imaginem</span> <span class='ocrx_word' id='word_1_214' title='bbox 1492 2249 1788 2319; x_wconf 82' lang='lat' dir='ltr'>transformamur</span> <span class='ocrx_word' id='word_1_215' title='bbox 1816 2272 1836 2317; x_wconf 92' lang='lat' dir='ltr'>a</span> <span class='ocrx_word' id='word_1_216' title='bbox 1866 2250 2022 2319; x_wconf 88' lang='lat' dir='ltr'>claritate</span> <span class='ocrx_word' id='word_1_217' title='bbox 2050 2248 2088 2331; x_wconf 79' lang='lat' dir='ltr'>in</span> 
     </span>
     <span class='ocr_line' id='line_1_22' title="bbox 1097 2350 1852 2445; baseline -0.001 -23"><span class='ocrx_word' id='word_1_218' title='bbox 1097 2355 1311 2438; x_wconf 87' lang='lat' dir='ltr'>claritatem,</span> <span class='ocrx_word' id='word_1_219' title='bbox 1336 2367 1505 2445; x_wconf 88' lang='lat' dir='ltr'>tanquam</span> <span class='ocrx_word' id='word_1_220' title='bbox 1523 2374 1544 2419; x_wconf 87' lang='lat' dir='ltr'>a</span> <span class='ocrx_word' id='word_1_221' title='bbox 1559 2350 1696 2419; x_wconf 89' lang='lat' dir='ltr'>domiui</span> <span class='ocrx_word' id='word_1_222' title='bbox 1713 2351 1852 2441; x_wconf 89' lang='lat' dir='ltr'>spiritu.</span> 
     </span>
    </p>
   </div>
   <div class='ocr_carea' id='block_1_8' title="bbox 356 642 764 749">
    <p class='ocr_par' dir='ltr' id='par_1_8' title="bbox 356 642 764 749">
     <span class='ocr_line' id='line_1_23' title="bbox 356 642 764 749; baseline 0.025 -33"><span class='ocrx_word' id='word_1_223' title='bbox 356 642 577 743; x_wconf 74' lang='lat' dir='ltr'>Quintilem</span> <span class='ocrx_word' id='word_1_224' title='bbox 601 648 764 749; x_wconf 79' lang='lat' dir='ltr'>accipiet.</span> 
     </span>
    </p>
   </div>
   <div class='ocr_carea' id='block_1_9' title="bbox 1205 1428 2211 1537">
    <p class='ocr_par' dir='ltr' id='par_1_9' title="bbox 1205 1428 2211 1537">
     <span class='ocr_line' id='line_1_24' title="bbox 1205 1428 2211 1537; baseline 0.001 -36"><span class='ocrx_word' id='word_1_225' title='bbox 1205 1431 1290 1502; x_wconf 92' lang='lat' dir='ltr'>ldeo</span> <span class='ocrx_word' id='word_1_226' title='bbox 1305 1433 1436 1503; x_wconf 91' lang='lat' dir='ltr'>dicitur</span> <span class='ocrx_word' id='word_1_227' title='bbox 1451 1433 1495 1501; x_wconf 90' lang='lat' dir='ltr'>ad</span> <span class='ocrx_word' id='word_1_228' title='bbox 1511 1428 1619 1502; x_wconf 84' lang='lat' dir='ltr'>Rom.</span> <span class='ocrx_word' id='word_1_229' title='bbox 1637 1432 1690 1503; x_wconf 86' lang='lat'>8.:</span> <span class='ocrx_word' id='word_1_230' title='bbox 1717 1430 1912 1523; x_wconf 73' lang='lat' dir='ltr'>‚decepistis</span> <span class='ocrx_word' id='word_1_231' title='bbox 1928 1433 2093 1524; x_wconf 89' lang='lat' dir='ltr'>spiritum</span> <span class='ocrx_word' id='word_1_232' title='bbox 2204 1526 2211 1537; x_wconf 72' lang='lat'>.</span> 
     </span>
    </p>
   </div>
   <div class='ocr_carea' id='block_1_10' title="bbox 47 1906 2107 4860">
    <p class='ocr_par' dir='ltr' id='par_1_10' title="bbox 47 1906 2107 4860">
     <span class='ocr_line' id='line_1_25' title="bbox 57 1906 1044 1999; baseline 0.003 -22"><span class='ocrx_word' id='word_1_233' title='bbox 57 1906 125 1978; x_wconf 85' lang='lat' dir='ltr'>Sed</span> <span class='ocrx_word' id='word_1_234' title='bbox 152 1919 315 1993; x_wconf 86' lang='lat' dir='ltr'>econtra,</span> <span class='ocrx_word' id='word_1_235' title='bbox 341 1912 523 1979; x_wconf 89' lang='lat' dir='ltr'>credentes</span> <span class='ocrx_word' id='word_1_236' title='bbox 547 1926 743 1999; x_wconf 88' lang='lat' dir='ltr'>agnoscunt</span> <span class='ocrx_word' id='word_1_237' title='bbox 763 1936 843 1981; x_wconf 90' lang='lat' dir='ltr'>vere</span> <span class='ocrx_word' id='word_1_238' title='bbox 859 1911 1044 1982; x_wconf 80' lang='lat' dir='ltr'>coelestem</span> 
     </span>
     <span class='ocr_line' id='line_1_26' title="bbox 57 2010 1045 2090; baseline 0.003 -13"><span class='ocrx_word' id='word_1_239' title='bbox 57 2010 259 2079; x_wconf 87' lang='lat' dir='ltr'>doctrinam</span> <span class='ocrx_word' id='word_1_240' title='bbox 280 2031 375 2090; x_wconf 85' lang='lat' dir='ltr'>esse,</span> <span class='ocrx_word' id='word_1_241' title='bbox 400 2012 445 2079; x_wconf 95' lang='lat' dir='ltr'>de</span> <span class='ocrx_word' id='word_1_242' title='bbox 469 2012 652 2083; x_wconf 85' lang='lat' dir='ltr'>voluntate</span> <span class='ocrx_word' id='word_1_243' title='bbox 673 2011 752 2082; x_wconf 91' lang='lat' dir='ltr'>Dei.</span> <span class='ocrx_word' id='word_1_244' title='bbox 805 2011 908 2084; x_wconf 85' lang='lat' dir='ltr'>Unde</span> <span class='ocrx_word' id='word_1_245' title='bbox 930 2028 1045 2083; x_wconf 86' lang='lat' dir='ltr'>autern</span> 
     </span>
     <span class='ocr_line' id='line_1_27' title="bbox 57 2105 1045 2211; baseline 0.003 -32"><span class='ocrx_word' id='word_1_246' title='bbox 57 2111 172 2181; x_wconf 90' lang='lat' dir='ltr'>oritur</span> <span class='ocrx_word' id='word_1_247' title='bbox 199 2105 286 2180; x_wconf 91' lang='lat' dir='ltr'>haec</span> <span class='ocrx_word' id='word_1_248' title='bbox 315 2113 508 2198; x_wconf 88' lang='lat' dir='ltr'>certitudo,</span> <span class='ocrx_word' id='word_1_249' title='bbox 542 2138 602 2184; x_wconf 90' lang='lat' dir='ltr'>seu</span> <span class='ocrx_word' id='word_1_250' title='bbox 633 2110 893 2211; x_wconf 66' lang='grc' dir='ltr'><em>πληροφορίαῖ</em></span> <span class='ocrx_word' id='word_1_251' title='bbox 944 2111 1045 2184; x_wconf 90' lang='lat' dir='ltr'>Olim</span> 
     </span>
     <span class='ocr_line' id='line_1_28' title="bbox 56 2209 1045 2306; baseline 0.004 -23"><span class='ocrx_word' id='word_1_252' title='bbox 56 2209 310 2285; x_wconf 89' lang='lat' dir='ltr'>Enthusiastae</span> <span class='ocrx_word' id='word_1_253' title='bbox 341 2217 504 2284; x_wconf 88' lang='lat' dir='ltr'>etmulti</span> <span class='ocrx_word' id='word_1_254' title='bbox 531 2233 649 2304; x_wconf 89' lang='lat' dir='ltr'>postea</span> <span class='ocrx_word' id='word_1_255' title='bbox 674 2219 852 2297; x_wconf 83' lang='lat' dir='ltr'>Fanatici,</span> <span class='ocrx_word' id='word_1_256' title='bbox 886 2219 1045 2306; x_wconf 89' lang='lat' dir='ltr'>neglecto</span> 
     </span>
     <span class='ocr_line' id='line_1_29' title="bbox 56 2314 1045 2409; baseline 0.004 -25"><span class='ocrx_word' id='word_1_257' title='bbox 56 2319 163 2385; x_wconf 83' lang='lat' dir='ltr'>serbo</span> <span class='ocrx_word' id='word_1_258' title='bbox 193 2314 280 2399; x_wconf 88' lang='lat' dir='ltr'>Dei,</span> <span class='ocrx_word' id='word_1_259' title='bbox 322 2318 426 2386; x_wconf 89' lang='lat' dir='ltr'>certis</span> <span class='ocrx_word' id='word_1_260' title='bbox 461 2321 791 2409; x_wconf 88' lang='lat' dir='ltr'>praeparationibus</span> <span class='ocrx_word' id='word_1_261' title='bbox 825 2335 859 2391; x_wconf 88' lang='lat' dir='ltr'>et</span> <span class='ocrx_word' id='word_1_262' title='bbox 891 2320 1045 2404; x_wconf 88' lang='lat' dir='ltr'>ieiuniis,</span> 
     </span>
     <span class='ocr_line' id='line_1_30' title="bbox 56 2417 1046 2512; baseline 0.008 -28"><span class='ocrx_word' id='word_1_263' title='bbox 56 2417 283 2509; x_wconf 85' lang='lat' dir='ltr'>quaesierunt</span> <span class='ocrx_word' id='word_1_264' title='bbox 311 2418 507 2508; x_wconf 79' lang='lat' dir='ltr'>singulares</span> <span class='ocrx_word' id='word_1_265' title='bbox 530 2435 647 2491; x_wconf 91' lang='lat' dir='ltr'>motus</span> <span class='ocrx_word' id='word_1_266' title='bbox 671 2421 827 2512; x_wconf 87' lang='lat' dir='ltr'>Spiritus</span> <span class='ocrx_word' id='word_1_267' title='bbox 849 2423 979 2504; x_wconf 90' lang='lat' dir='ltr'>sancti,</span> <span class='ocrx_word' id='word_1_268' title='bbox 1011 2437 1046 2492; x_wconf 90' lang='lat' dir='ltr'>et</span> 
     </span>
     <span class='ocr_line' id='line_1_31' title="bbox 56 2518 1044 2609; baseline 0.006 -23"><span class='ocrx_word' id='word_1_269' title='bbox 56 2518 232 2609; x_wconf 75' lang='lat' dir='ltr'>singulam</span> <span class='ocrx_word' id='word_1_270' title='bbox 246 2519 388 2599; x_wconf 91' lang='lat' dir='ltr'>lumen,</span> <span class='ocrx_word' id='word_1_271' title='bbox 412 2534 446 2591; x_wconf 93' lang='lat' dir='ltr'>et</span> <span class='ocrx_word' id='word_1_272' title='bbox 462 2523 711 2608; x_wconf 88' lang='lat' dir='ltr'>revelationes,</span> <span class='ocrx_word' id='word_1_273' title='bbox 740 2526 799 2599; x_wconf 86' lang='lat' dir='ltr'>scd</span> <span class='ocrx_word' id='word_1_274' title='bbox 816 2520 902 2593; x_wconf 90' lang='lat' dir='ltr'>haec</span> <span class='ocrx_word' id='word_1_275' title='bbox 919 2524 1044 2592; x_wconf 88' lang='lat' dir='ltr'>deliria</span> 
     </span>
     <span class='ocr_line' id='line_1_32' title="bbox 55 2621 1043 2713; baseline 0.007 -26"><span class='ocrx_word' id='word_1_276' title='bbox 55 2621 275 2711; x_wconf 85' lang='lat' dir='ltr'>repudianda</span> <span class='ocrx_word' id='word_1_277' title='bbox 305 2635 408 2707; x_wconf 88' lang='lat' dir='ltr'>sunt,</span> <span class='ocrx_word' id='word_1_278' title='bbox 439 2637 473 2693; x_wconf 89' lang='lat' dir='ltr'>et</span> <span class='ocrx_word' id='word_1_279' title='bbox 499 2628 651 2695; x_wconf 89' lang='lat' dir='ltr'>tenenda</span> <span class='ocrx_word' id='word_1_280' title='bbox 682 2627 801 2713; x_wconf 88' lang='lat' dir='ltr'>regula</span> <span class='ocrx_word' id='word_1_281' title='bbox 826 2626 1043 2696; x_wconf 87' lang='lat' dir='ltr'>infallibilis:</span> 
     </span>
     <span class='ocr_line' id='line_1_33' title="bbox 56 2719 1043 2817; baseline 0.006 -27"><span class='ocrx_word' id='word_1_282' title='bbox 56 2719 158 2792; x_wconf 83' lang='lat' dir='ltr'>Fides</span> <span class='ocrx_word' id='word_1_283' title='bbox 187 2746 231 2791; x_wconf 81' lang='lat' dir='ltr'>ex</span> <span class='ocrx_word' id='word_1_284' title='bbox 260 2723 385 2794; x_wconf 92' lang='lat' dir='ltr'>auditu</span> <span class='ocrx_word' id='word_1_285' title='bbox 415 2739 484 2808; x_wconf 89' lang='lat' dir='ltr'>est,</span> <span class='ocrx_word' id='word_1_286' title='bbox 522 2729 666 2797; x_wconf 90' lang='lat' dir='ltr'>auditus</span> <span class='ocrx_word' id='word_1_287' title='bbox 697 2752 760 2817; x_wconf 92' lang='lat' dir='ltr'>per</span> <span class='ocrx_word' id='word_1_288' title='bbox 788 2729 935 2796; x_wconf 90' lang='lat' dir='ltr'>verbum</span> <span class='ocrx_word' id='word_1_289' title='bbox 967 2728 1043 2797; x_wconf 91' lang='lat' dir='ltr'>Dei.</span> 
     </span>
     <span class='ocr_line' id='line_1_34' title="bbox 56 2820 1043 2914; baseline 0.008 -23"><span class='ocrx_word' id='word_1_290' title='bbox 56 2820 155 2893; x_wconf 88' lang='lat' dir='ltr'>ltem:</span> <span class='ocrx_word' id='word_1_291' title='bbox 180 2823 345 2893; x_wconf 86' lang='lat' dir='ltr'>Lucerna</span> <span class='ocrx_word' id='word_1_292' title='bbox 368 2828 516 2914; x_wconf 86' lang='lat' dir='ltr'>pedibus</span> <span class='ocrx_word' id='word_1_293' title='bbox 529 2831 618 2898; x_wconf 89' lang='lat' dir='ltr'>meis</span> <span class='ocrx_word' id='word_1_294' title='bbox 630 2832 776 2900; x_wconf 90' lang='lat' dir='ltr'>verbum</span> <span class='ocrx_word' id='word_1_295' title='bbox 792 2844 904 2902; x_wconf 89' lang='lat' dir='ltr'>tuum.</span> <span class='ocrx_word' id='word_1_296' title='bbox 955 2826 1043 2900; x_wconf 87' lang='lat' dir='ltr'>Item</span> 
     </span>
     <span class='ocr_line' id='line_1_35' title="bbox 55 2923 1042 3022; baseline 0.001 -23"><span class='ocrx_word' id='word_1_297' title='bbox 55 2923 197 2999; x_wconf 58' lang='lat' dir='ltr'>&amp;Petu</span> <span class='ocrx_word' id='word_1_298' title='bbox 216 2926 267 2995; x_wconf 85' lang='lat'>1.:</span> <span class='ocrx_word' id='word_1_299' title='bbox 293 2923 476 3000; x_wconf 87' lang='lat' dir='ltr'>Habemus</span> <span class='ocrx_word' id='word_1_300' title='bbox 492 2930 685 3001; x_wconf 89' lang='lat' dir='ltr'>firmiorem</span> <span class='ocrx_word' id='word_1_301' title='bbox 706 2927 951 3022; x_wconf 90' lang='lat' dir='ltr'>propheticum</span> <span class='ocrx_word' id='word_1_302' title='bbox 969 2956 1042 3000; x_wconf 87' lang='lat' dir='ltr'>ser-</span> 
     </span>
     <span class='ocr_line' id='line_1_36' title="bbox 55 3027 1040 3127; baseline 0.008 -32"><span class='ocrx_word' id='word_1_303' title='bbox 55 3051 215 3112; x_wconf 90' lang='lat' dir='ltr'>monem,</span> <span class='ocrx_word' id='word_1_304' title='bbox 241 3027 316 3113; x_wconf 88' lang='lat' dir='ltr'>eui,</span> <span class='ocrx_word' id='word_1_305' title='bbox 338 3044 433 3100; x_wconf 89' lang='lat' dir='ltr'>recte</span> <span class='ocrx_word' id='word_1_306' title='bbox 448 3032 583 3115; x_wconf 85' lang='lat' dir='ltr'>facitis,</span> <span class='ocrx_word' id='word_1_307' title='bbox 608 3038 846 3118; x_wconf 91' lang='lat' dir='ltr'>attendentes,</span> <span class='ocrx_word' id='word_1_308' title='bbox 873 3049 1040 3127; x_wconf 85' lang='lat' dir='ltr'>tanquam</span> 
     </span>
     <span class='ocr_line' id='line_1_37' title="bbox 54 3125 1041 3224; baseline 0.008 -27"><span class='ocrx_word' id='word_1_309' title='bbox 54 3125 182 3222; x_wconf 83' lang='lat' dir='ltr'>lychno</span> <span class='ocrx_word' id='word_1_310' title='bbox 199 3130 334 3200; x_wconf 91' lang='lat' dir='ltr'>lucenti</span> <span class='ocrx_word' id='word_1_311' title='bbox 350 3132 388 3200; x_wconf 92' lang='lat' dir='ltr'>in</span> <span class='ocrx_word' id='word_1_312' title='bbox 403 3131 481 3203; x_wconf 92' lang='lat' dir='ltr'>loco</span> <span class='ocrx_word' id='word_1_313' title='bbox 496 3135 707 3224; x_wconf 90' lang='lat' dir='ltr'>caliginoso,</span> <span class='ocrx_word' id='word_1_314' title='bbox 735 3139 848 3207; x_wconf 93' lang='lat' dir='ltr'>donec</span> <span class='ocrx_word' id='word_1_315' title='bbox 864 3138 940 3207; x_wconf 89' lang='lat' dir='ltr'>dies</span> <span class='ocrx_word' id='word_1_316' title='bbox 958 3137 1041 3205; x_wconf 91' lang='lat' dir='ltr'>illu-</span> 
     </span>
     <span class='ocr_line' id='line_1_38' title="bbox 53 3232 1042 3322; baseline 0.006 -20"><span class='ocrx_word' id='word_1_317' title='bbox 53 3247 176 3322; x_wconf 87' lang='lat' dir='ltr'>cescat,</span> <span class='ocrx_word' id='word_1_318' title='bbox 199 3246 235 3303; x_wconf 89' lang='lat' dir='ltr'>et</span> <span class='ocrx_word' id='word_1_319' title='bbox 249 3232 525 3305; x_wconf 86' lang='lat' dir='ltr'>oriaturluciler</span> <span class='ocrx_word' id='word_1_320' title='bbox 540 3239 577 3307; x_wconf 92' lang='lat' dir='ltr'>in</span> <span class='ocrx_word' id='word_1_321' title='bbox 593 3240 759 3309; x_wconf 90' lang='lat' dir='ltr'>cordibus</span> <span class='ocrx_word' id='word_1_322' title='bbox 776 3239 910 3308; x_wconf 88' lang='lat' dir='ltr'>vestris.</span> <span class='ocrx_word' id='word_1_323' title='bbox 963 3236 1042 3308; x_wconf 88' lang='lat' dir='ltr'>Hae</span> 
     </span>
     <span class='ocr_line' id='line_1_39' title="bbox 53 3335 1244 3425; baseline 0.006 -21"><span class='ocrx_word' id='word_1_324' title='bbox 53 3335 247 3404; x_wconf 88' lang='lat' dir='ltr'>sententiae</span> <span class='ocrx_word' id='word_1_325' title='bbox 270 3348 462 3423; x_wconf 89' lang='lat' dir='ltr'>testantur,</span> <span class='ocrx_word' id='word_1_326' title='bbox 495 3362 569 3409; x_wconf 91' lang='lat' dir='ltr'>non</span> <span class='ocrx_word' id='word_1_327' title='bbox 593 3364 665 3409; x_wconf 90' lang='lat' dir='ltr'>esse</span> <span class='ocrx_word' id='word_1_328' title='bbox 690 3342 921 3411; x_wconf 81' lang='lat' dir='ltr'>revelationes</span> <span class='ocrx_word' id='word_1_329' title='bbox 945 3356 1040 3410; x_wconf 80' lang='lat' dir='ltr'>extra</span> <span class='ocrx_word' id='word_1_330' title='bbox 1236 3410 1244 3425; x_wconf 80' lang='lat'>‚</span> 
     </span>
     <span class='ocr_line' id='line_1_40' title="bbox 52 3424 1303 3536; baseline 0.008 -34"><span class='ocrx_word' id='word_1_331' title='bbox 52 3438 200 3505; x_wconf 81' lang='lat' dir='ltr'>verbum</span> <span class='ocrx_word' id='word_1_332' title='bbox 233 3433 319 3520; x_wconf 88' lang='lat' dir='ltr'>Dei,</span> <span class='ocrx_word' id='word_1_333' title='bbox 367 3453 430 3508; x_wconf 91' lang='lat' dir='ltr'>aut</span> <span class='ocrx_word' id='word_1_334' title='bbox 462 3442 537 3511; x_wconf 91' lang='lat' dir='ltr'>sine</span> <span class='ocrx_word' id='word_1_335' title='bbox 571 3445 679 3512; x_wconf 90' lang='lat' dir='ltr'>verbo</span> <span class='ocrx_word' id='word_1_336' title='bbox 714 3442 780 3510; x_wconf 87' lang='lat' dir='ltr'>Dei</span> <span class='ocrx_word' id='word_1_337' title='bbox 812 3447 1040 3536; x_wconf 88' lang='lat' dir='ltr'>quaerendas.</span> <span class='ocrx_word' id='word_1_338' title='bbox 1094 3433 1182 3501; x_wconf 60' lang='lat' dir='ltr'>‘1¹¹¹&#39;oe</span> <span class='ocrx_word' id='word_1_339' title='bbox 1199 3424 1303 3478; x_wconf 61' lang='lat'>“¹¹³¹‘&#39;</span> 
     </span>
     <span class='ocr_line' id='line_1_41' title="bbox 50 3533 2082 3638; baseline 0 -31"><span class='ocrx_word' id='word_1_340' title='bbox 50 3533 144 3628; x_wconf 79' lang='lat' dir='ltr'>Ergo</span> <span class='ocrx_word' id='word_1_341' title='bbox 166 3540 212 3607; x_wconf 90' lang='lat' dir='ltr'>ad</span> <span class='ocrx_word' id='word_1_342' title='bbox 232 3540 480 3609; x_wconf 87' lang='lat' dir='ltr'>certitudinem</span> <span class='ocrx_word' id='word_1_343' title='bbox 497 3545 749 3627; x_wconf 87' lang='lat' dir='ltr'>conscientiae,</span> <span class='ocrx_word' id='word_1_344' title='bbox 775 3567 837 3614; x_wconf 90' lang='lat' dir='ltr'>seu</span> <span class='ocrx_word' id='word_1_345' title='bbox 852 3549 1037 3638; x_wconf 77' lang='grc' dir='ltr'><em>πληροφο·</em></span> <span class='ocrx_word' id='word_1_346' title='bbox 1194 3541 1290 3611; x_wconf 86' lang='lat' dir='ltr'>Hine</span> <span class='ocrx_word' id='word_1_347' title='bbox 1320 3541 1427 3631; x_wconf 91' lang='lat' dir='ltr'>igitur</span> <span class='ocrx_word' id='word_1_348' title='bbox 1447 3554 1497 3609; x_wconf 88' lang='lat' dir='ltr'>est</span> <span class='ocrx_word' id='word_1_349' title='bbox 1522 3539 1714 3620; x_wconf 87' lang='lat' dir='ltr'>certitudo,</span> <span class='ocrx_word' id='word_1_350' title='bbox 1749 3564 1828 3608; x_wconf 91' lang='lat' dir='ltr'>cum</span> <span class='ocrx_word' id='word_1_351' title='bbox 1853 3540 2082 3611; x_wconf 88' lang='lat' dir='ltr'>assentientes</span> 
     </span>
     <span class='ocr_line' id='line_1_42' title="bbox 51 3635 2082 3737; baseline 0 -27"><span class='ocrx_word' id='word_1_352' title='bbox 51 3635 136 3732; x_wconf 78' lang='grc' dir='ltr'><strong><em>ρίαν</em></strong></span> <span class='ocrx_word' id='word_1_353' title='bbox 165 3639 322 3732; x_wconf 89' lang='lat' dir='ltr'>primurn</span> <span class='ocrx_word' id='word_1_354' title='bbox 345 3665 436 3734; x_wconf 89' lang='lat' dir='ltr'>opus</span> <span class='ocrx_word' id='word_1_355' title='bbox 460 3656 514 3714; x_wconf 88' lang='lat' dir='ltr'>est</span> <span class='ocrx_word' id='word_1_356' title='bbox 535 3660 654 3717; x_wconf 89' lang='lat' dir='ltr'>tenere</span> <span class='ocrx_word' id='word_1_357' title='bbox 676 3662 810 3716; x_wconf 89' lang='lat' dir='ltr'>certum</span> <span class='ocrx_word' id='word_1_358' title='bbox 831 3660 865 3716; x_wconf 92' lang='lat' dir='ltr'>et</span> <span class='ocrx_word' id='word_1_359' title='bbox 892 3648 1038 3737; x_wconf 88' lang='lat' dir='ltr'>planum</span> <span class='ocrx_word' id='word_1_360' title='bbox 1091 3642 1309 3733; x_wconf 86' lang='lat' dir='ltr'>Evangelio,</span> <span class='ocrx_word' id='word_1_361' title='bbox 1343 3644 1595 3711; x_wconf 88' lang='lat' dir='ltr'>confirmamur</span> <span class='ocrx_word' id='word_1_362' title='bbox 1622 3664 1684 3729; x_wconf 90' lang='lat' dir='ltr'>per</span> <span class='ocrx_word' id='word_1_363' title='bbox 1707 3639 1880 3731; x_wconf 89' lang='lat' dir='ltr'>Spiritum</span> <span class='ocrx_word' id='word_1_364' title='bbox 1910 3656 2082 3726; x_wconf 91' lang='lat' dir='ltr'>sanctum,</span> 
     </span>
     <span class='ocr_line' id='line_1_43' title="bbox 49 3739 2081 3837; baseline 0.002 -30"><span class='ocrx_word' id='word_1_365' title='bbox 49 3744 197 3812; x_wconf 84' lang='lat' dir='ltr'>verbum</span> <span class='ocrx_word' id='word_1_366' title='bbox 215 3739 293 3812; x_wconf 89' lang='lat' dir='ltr'>Dei.</span> <span class='ocrx_word' id='word_1_367' title='bbox 1091 3773 1130 3817; x_wconf 92' lang='lat' dir='ltr'>ac</span> <span class='ocrx_word' id='word_1_368' title='bbox 1154 3748 1344 3837; x_wconf 80' lang='lat' dir='ltr'>firmiorem</span> <span class='ocrx_word' id='word_1_369' title='bbox 1368 3747 1534 3813; x_wconf 86' lang='lat' dir='ltr'>noticiam</span> <span class='ocrx_word' id='word_1_370' title='bbox 1559 3744 1821 3832; x_wconf 89' lang='lat' dir='ltr'>providentiae,</span> <span class='ocrx_word' id='word_1_371' title='bbox 1849 3742 2000 3814; x_wconf 90' lang='lat' dir='ltr'>iraeDei</span> <span class='ocrx_word' id='word_1_372' title='bbox 2017 3747 2081 3812; x_wconf 92' lang='lat' dir='ltr'>ad-</span> 
     </span>
     <span class='ocr_line' id='line_1_44' title="bbox 148 3843 2107 3939; baseline 0 -24"><span class='ocrx_word' id='word_1_373' title='bbox 148 3843 224 3915; x_wconf 93' lang='lat' dir='ltr'>Sed</span> <span class='ocrx_word' id='word_1_374' title='bbox 249 3867 312 3914; x_wconf 88' lang='lat' dir='ltr'>eur</span> <span class='ocrx_word' id='word_1_375' title='bbox 331 3848 522 3917; x_wconf 88' lang='lat' dir='ltr'>assentitur</span> <span class='ocrx_word' id='word_1_376' title='bbox 536 3847 672 3933; x_wconf 89' lang='lat' dir='ltr'>David,</span> <span class='ocrx_word' id='word_1_377' title='bbox 696 3851 782 3923; x_wconf 91' lang='lat' dir='ltr'>Saul</span> <span class='ocrx_word' id='word_1_378' title='bbox 802 3877 875 3922; x_wconf 92' lang='lat' dir='ltr'>non</span> <span class='ocrx_word' id='word_1_379' title='bbox 891 3852 1038 3922; x_wconf 81' lang='lat' dir='ltr'>essenti·</span> <span class='ocrx_word' id='word_1_380' title='bbox 1092 3872 1214 3918; x_wconf 87' lang='lat' dir='ltr'>vorsus</span> <span class='ocrx_word' id='word_1_381' title='bbox 1230 3862 1388 3939; x_wconf 88' lang='lat' dir='ltr'>peccata,</span> <span class='ocrx_word' id='word_1_382' title='bbox 1415 3860 1446 3915; x_wconf 92' lang='lat' dir='ltr'>et</span> <span class='ocrx_word' id='word_1_383' title='bbox 1464 3845 1805 3914; x_wconf 88' lang='lat' dir='ltr'>misericordiaeDei</span> <span class='ocrx_word' id='word_1_384' title='bbox 1820 3869 1898 3934; x_wconf 89' lang='lat' dir='ltr'>erga</span> <span class='ocrx_word' id='word_1_385' title='bbox 1913 3868 1978 3914; x_wconf 89' lang='lat' dir='ltr'>nos</span> <span class='ocrx_word' id='word_1_386' title='bbox 1994 3870 2081 3914; x_wconf 86' lang='lat' dir='ltr'>con·</span> <span class='ocrx_word' id='word_1_387' title='bbox 2104 3920 2107 3931; x_wconf 62' lang='grc'>,</span> 
     </span>
     <span class='ocr_line' id='line_1_45' title="bbox 50 3943 2080 4047; baseline -0.001 -30"><span class='ocrx_word' id='word_1_388' title='bbox 50 3948 127 4017; x_wconf 85' lang='lat' dir='ltr'>tur?</span> <span class='ocrx_word' id='word_1_389' title='bbox 178 3943 385 4017; x_wconf 87' lang='lat' dir='ltr'>CurDavid</span> <span class='ocrx_word' id='word_1_390' title='bbox 409 3951 541 4021; x_wconf 90' lang='lat' dir='ltr'>iudicat</span> <span class='ocrx_word' id='word_1_391' title='bbox 564 3953 761 4023; x_wconf 87' lang='lat' dir='ltr'>doctrinam</span> <span class='ocrx_word' id='word_1_392' title='bbox 787 3954 908 4045; x_wconf 90' lang='lat' dir='ltr'>populi</span> <span class='ocrx_word' id='word_1_393' title='bbox 930 3953 1036 4024; x_wconf 68' lang='lat' dir='ltr'>lsrael</span> <span class='ocrx_word' id='word_1_394' title='bbox 1091 3953 1253 4047; x_wconf 87' lang='lat' dir='ltr'>cipimus.</span> <span class='ocrx_word' id='word_1_395' title='bbox 1308 3948 1392 4018; x_wconf 90' lang='lat' dir='ltr'>ldco</span> <span class='ocrx_word' id='word_1_396' title='bbox 1407 3946 1604 4039; x_wconf 86' lang='lat' dir='ltr'>etBaptista</span> <span class='ocrx_word' id='word_1_397' title='bbox 1621 3947 1721 4015; x_wconf 90' lang='lat' dir='ltr'>dicit:</span> <span class='ocrx_word' id='word_1_398' title='bbox 1750 3945 1822 4034; x_wconf 85' lang='lat' dir='ltr'>Qui</span> <span class='ocrx_word' id='word_1_399' title='bbox 1839 3948 2080 4017; x_wconf 89' lang='lat' dir='ltr'>testimouium</span> 
     </span>
     <span class='ocr_line' id='line_1_46' title="bbox 50 4046 2099 4148; baseline -0.001 -30"><span class='ocrx_word' id='word_1_400' title='bbox 50 4050 164 4119; x_wconf 86' lang='lat' dir='ltr'>alleo</span> <span class='ocrx_word' id='word_1_401' title='bbox 197 4071 291 4128; x_wconf 87' lang='lat' dir='ltr'>esse,</span> <span class='ocrx_word' id='word_1_402' title='bbox 324 4063 358 4119; x_wconf 91' lang='lat' dir='ltr'>et</span> <span class='ocrx_word' id='word_1_403' title='bbox 389 4074 425 4119; x_wconf 88' lang='lat' dir='ltr'>se</span> <span class='ocrx_word' id='word_1_404' title='bbox 453 4058 620 4147; x_wconf 90' lang='lat' dir='ltr'>consequi</span> <span class='ocrx_word' id='word_1_405' title='bbox 648 4058 918 4147; x_wconf 88' lang='lat' dir='ltr'>promissiones,</span> <span class='ocrx_word' id='word_1_406' title='bbox 951 4080 1038 4148; x_wconf 89' lang='lat' dir='ltr'>quas</span> <span class='ocrx_word' id='word_1_407' title='bbox 1092 4056 1168 4123; x_wconf 90' lang='lat' dir='ltr'>cius</span> <span class='ocrx_word' id='word_1_408' title='bbox 1192 4052 1334 4143; x_wconf 89' lang='lat' dir='ltr'>accipit,</span> <span class='ocrx_word' id='word_1_409' title='bbox 1368 4052 1499 4131; x_wconf 88' lang='lat' dir='ltr'>idest,</span> <span class='ocrx_word' id='word_1_410' title='bbox 1533 4049 1594 4141; x_wconf 90' lang='lat' dir='ltr'>qui</span> <span class='ocrx_word' id='word_1_411' title='bbox 1619 4051 1809 4119; x_wconf 90' lang='lat' dir='ltr'>assentitur</span> <span class='ocrx_word' id='word_1_412' title='bbox 1831 4049 1908 4117; x_wconf 90' lang='lat' dir='ltr'>voci</span> <span class='ocrx_word' id='word_1_413' title='bbox 1932 4046 2099 4130; x_wconf 76' lang='lat' dir='ltr'>Christi„</span> 
     </span>
     <span class='ocr_line' id='line_1_47' title="bbox 50 4149 2078 4246; baseline -0.001 -26"><span class='ocrx_word' id='word_1_414' title='bbox 50 4152 148 4222; x_wconf 75' lang='lat' dir='ltr'>offert</span> <span class='ocrx_word' id='word_1_415' title='bbox 165 4151 357 4221; x_wconf 81' lang='lat' dir='ltr'>doctriua?</span> <span class='ocrx_word' id='word_1_416' title='bbox 406 4153 492 4224; x_wconf 88' lang='lat' dir='ltr'>Saul</span> <span class='ocrx_word' id='word_1_417' title='bbox 510 4156 637 4245; x_wconf 90' lang='lat' dir='ltr'>cogitat</span> <span class='ocrx_word' id='word_1_418' title='bbox 655 4180 691 4226; x_wconf 91' lang='lat' dir='ltr'>se</span> <span class='ocrx_word' id='word_1_419' title='bbox 706 4156 822 4228; x_wconf 89' lang='lat' dir='ltr'>nihilo</span> <span class='ocrx_word' id='word_1_420' title='bbox 840 4158 1037 4246; x_wconf 88' lang='lat' dir='ltr'>magisDeo</span> <span class='ocrx_word' id='word_1_421' title='bbox 1090 4157 1310 4237; x_wconf 84' lang='lat' dir='ltr'>testificatur,</span> <span class='ocrx_word' id='word_1_422' title='bbox 1337 4154 1564 4222; x_wconf 89' lang='lat' dir='ltr'>confirmatur</span> <span class='ocrx_word' id='word_1_423' title='bbox 1584 4177 1602 4219; x_wconf 90' lang='lat' dir='ltr'>a</span> <span class='ocrx_word' id='word_1_424' title='bbox 1620 4149 1756 4240; x_wconf 85' lang='lat' dir='ltr'>Spiritu</span> <span class='ocrx_word' id='word_1_425' title='bbox 1774 4164 1916 4230; x_wconf 90' lang='lat' dir='ltr'>sancto,</span> <span class='ocrx_word' id='word_1_426' title='bbox 1943 4165 2078 4220; x_wconf 79' lang='lat' dir='ltr'>etron-</span> 
     </span>
     <span class='ocr_line' id='line_1_48' title="bbox 51 4252 2078 4350; baseline -0 -28"><span class='ocrx_word' id='word_1_427' title='bbox 51 4277 150 4323; x_wconf 88' lang='lat' dir='ltr'>cnrae</span> <span class='ocrx_word' id='word_1_428' title='bbox 172 4275 267 4336; x_wconf 88' lang='lat' dir='ltr'>esse,</span> <span class='ocrx_word' id='word_1_429' title='bbox 296 4279 402 4348; x_wconf 90' lang='lat' dir='ltr'>quam</span> <span class='ocrx_word' id='word_1_430' title='bbox 426 4256 562 4326; x_wconf 89' lang='lat' dir='ltr'>vicinos</span> <span class='ocrx_word' id='word_1_431' title='bbox 579 4283 693 4348; x_wconf 90' lang='lat' dir='ltr'>reges,</span> <span class='ocrx_word' id='word_1_432' title='bbox 716 4285 780 4329; x_wconf 87' lang='lat' dir='ltr'>nec</span> <span class='ocrx_word' id='word_1_433' title='bbox 798 4263 908 4350; x_wconf 89' lang='lat' dir='ltr'>magis</span> <span class='ocrx_word' id='word_1_434' title='bbox 924 4285 942 4328; x_wconf 95' lang='lat' dir='ltr'>a</span> <span class='ocrx_word' id='word_1_435' title='bbox 959 4258 1036 4330; x_wconf 90' lang='lat' dir='ltr'>Deo</span> <span class='ocrx_word' id='word_1_436' title='bbox 1090 4261 1174 4348; x_wconf 88' lang='lat' dir='ltr'>cipit</span> <span class='ocrx_word' id='word_1_437' title='bbox 1194 4258 1331 4324; x_wconf 90' lang='lat' dir='ltr'>firmam</span> <span class='ocrx_word' id='word_1_438' title='bbox 1354 4255 1540 4336; x_wconf 86' lang='lat' dir='ltr'>noticiam,</span> <span class='ocrx_word' id='word_1_439' title='bbox 1567 4279 1635 4344; x_wconf 88' lang='lat' dir='ltr'>qua</span> <span class='ocrx_word' id='word_1_440' title='bbox 1653 4253 1773 4322; x_wconf 87' lang='lat' dir='ltr'>statuit</span> <span class='ocrx_word' id='word_1_441' title='bbox 1788 4252 1903 4322; x_wconf 90' lang='lat' dir='ltr'>Deum</span> <span class='ocrx_word' id='word_1_442' title='bbox 1919 4276 2078 4321; x_wconf 88' lang='lat' dir='ltr'>veracem</span> 
     </span>
     <span class='ocr_line' id='line_1_49' title="bbox 49 4350 2077 4454; baseline -0.001 -30"><span class='ocrx_word' id='word_1_443' title='bbox 49 4379 120 4424; x_wconf 85' lang='lat' dir='ltr'>esse</span> <span class='ocrx_word' id='word_1_444' title='bbox 140 4350 252 4425; x_wconf 88' lang='lat' dir='ltr'>huius</span> <span class='ocrx_word' id='word_1_445' title='bbox 272 4358 386 4443; x_wconf 87' lang='lat' dir='ltr'>gentis</span> <span class='ocrx_word' id='word_1_446' title='bbox 402 4359 604 4450; x_wconf 90' lang='lat' dir='ltr'>opiniones,</span> <span class='ocrx_word' id='word_1_447' title='bbox 630 4386 736 4454; x_wconf 91' lang='lat' dir='ltr'>quam</span> <span class='ocrx_word' id='word_1_448' title='bbox 753 4364 916 4435; x_wconf 84' lang='lat' dir='ltr'>aliarum.</span> <span class='ocrx_word' id='word_1_449' title='bbox 968 4359 1038 4431; x_wconf 89' lang='lat' dir='ltr'>llic</span> <span class='ocrx_word' id='word_1_450' title='bbox 1089 4385 1180 4445; x_wconf 88' lang='lat' dir='ltr'>esse,</span> <span class='ocrx_word' id='word_1_451' title='bbox 1213 4356 1448 4446; x_wconf 81' lang='lat' dir='ltr'>Evangeliurn</span> <span class='ocrx_word' id='word_1_452' title='bbox 1476 4380 1548 4422; x_wconf 86' lang='lat' dir='ltr'>rmn</span> <span class='ocrx_word' id='word_1_453' title='bbox 1574 4379 1647 4423; x_wconf 82' lang='lat' dir='ltr'>esse</span> <span class='ocrx_word' id='word_1_454' title='bbox 1671 4355 1949 4425; x_wconf 85' lang='lat' dir='ltr'>commentitiam</span> <span class='ocrx_word' id='word_1_455' title='bbox 1974 4357 2077 4423; x_wconf 87' lang='lat' dir='ltr'>fabu-</span> 
     </span>
     <span class='ocr_line' id='line_1_50' title="bbox 49 4453 2078 4556; baseline 0 -30"><span class='ocrx_word' id='word_1_456' title='bbox 49 4458 238 4529; x_wconf 88' lang='lat' dir='ltr'>discrimen</span> <span class='ocrx_word' id='word_1_457' title='bbox 270 4458 309 4528; x_wconf 88' lang='lat' dir='ltr'>fit</span> <span class='ocrx_word' id='word_1_458' title='bbox 335 4455 404 4528; x_wconf 85' lang='lat' dir='ltr'>hoc</span> <span class='ocrx_word' id='word_1_459' title='bbox 433 4465 560 4553; x_wconf 89' lang='lat' dir='ltr'>modo,</span> <span class='ocrx_word' id='word_1_460' title='bbox 594 4465 675 4556; x_wconf 86' lang='lat' dir='ltr'>quia</span> <span class='ocrx_word' id='word_1_461' title='bbox 701 4462 818 4533; x_wconf 84' lang='lat' dir='ltr'>David</span> <span class='ocrx_word' id='word_1_462' title='bbox 849 4465 1037 4534; x_wconf 89' lang='lat' dir='ltr'>assentitur</span> <span class='ocrx_word' id='word_1_463' title='bbox 1088 4464 1179 4546; x_wconf 90' lang='lat' dir='ltr'>lam,</span> <span class='ocrx_word' id='word_1_464' title='bbox 1210 4474 1249 4529; x_wconf 91' lang='lat' dir='ltr'>ut</span> <span class='ocrx_word' id='word_1_465' title='bbox 1271 4457 1437 4551; x_wconf 81' lang='lat' dir='ltr'>Epicurei</span> <span class='ocrx_word' id='word_1_466' title='bbox 1462 4472 1495 4528; x_wconf 89' lang='lat' dir='ltr'>ct</span> <span class='ocrx_word' id='word_1_467' title='bbox 1519 4457 1649 4525; x_wconf 81' lang='lat' dir='ltr'>similes</span> <span class='ocrx_word' id='word_1_468' title='bbox 1672 4458 1924 4547; x_wconf 85' lang='lat' dir='ltr'>imaginantur.</span> <span class='ocrx_word' id='word_1_469' title='bbox 1979 4453 2078 4544; x_wconf 87' lang='lat' dir='ltr'>Quid</span> 
     </span>
     <span class='ocr_line' id='line_1_51' title="bbox 47 4557 2076 4656; baseline 0 -29"><span class='ocrx_word' id='word_1_470' title='bbox 47 4562 151 4631; x_wconf 81' lang='lat' dir='ltr'>verbo</span> <span class='ocrx_word' id='word_1_471' title='bbox 176 4559 268 4642; x_wconf 87' lang='lat' dir='ltr'>Dei,</span> <span class='ocrx_word' id='word_1_472' title='bbox 294 4558 448 4652; x_wconf 87' lang='lat' dir='ltr'>Spiritus</span> <span class='ocrx_word' id='word_1_473' title='bbox 470 4578 610 4634; x_wconf 89' lang='lat' dir='ltr'>sanctus</span> <span class='ocrx_word' id='word_1_474' title='bbox 635 4567 740 4635; x_wconf 89' lang='lat' dir='ltr'>simul</span> <span class='ocrx_word' id='word_1_475' title='bbox 767 4569 885 4636; x_wconf 81' lang='lat' dir='ltr'>efficax</span> <span class='ocrx_word' id='word_1_476' title='bbox 908 4580 975 4645; x_wconf 88' lang='lat' dir='ltr'>est,</span> <span class='ocrx_word' id='word_1_477' title='bbox 1003 4579 1035 4634; x_wconf 93' lang='lat' dir='ltr'>et</span> <span class='ocrx_word' id='word_1_478' title='bbox 1065 4566 1197 4654; x_wconf 77' lang='lat' dir='ltr'>&#39;magis</span> <span class='ocrx_word' id='word_1_479' title='bbox 1227 4564 1417 4631; x_wconf 89' lang='lat' dir='ltr'>ridiculum</span> <span class='ocrx_word' id='word_1_480' title='bbox 1448 4559 1584 4626; x_wconf 81' lang='lat' dir='ltr'>senatui</span> <span class='ocrx_word' id='word_1_481' title='bbox 1610 4557 1775 4629; x_wconf 85' lang='lat' dir='ltr'>Romano</span> <span class='ocrx_word' id='word_1_482' title='bbox 1806 4559 1919 4628; x_wconf 89' lang='lat' dir='ltr'>videri</span> <span class='ocrx_word' id='word_1_483' title='bbox 1947 4559 2076 4656; x_wconf 86' lang='lat' dir='ltr'>potuit,</span> 
     </span>
     <span class='ocr_line' id='line_1_52' title="bbox 48 4659 2075 4759; baseline -0.002 -27"><span class='ocrx_word' id='word_1_484' title='bbox 48 4662 298 4733; x_wconf 86' lang='lat' dir='ltr'>convenientes</span> <span class='ocrx_word' id='word_1_485' title='bbox 321 4667 810 4740; x_wconf 85' lang='lat' dir='ltr'>motusincordecxuscitat.</span> <span class='ocrx_word' id='word_1_486' title='bbox 864 4667 1034 4738; x_wconf 88' lang='lat' dir='ltr'>Doctrina</span> <span class='ocrx_word' id='word_1_487' title='bbox 1088 4692 1191 4759; x_wconf 92' lang='lat' dir='ltr'>quam</span> <span class='ocrx_word' id='word_1_488' title='bbox 1212 4668 1305 4757; x_wconf 86' lang='lat' dir='ltr'>quod</span> <span class='ocrx_word' id='word_1_489' title='bbox 1324 4663 1455 4732; x_wconf 89' lang='lat' dir='ltr'>Paulus</span> <span class='ocrx_word' id='word_1_490' title='bbox 1474 4664 1655 4730; x_wconf 89' lang='lat' dir='ltr'>narrabat:</span> <span class='ocrx_word' id='word_1_491' title='bbox 1683 4662 1853 4734; x_wconf 85' lang='lat' dir='ltr'>Senatum</span> <span class='ocrx_word' id='word_1_492' title='bbox 1868 4659 2075 4733; x_wconf 89' lang='lat' dir='ltr'>Romanum</span> 
     </span>
     <span class='ocr_line' id='line_1_53' title="bbox 47 4764 2075 4860; baseline -0 -27"><span class='ocrx_word' id='word_1_493' title='bbox 47 4764 286 4857; x_wconf 90' lang='lat' dir='ltr'>poenitentiae</span> <span class='ocrx_word' id='word_1_494' title='bbox 309 4768 422 4835; x_wconf 92' lang='lat' dir='ltr'>deira</span> <span class='ocrx_word' id='word_1_495' title='bbox 442 4766 509 4837; x_wconf 83' lang='lat' dir='ltr'>Dei</span> <span class='ocrx_word' id='word_1_496' title='bbox 528 4771 890 4860; x_wconf 81' lang='lat' dir='ltr'>adsersuspeccatum</span> <span class='ocrx_word' id='word_1_497' title='bbox 909 4771 1035 4839; x_wconf 90' lang='lat' dir='ltr'>incutit</span> <span class='ocrx_word' id='word_1_498' title='bbox 1089 4792 1161 4836; x_wconf 92' lang='lat' dir='ltr'>non</span> <span class='ocrx_word' id='word_1_499' title='bbox 1185 4791 1257 4835; x_wconf 91' lang='lat' dir='ltr'>esse</span> <span class='ocrx_word' id='word_1_500' title='bbox 1278 4780 1414 4834; x_wconf 88' lang='lat' dir='ltr'>coetum</span> <span class='ocrx_word' id='word_1_501' title='bbox 1442 4764 1521 4831; x_wconf 84' lang='lat' dir='ltr'>Deo</span> <span class='ocrx_word' id='word_1_502' title='bbox 1548 4765 1761 4851; x_wconf 85' lang='lat' dir='ltr'>placentem,</span> <span class='ocrx_word' id='word_1_503' title='bbox 1796 4768 1854 4835; x_wconf 90' lang='lat' dir='ltr'>sed</span> <span class='ocrx_word' id='word_1_504' title='bbox 1879 4789 1914 4833; x_wconf 92' lang='lat' dir='ltr'>se</span> <span class='ocrx_word' id='word_1_505' title='bbox 1939 4777 1970 4833; x_wconf 91' lang='lat' dir='ltr'>et</span> <span class='ocrx_word' id='word_1_506' title='bbox 1992 4787 2075 4833; x_wconf 92' lang='lat' dir='ltr'>suos</span> 
     </span>
    </p>
   </div>
   <div class='ocr_carea' id='block_1_11' title="bbox 1093 2486 2087 3496">
    <p class='ocr_par' dir='ltr' id='par_1_11' title="bbox 1093 2486 2087 3496">
     <span class='ocr_line' id='line_1_54' title="bbox 1198 2486 2086 2577; baseline -0.002 -20"><span class='ocrx_word' id='word_1_507' title='bbox 1198 2488 1294 2558; x_wconf 89' lang='lat' dir='ltr'>llaec</span> <span class='ocrx_word' id='word_1_508' title='bbox 1311 2502 1361 2558; x_wconf 90' lang='lat' dir='ltr'>est</span> <span class='ocrx_word' id='word_1_509' title='bbox 1378 2487 1526 2577; x_wconf 89' lang='lat' dir='ltr'>insignis</span> <span class='ocrx_word' id='word_1_510' title='bbox 1542 2486 1732 2570; x_wconf 88' lang='lat' dir='ltr'>sententia,</span> <span class='ocrx_word' id='word_1_511' title='bbox 1760 2498 1794 2556; x_wconf 91' lang='lat' dir='ltr'>et</span> <span class='ocrx_word' id='word_1_512' title='bbox 1808 2509 1889 2555; x_wconf 89' lang='lat' dir='ltr'>vere</span> <span class='ocrx_word' id='word_1_513' title='bbox 1904 2486 2086 2576; x_wconf 88' lang='lat' dir='ltr'>pertinens</span> 
     </span>
     <span class='ocr_line' id='line_1_55' title="bbox 1096 2585 2087 2680; baseline -0.003 -22"><span class='ocrx_word' id='word_1_514' title='bbox 1096 2592 1139 2659; x_wconf 92' lang='lat' dir='ltr'>ad</span> <span class='ocrx_word' id='word_1_515' title='bbox 1165 2585 1260 2660; x_wconf 81' lang='lat' dir='ltr'>herne</span> <span class='ocrx_word' id='word_1_516' title='bbox 1276 2591 1392 2659; x_wconf 91' lang='lat' dir='ltr'>locum</span> <span class='ocrx_word' id='word_1_517' title='bbox 1410 2587 1609 2678; x_wconf 87' lang='lat' dir='ltr'>Baptistae,</span> <span class='ocrx_word' id='word_1_518' title='bbox 1637 2613 1708 2680; x_wconf 91' lang='lat' dir='ltr'>quo</span> <span class='ocrx_word' id='word_1_519' title='bbox 1723 2589 1872 2657; x_wconf 90' lang='lat' dir='ltr'>dicitur:</span> <span class='ocrx_word' id='word_1_520' title='bbox 1901 2587 1973 2677; x_wconf 89' lang='lat' dir='ltr'>Qui</span> <span class='ocrx_word' id='word_1_521' title='bbox 1989 2589 2087 2657; x_wconf 63' lang='lat' dir='ltr'>restis</span> 
     </span>
     <span class='ocr_line' id='line_1_56' title="bbox 1097 2690 2086 2782; baseline -0.002 -23"><span class='ocrx_word' id='word_1_522' title='bbox 1097 2694 1256 2763; x_wconf 90' lang='lat' dir='ltr'>monium</span> <span class='ocrx_word' id='word_1_523' title='bbox 1272 2694 1348 2762; x_wconf 90' lang='lat' dir='ltr'>eius</span> <span class='ocrx_word' id='word_1_524' title='bbox 1365 2691 1508 2782; x_wconf 88' lang='lat' dir='ltr'>accipit,</span> <span class='ocrx_word' id='word_1_525' title='bbox 1535 2691 1648 2779; x_wconf 89' lang='lat' dir='ltr'>signat</span> <span class='ocrx_word' id='word_1_526' title='bbox 1663 2715 1722 2761; x_wconf 87' lang='lat' dir='ltr'>seu</span> <span class='ocrx_word' id='word_1_527' title='bbox 1743 2691 1962 2774; x_wconf 88' lang='lat' dir='ltr'>testificatur,</span> <span class='ocrx_word' id='word_1_528' title='bbox 1989 2690 2086 2781; x_wconf 92' lang='lat' dir='ltr'>quod</span> 
     </span>
     <span class='ocr_line' id='line_1_57' title="bbox 1096 2791 2084 2881; baseline -0.005 -17"><span class='ocrx_word' id='word_1_529' title='bbox 1096 2793 1191 2864; x_wconf 90' lang='lat' dir='ltr'>Deus</span> <span class='ocrx_word' id='word_1_530' title='bbox 1207 2797 1249 2866; x_wconf 90' lang='lat' dir='ltr'>sit</span> <span class='ocrx_word' id='word_1_531' title='bbox 1270 2819 1386 2868; x_wconf 87' lang='lat' dir='ltr'>verax.</span> <span class='ocrx_word' id='word_1_532' title='bbox 1439 2792 1621 2881; x_wconf 86' lang='lat' dir='ltr'>Significat</span> <span class='ocrx_word' id='word_1_533' title='bbox 1639 2806 1755 2861; x_wconf 90' lang='lat' dir='ltr'>autem</span> <span class='ocrx_word' id='word_1_534' title='bbox 1771 2791 1921 2876; x_wconf 88' lang='lat' dir='ltr'>Paulus,</span> <span class='ocrx_word' id='word_1_535' title='bbox 1948 2816 2028 2860; x_wconf 88' lang='lat' dir='ltr'>cum</span> <span class='ocrx_word' id='word_1_536' title='bbox 2048 2791 2084 2859; x_wconf 90' lang='lat' dir='ltr'>in</span> 
     </span>
     <span class='ocr_line' id='line_1_58' title="bbox 1097 2892 2085 2986; baseline -0.004 -22"><span class='ocrx_word' id='word_1_537' title='bbox 1097 2898 1187 2966; x_wconf 86' lang='lat' dir='ltr'>veris</span> <span class='ocrx_word' id='word_1_538' title='bbox 1217 2895 1412 2968; x_wconf 86' lang='lat' dir='ltr'>terroribus</span> <span class='ocrx_word' id='word_1_539' title='bbox 1443 2911 1475 2965; x_wconf 91' lang='lat' dir='ltr'>et</span> <span class='ocrx_word' id='word_1_540' title='bbox 1506 2894 1687 2986; x_wconf 90' lang='lat' dir='ltr'>agnitione</span> <span class='ocrx_word' id='word_1_541' title='bbox 1718 2898 1790 2966; x_wconf 90' lang='lat' dir='ltr'>irae</span> <span class='ocrx_word' id='word_1_542' title='bbox 1819 2892 1888 2964; x_wconf 88' lang='lat' dir='ltr'>Dei</span> <span class='ocrx_word' id='word_1_543' title='bbox 1918 2897 2085 2963; x_wconf 88' lang='lat' dir='ltr'>adversus</span> 
     </span>
     <span class='ocr_line' id='line_1_59' title="bbox 1095 2993 2084 3091; baseline -0.002 -25"><span class='ocrx_word' id='word_1_544' title='bbox 1095 3013 1275 3091; x_wconf 88' lang='lat' dir='ltr'>peccatum</span> <span class='ocrx_word' id='word_1_545' title='bbox 1299 2998 1521 3087; x_wconf 90' lang='lat' dir='ltr'>confugimus</span> <span class='ocrx_word' id='word_1_546' title='bbox 1545 2999 1589 3064; x_wconf 89' lang='lat' dir='ltr'>ad</span> <span class='ocrx_word' id='word_1_547' title='bbox 1611 2993 1811 3083; x_wconf 86' lang='lat' dir='ltr'>Christum,</span> <span class='ocrx_word' id='word_1_548' title='bbox 1839 3011 1871 3066; x_wconf 90' lang='lat' dir='ltr'>et</span> <span class='ocrx_word' id='word_1_549' title='bbox 1897 2997 2084 3065; x_wconf 87' lang='lat' dir='ltr'>statuimus</span> 
     </span>
     <span class='ocr_line' id='line_1_60' title="bbox 1095 3088 2084 3191; baseline -0.004 -24"><span class='ocrx_word' id='word_1_550' title='bbox 1095 3125 1177 3170; x_wconf 89' lang='lat' dir='ltr'>vere</span> <span class='ocrx_word' id='word_1_551' title='bbox 1199 3088 1265 3168; x_wconf 82' lang='lat' dir='ltr'>nos</span> <span class='ocrx_word' id='word_1_552' title='bbox 1286 3101 1395 3191; x_wconf 86' lang='lat' dir='ltr'>recipi</span> <span class='ocrx_word' id='word_1_553' title='bbox 1419 3125 1437 3168; x_wconf 92' lang='lat' dir='ltr'>a</span> <span class='ocrx_word' id='word_1_554' title='bbox 1458 3096 1534 3168; x_wconf 88' lang='lat' dir='ltr'>Deo</span> <span class='ocrx_word' id='word_1_555' title='bbox 1552 3115 1697 3191; x_wconf 87' lang='lat' dir='ltr'>propter</span> <span class='ocrx_word' id='word_1_556' title='bbox 1712 3099 1824 3168; x_wconf 89' lang='lat' dir='ltr'>filium</span> <span class='ocrx_word' id='word_1_557' title='bbox 1841 3100 2084 3183; x_wconf 88' lang='lat' dir='ltr'>mediatorem,</span> 
     </span>
     <span class='ocr_line' id='line_1_61' title="bbox 1094 3199 2083 3283; baseline -0.006 -12"><span class='ocrx_word' id='word_1_558' title='bbox 1094 3221 1128 3275; x_wconf 89' lang='lat' dir='ltr'>et</span> <span class='ocrx_word' id='word_1_559' title='bbox 1151 3200 1217 3273; x_wconf 91' lang='lat' dir='ltr'>hac</span> <span class='ocrx_word' id='word_1_560' title='bbox 1241 3204 1368 3271; x_wconf 90' lang='lat' dir='ltr'>fiducia</span> <span class='ocrx_word' id='word_1_561' title='bbox 1392 3224 1456 3270; x_wconf 91' lang='lat' dir='ltr'>nos</span> <span class='ocrx_word' id='word_1_562' title='bbox 1483 3215 1736 3283; x_wconf 89' lang='lat' dir='ltr'>sustentamus,</span> <span class='ocrx_word' id='word_1_563' title='bbox 1764 3200 1894 3279; x_wconf 87' lang='lat' dir='ltr'>exoriri</span> <span class='ocrx_word' id='word_1_564' title='bbox 1918 3200 1954 3267; x_wconf 90' lang='lat' dir='ltr'>in</span> <span class='ocrx_word' id='word_1_565' title='bbox 1978 3199 2083 3268; x_wconf 90' lang='lat' dir='ltr'>nubis</span> 
     </span>
     <span class='ocr_line' id='line_1_62' title="bbox 1093 3300 2083 3392; baseline -0.008 -17"><span class='ocrx_word' id='word_1_566' title='bbox 1093 3306 1285 3375; x_wconf 86' lang='lat' dir='ltr'>firmiorem</span> <span class='ocrx_word' id='word_1_567' title='bbox 1318 3305 1485 3372; x_wconf 88' lang='lat' dir='ltr'>noticiam</span> <span class='ocrx_word' id='word_1_568' title='bbox 1516 3303 1778 3373; x_wconf 86' lang='lat' dir='ltr'>misericordiae</span> <span class='ocrx_word' id='word_1_569' title='bbox 1799 3300 1867 3372; x_wconf 81' lang='lat' dir='ltr'>Dei</span> <span class='ocrx_word' id='word_1_570' title='bbox 1899 3325 1979 3392; x_wconf 91' lang='lat' dir='ltr'>erga</span> <span class='ocrx_word' id='word_1_571' title='bbox 2007 3323 2083 3385; x_wconf 93' lang='lat' dir='ltr'>nos,</span> 
     </span>
     <span class='ocr_line' id='line_1_63' title="bbox 1324 3405 1695 3496; baseline 0.005 -22"><span class='ocrx_word' id='word_1_572' title='bbox 1324 3407 1410 3474; x_wconf 87' lang='lat' dir='ltr'>alias</span> <span class='ocrx_word' id='word_1_573' title='bbox 1429 3405 1575 3473; x_wconf 86' lang='lat' dir='ltr'>virtutes</span> <span class='ocrx_word' id='word_1_574' title='bbox 1593 3406 1695 3496; x_wconf 90' lang='lat' dir='ltr'>parit.</span> 
     </span>
    </p>
   </div>
   <div class='ocr_carea' id='block_1_12' title="bbox 47 4862 2238 4959">
    <p class='ocr_par' dir='ltr' id='par_1_12' title="bbox 47 4862 2238 4959">
     <span class='ocr_line' id='line_1_64' title="bbox 47 4862 2238 4959; baseline -0 -24"><span class='ocrx_word' id='word_1_575' title='bbox 47 4869 94 4936; x_wconf 92' lang='lat' dir='ltr'>eis</span> <span class='ocrx_word' id='word_1_576' title='bbox 114 4888 221 4936; x_wconf 85' lang='lat' dir='ltr'>veros</span> <span class='ocrx_word' id='word_1_577' title='bbox 242 4879 411 4953; x_wconf 87' lang='lat' dir='ltr'>terrores,</span> <span class='ocrx_word' id='word_1_578' title='bbox 434 4870 471 4938; x_wconf 94' lang='lat' dir='ltr'>in</span> <span class='ocrx_word' id='word_1_579' title='bbox 489 4866 545 4939; x_wconf 92' lang='lat' dir='ltr'>his</span> <span class='ocrx_word' id='word_1_580' title='bbox 560 4874 717 4959; x_wconf 90' lang='lat' dir='ltr'>agnoscit</span> <span class='ocrx_word' id='word_1_581' title='bbox 733 4898 813 4942; x_wconf 83' lang='lat' dir='ltr'>vere</span> <span class='ocrx_word' id='word_1_582' title='bbox 831 4871 946 4941; x_wconf 86' lang='lat' dir='ltr'>Deum</span> <span class='ocrx_word' id='word_1_583' title='bbox 964 4874 1035 4940; x_wconf 90' lang='lat' dir='ltr'>ira·</span> <span class='ocrx_word' id='word_1_584' title='bbox 1087 4871 1283 4957; x_wconf 89' lang='lat' dir='ltr'>auditores,</span> <span class='ocrx_word' id='word_1_585' title='bbox 1312 4868 1458 4935; x_wconf 89' lang='lat' dir='ltr'>miseros</span> <span class='ocrx_word' id='word_1_586' title='bbox 1483 4889 1644 4948; x_wconf 90' lang='lat' dir='ltr'>errones,</span> <span class='ocrx_word' id='word_1_587' title='bbox 1670 4864 1745 4935; x_wconf 92' lang='lat' dir='ltr'>Deo</span> <span class='ocrx_word' id='word_1_588' title='bbox 1772 4870 1926 4957; x_wconf 89' lang='lat' dir='ltr'>placere,</span> <span class='ocrx_word' id='word_1_589' title='bbox 1952 4882 1984 4937; x_wconf 93' lang='lat' dir='ltr'>et</span> <span class='ocrx_word' id='word_1_590' title='bbox 2008 4862 2073 4936; x_wconf 87' lang='lat' dir='ltr'>ha·</span> <span class='ocrx_word' id='word_1_591' title='bbox 2142 4948 2145 4953; x_wconf 32' lang='grc'><strong><em>,</em></strong></span> <span class='ocrx_word' id='word_1_592' title='bbox 2233 4908 2238 4917; x_wconf 90' lang='lat'><strong>·</strong></span> 
     </span>
    </p>
   </div>
   <div class='ocr_carea' id='block_1_13' title="bbox 47 4966 2074 5471">
    <p class='ocr_par' dir='ltr' id='par_1_13' title="bbox 47 4966 2074 5471">
     <span class='ocr_line' id='line_1_65' title="bbox 47 4966 2072 5062; baseline -0 -25"><span class='ocrx_word' id='word_1_593' title='bbox 47 4972 92 5039; x_wconf 87' lang='lat' dir='ltr'>sci</span> <span class='ocrx_word' id='word_1_594' title='bbox 108 4982 266 5061; x_wconf 88' lang='lat' dir='ltr'>peccato,</span> <span class='ocrx_word' id='word_1_595' title='bbox 293 4984 325 5039; x_wconf 89' lang='lat' dir='ltr'>et</span> <span class='ocrx_word' id='word_1_596' title='bbox 341 4971 378 5039; x_wconf 92' lang='lat' dir='ltr'>in</span> <span class='ocrx_word' id='word_1_597' title='bbox 394 4996 458 5042; x_wconf 92' lang='lat' dir='ltr'>suo</span> <span class='ocrx_word' id='word_1_598' title='bbox 473 4974 925 5062; x_wconf 84' lang='lat' dir='ltr'>exemplointelligitetiam</span> <span class='ocrx_word' id='word_1_599' title='bbox 939 4975 1035 5056; x_wconf 90' lang='lat' dir='ltr'>alios,</span> <span class='ocrx_word' id='word_1_600' title='bbox 1087 4973 1223 5041; x_wconf 89' lang='lat' dir='ltr'>bituros</span> <span class='ocrx_word' id='word_1_601' title='bbox 1248 4994 1393 5057; x_wconf 86' lang='lat' dir='ltr'>reguum</span> <span class='ocrx_word' id='word_1_602' title='bbox 1415 4983 1596 5038; x_wconf 88' lang='lat' dir='ltr'>aeternum</span> <span class='ocrx_word' id='word_1_603' title='bbox 1613 4966 1649 5033; x_wconf 92' lang='lat' dir='ltr'>iu</span> <span class='ocrx_word' id='word_1_604' title='bbox 1668 4969 1776 5036; x_wconf 88' lang='lat' dir='ltr'>coelo.</span> <span class='ocrx_word' id='word_1_605' title='bbox 1828 4968 1960 5038; x_wconf 90' lang='lat' dir='ltr'>Paulus</span> <span class='ocrx_word' id='word_1_606' title='bbox 1978 4970 2072 5036; x_wconf 85' lang='lat' dir='ltr'>enirn</span> 
     </span>
     <span class='ocr_line' id='line_1_66' title="bbox 47 5070 2074 5162; baseline -0.003 -22"><span class='ocrx_word' id='word_1_607' title='bbox 47 5096 115 5142; x_wconf 92' lang='lat' dir='ltr'>non</span> <span class='ocrx_word' id='word_1_608' title='bbox 139 5094 224 5141; x_wconf 89' lang='lat' dir='ltr'>casu</span> <span class='ocrx_word' id='word_1_609' title='bbox 250 5071 288 5137; x_wconf 91' lang='lat' dir='ltr'>in</span> <span class='ocrx_word' id='word_1_610' title='bbox 312 5097 444 5162; x_wconf 89' lang='lat' dir='ltr'>poenas</span> <span class='ocrx_word' id='word_1_611' title='bbox 465 5075 642 5160; x_wconf 90' lang='lat' dir='ltr'>incidere,</span> <span class='ocrx_word' id='word_1_612' title='bbox 675 5079 820 5147; x_wconf 86' lang='lat' dir='ltr'>sed‘Dei</span> <span class='ocrx_word' id='word_1_613' title='bbox 843 5077 974 5145; x_wconf 87' lang='lat' dir='ltr'>iudicio</span> <span class='ocrx_word' id='word_1_614' title='bbox 1001 5090 1035 5145; x_wconf 88' lang='lat' dir='ltr'>et</span> <span class='ocrx_word' id='word_1_615' title='bbox 1057 5078 1060 5089; x_wconf 90' lang='lat'>&#39;</span> <span class='ocrx_word' id='word_1_616' title='bbox 1086 5070 1494 5155; x_wconf 84' lang='lat' dir='ltr'>assentiensEvangelio‚</span> <span class='ocrx_word' id='word_1_617' title='bbox 1521 5083 1727 5160; x_wconf 87' lang='lat' dir='ltr'>conceperat</span> <span class='ocrx_word' id='word_1_618' title='bbox 1744 5071 1878 5138; x_wconf 92' lang='lat' dir='ltr'>firmam</span> <span class='ocrx_word' id='word_1_619' title='bbox 1893 5070 2074 5155; x_wconf 88' lang='lat' dir='ltr'>noticiam,</span> 
     </span>
     <span class='ocr_line' id='line_1_67' title="bbox 48 5171 2073 5268; baseline 0 -28"><span class='ocrx_word' id='word_1_620' title='bbox 48 5176 246 5257; x_wconf 83' lang='lat' dir='ltr'>voluntate,</span> <span class='ocrx_word' id='word_1_621' title='bbox 272 5171 360 5245; x_wconf 88' lang='lat' dir='ltr'>Saul</span> <span class='ocrx_word' id='word_1_622' title='bbox 384 5178 606 5248; x_wconf 85' lang='lat' dir='ltr'>existimabat</span> <span class='ocrx_word' id='word_1_623' title='bbox 630 5202 729 5259; x_wconf 86' lang='lat' dir='ltr'>casu,</span> <span class='ocrx_word' id='word_1_624' title='bbox 755 5194 789 5249; x_wconf 90' lang='lat' dir='ltr'>et</span> <span class='ocrx_word' id='word_1_625' title='bbox 814 5180 1034 5268; x_wconf 89' lang='lat' dir='ltr'>sineguber-</span> <span class='ocrx_word' id='word_1_626' title='bbox 1086 5191 1239 5247; x_wconf 86' lang='lat' dir='ltr'>senserat</span> <span class='ocrx_word' id='word_1_627' title='bbox 1268 5178 1355 5244; x_wconf 91' lang='lat' dir='ltr'>iram</span> <span class='ocrx_word' id='word_1_628' title='bbox 1383 5172 1449 5241; x_wconf 85' lang='lat' dir='ltr'>Ilei</span> <span class='ocrx_word' id='word_1_629' title='bbox 1482 5177 1647 5241; x_wconf 88' lang='lat' dir='ltr'>adversus</span> <span class='ocrx_word' id='word_1_630' title='bbox 1679 5187 1878 5260; x_wconf 87' lang='lat' dir='ltr'>peccatum,</span> <span class='ocrx_word' id='word_1_631' title='bbox 1917 5187 2073 5241; x_wconf 89' lang='lat' dir='ltr'>senserat</span> 
     </span>
     <span class='ocr_line' id='line_1_68' title="bbox 50 5271 2072 5366; baseline 0 -23"><span class='ocrx_word' id='word_1_632' title='bbox 50 5278 189 5347; x_wconf 91' lang='lat' dir='ltr'>natione</span> <span class='ocrx_word' id='word_1_633' title='bbox 225 5287 262 5344; x_wconf 89' lang='lat' dir='ltr'>et</span> <span class='ocrx_word' id='word_1_634' title='bbox 300 5279 525 5366; x_wconf 89' lang='lat' dir='ltr'>providentia</span> <span class='ocrx_word' id='word_1_635' title='bbox 561 5278 646 5365; x_wconf 88' lang='lat' dir='ltr'>Dei,</span> <span class='ocrx_word' id='word_1_636' title='bbox 685 5304 782 5350; x_wconf 90' lang='lat' dir='ltr'>nune</span> <span class='ocrx_word' id='word_1_637' title='bbox 812 5276 1035 5361; x_wconf 87' lang='lat' dir='ltr'>Philistaeos,</span> <span class='ocrx_word' id='word_1_638' title='bbox 1086 5279 1344 5348; x_wconf 89' lang='lat' dir='ltr'>consolationes</span> <span class='ocrx_word' id='word_1_639' title='bbox 1372 5301 1412 5343; x_wconf 85' lang='lat' dir='ltr'>cx</span> <span class='ocrx_word' id='word_1_640' title='bbox 1441 5276 1526 5353; x_wconf 88' lang='lat' dir='ltr'>fide,</span> <span class='ocrx_word' id='word_1_641' title='bbox 1552 5299 1613 5344; x_wconf 88' lang='lat' dir='ltr'>seu</span> <span class='ocrx_word' id='word_1_642' title='bbox 1637 5273 1762 5342; x_wconf 89' lang='lat' dir='ltr'>fiducia</span> <span class='ocrx_word' id='word_1_643' title='bbox 1790 5273 1853 5340; x_wconf 90' lang='lat' dir='ltr'>filii</span> <span class='ocrx_word' id='word_1_644' title='bbox 1874 5271 1941 5343; x_wconf 92' lang='lat' dir='ltr'>Dei</span> <span class='ocrx_word' id='word_1_645' title='bbox 1965 5289 2072 5344; x_wconf 86' lang='lat' dir='ltr'>ortas.</span> 
     </span>
     <span class='ocr_line' id='line_1_69' title="bbox 52 5375 2073 5471; baseline -0.002 -23"><span class='ocrx_word' id='word_1_646' title='bbox 52 5400 136 5452; x_wconf 87' lang='lat' dir='ltr'>nunc</span> <span class='ocrx_word' id='word_1_647' title='bbox 153 5376 334 5453; x_wconf 76' lang='lat' dir='ltr'>lsraiilitas</span> <span class='ocrx_word' id='word_1_648' title='bbox 348 5382 587 5459; x_wconf 87' lang='lat' dir='ltr'>succumbere.</span> <span class='ocrx_word' id='word_1_649' title='bbox 638 5380 796 5471; x_wconf 82' lang='lat' dir='ltr'>Rursus,</span> <span class='ocrx_word' id='word_1_650' title='bbox 820 5406 900 5453; x_wconf 91' lang='lat' dir='ltr'>cum</span> <span class='ocrx_word' id='word_1_651' title='bbox 917 5381 1032 5453; x_wconf 90' lang='lat' dir='ltr'>David</span> <span class='ocrx_word' id='word_1_652' title='bbox 1086 5379 1185 5453; x_wconf 82' lang='lat' dir='ltr'>luxta</span> <span class='ocrx_word' id='word_1_653' title='bbox 1207 5381 1316 5450; x_wconf 89' lang='lat' dir='ltr'>illud:</span> <span class='ocrx_word' id='word_1_654' title='bbox 1344 5378 1499 5470; x_wconf 90' lang='lat' dir='ltr'>Spiritus</span> <span class='ocrx_word' id='word_1_655' title='bbox 1521 5392 1660 5448; x_wconf 91' lang='lat' dir='ltr'>sanctus</span> <span class='ocrx_word' id='word_1_656' title='bbox 1681 5375 2073 5466; x_wconf 88' lang='lat' dir='ltr'>testificaturcumspi-</span> 
     </span>
    </p>
   </div>
   <div class='ocr_carea' id='block_1_14' title="bbox 0 0 2266 5782">
    <p class='ocr_par' dir='ltr' id='par_1_14' title="bbox 0 0 2266 5782">
     <span class='ocr_line' id='line_1_70' title="bbox 0 0 2266 5782; baseline 0 4"><span class='ocrx_word' id='word_1_657' title='bbox 0 0 2266 5782; x_wconf 95' lang='lat' dir='ltr'> </span> 
     </span>
    </p>
   </div>
  </div>
 </body>
</html>
