4522 5782
16 348 30 382 b

101 2712 111 2729 ’
191 2723 398 2803 obiiciatur,
425 2742 515 2812 quae
535 2715 635 2804 fingit
654 2713 761 2781 luisse
786 2713 950 2781 incendia
976 2713 1179 2784 libidinum.

262 68 295 127 ἱ

176 212 275 295 sets
340 180 345 193 '
794 192 1634 308 ceumacemamoounea
2113 176 2251 275 tttt'

175 387 275 471 rina,
299 382 430 477 quibus
443 404 463 450 a
478 374 554 450 Deo
571 374 683 468 ipsius
698 370 860 443 doctrina
875 369 1081 443 coolicmata
1098 382 1163 444 est.
1213 370 1384 441 auxilium
1399 370 1554 442 infirmis
1566 370 1780 444 ostenditur.
1798 370 1802 377 “
1824 369 1887 445 Fu
1901 371 2131 462 conspectior
2143 371 2201 443 Ilei

177 490 272 565 luter
303 485 388 557 baec
412 480 612 554 testimonia
640 475 764 544 recitat
792 474 1006 562 singularem
1030 473 1163 564 patela-
1215 476 1428 563 praesentis,
1455 498 1536 544 com
1558 475 1719 545 defendit
1742 472 1931 545 Danielem
1959 476 2059 546 inter
2084 475 2201 554 leones,
2238 506 2252 539 s

180 593 332 663 ctionem
354 584 551 656 divinitatis
578 579 644 671 ipsi
664 591 862 660 ostensam,
888 576 937 644 ait
961 596 997 642 se
1022 587 1164 664 raptum
1214 599 1319 671 quam
1354 577 1382 643 si
1417 577 1512 646 inter
1546 579 1717 648 barbaros
1750 572 1916 647 hominen
1949 601 2035 646 eum
2074 589 2202 666 tegeret,

181 716 254 765 esse
281 690 486 759 intertium
515 684 680 764 coelum,
719 679 814 770 quod
841 677 1000 765 intelligo
1031 679 1166 746 dictum
1215 700 1305 770 quos
1335 677 1517 749 videretur
1544 680 1620 771 ipse
1646 702 1712 749 sus
1742 679 1893 749 consilio
1924 701 2032 770 posse
2065 678 2203 749 ssecterr.

182 818 256 865 esse
284 791 527 861 Hebraeorum
557 808 682 865 more,
722 779 785 874 qui
815 781 951 848 coelum
981 778 1168 847 nominant
1217 780 1275 850 Sic
1300 779 1367 849 toti
1395 781 1527 872 popolo
1557 785 1720 852 redeunti
1743 804 1785 850 er
1802 779 1991 877 Babylone
2008 782 2051 851 lit
2069 803 2204 868 eonspe-

182 897 288 969 etiam
312 890 407 961 bunc
429 892 545 960 aerem
568 886 634 955 sun
659 883 756 951 luna.
813 878 896 951 Erit
924 880 1032 969 igitur
1056 880 1168 949 imum
1218 881 1308 952 ctior
1341 884 1537 971 praesentia
1571 882 1660 968 Dei,
1697 906 1785 954 cum.
1810 883 2023 954 detenditur
2061 882 2206 951 imbellis

182 998 319 1069 coelum
348 1001 428 1065 aiis:
463 990 676 1068 secundum,
718 985 821 1052 orbes
852 1005 995 1062 omues,
1039 982 1170 1075 quibus
1219 983 1433 1068 multitudo,
1460 1009 1551 1077 quae
1573 987 1766 1076 praesidia,
1794 1010 1861 1054 uec
1883 979 2204 1069 moeniahabebst,

184 1095 365 1177 velluntur
388 1094 540 1173 lumina,
579 1089 740 1188 planetae
764 1100 798 1154 et
820 1083 968 1155 stellae:
1014 1088 1170 1168 tertium,
1219 1108 1421 1177 quamtum
1448 1089 1691 1157 anteexilium
1707 1083 2016 1158 baberetmoenia
2035 1087 2207 1157 erexerei·

185 1224 312 1273 arcana
346 1199 445 1267 sedes
469 1190 558 1277 Dei,
602 1192 640 1258 in
668 1182 733 1257 bac
757 1201 894 1257 ostensa
919 1200 972 1255 est
1003 1186 1172 1254 divinitas
1220 1202 1288 1259 tns.
1346 1182 1393 1255 Et
1416 1189 1499 1258 sinit
1523 1188 1618 1260 Dens
1640 1190 1799 1258 accidere
1821 1190 1930 1258 nobis
1956 1188 2208 1257 inextricabilia

186 1302 310 1373 Panlo.
362 1297 435 1367 Nec
456 1316 545 1386 opus
568 1307 619 1363 cst
642 1290 780 1359 curiose
802 1288 925 1381 quaeri
949 1293 994 1356 de
1017 1284 1082 1357 hac
1097 1288 1171 1355 sin·
1223 1288 1312 1356 mala
1337 1284 1504 1358 humanis
1526 1292 1704 1375 consiliis,
1730 1308 1768 1361 ut
1787 1291 1949 1361 destituti
1967 1291 2054 1360 aliis
2076 1290 2208 1359 auxiliis

186 1403 300 1493 gislari
321 1397 544 1477 ostensione,
577 1392 692 1487 qualis
719 1391 845 1474 luerit,
877 1392 967 1460 sicut
993 1413 1057 1458 nec
1085 1391 1174 1459 scire
1223 1390 1467 1478 confugiamus
1482 1395 1524 1460 ad
1550 1394 1687 1489 ipsum,
1713 1407 1748 1462 et
1766 1393 1927 1472 liberati,
1953 1395 2133 1464 fateamur
2152 1413 2209 1461 nos

188 1527 384 1597 possumus,
401 1523 473 1592 qno
489 1503 596 1567 modo
612 1518 648 1564 se
656 1491 775 1586 Moysi
784 1490 880 1561 Deus
895 1492 932 1559 in
949 1515 1037 1587 rupe
1054 1506 1173 1562 osteu-
1223 1491 1396 1561 divinitus
1410 1509 1567 1563 servatus
1582 1517 1668 1580 esse,
1683 1509 1724 1567 ut
1740 1495 1777 1564 in
1787 1494 1917 1568 Psalm.
1933 1495 2091 1565 dicitur:
2118 1493 2210 1564 Patet

187 1607 289 1683 derit.
348 1601 423 1673 Etsi
455 1601 550 1669 enim
582 1597 714 1666 multae
737 1596 814 1683 piae
838 1607 973 1663 mentes
997 1596 1174 1663 interdum
1224 1610 1257 1663 et
1280 1610 1393 1663 mater
1413 1597 1679 1690 dereliquerunt
1703 1596 1975 1678 me,Domious
1997 1609 2123 1666 antem
2142 1618 2209 1666 sos·

187 1709 370 1781 clariorem
389 1706 500 1773 lucem
516 1701 555 1768 in
572 1697 873 1768 consolationibus
889 1690 1033 1778 babent,
1058 1709 1175 1764 tamen
1226 1695 1317 1785 cepit
1339 1720 1406 1763 me.
1443 1694 1548 1768 ltem:
1580 1694 1759 1789 Orphano
1777 1710 1816 1769 tu
1831 1702 1902 1768 eris
1914 1699 2082 1770 adiutor.
2124 1695 2212 1778 ltcm,

188 1811 406 1881 ostensiones
427 1805 539 1873 factae
554 1799 739 1883 Patribus,
763 1791 953 1888 Prophetis
971 1809 1004 1868 et
1021 1794 1175 1888 Aposto-
1225 1794 1355 1869 Psalm.
1377 1794 1468 1869 aas
1509 1798 1590 1873 Non
1614 1800 1802 1888 egredieris
1823 1797 1923 1870 Dens
1952 1802 1993 1869 in
2026 1799 2210 1871 virtutibus

189 1913 249 1991 lis,
277 1908 487 1978 illustriores
506 1917 608 1976 sunt.
633 1915 667 1971 ct
690 1924 754 1969 nos
775 1901 905 1969 scimus
926 1911 1091 1990 oportere
1111 1922 1176 1966 tros
1225 1899 1382 1982 nostris,
1407 1902 1452 1971 da
1473 1903 1577 1971 nobis
1599 1902 1771 1974 auxilium
1790 1905 1836 1973 de
1856 1901 2111 1979 tribulatione.
2157 1897 2210 1984 lit,

188 2016 258 2083 tide
272 2011 491 2102 acquiescere
507 2007 544 2073 iu
561 2005 682 2081 verbo,
697 2001 786 2070 sicut
799 2001 968 2091 scriptum
983 2012 1050 2069 est:
1076 1997 1176 2068 Beati
1226 2022 1317 2071 varra
1335 2000 1430 2071 salus
1442 1997 1614 2076 hominis.

191 2115 253 2209 qui
270 2117 417 2182 credunt
434 2122 467 2178 ct
486 2130 558 2177 non
576 2106 710 2176 vident.
761 2099 811 2172 Et
835 2103 922 2195 quid
946 2097 1014 2171 hoc
1038 2103 1084 2171 sit
1107 2103 1176 2170 lide

192 2216 432 2310 “wimer‘’
459 2207 673 2299 “perimi‘'
692 2207 813 2288 ἀπ’
839 2228 919 2274 ⁶⁰¹⁰
940 2224 1057 2292 '⁰⁸⁸⁰'
1074 2204 1177 2272 ‘¹⁰¹⁰'
1226 2279 1374 2336 venero,
1405 2257 1543 2351 inquit,
1570 2282 1610 2328 ae
1634 2258 1758 2329 videro
1781 2284 1845 2329 vos
1866 2285 1940 2329 non
1959 2283 2038 2330 esse
2056 2259 2212 2329 emenda·

190 2342 246 2389 rea
270 2317 337 2385 lide
356 2330 390 2383 et
411 2334 471 2402 spe
487 2310 690 2387 leniuntur,
711 2321 751 2376 ut
765 2307 852 2375 dicit
865 2305 1014 2375 Paulus:
1045 2305 1176 2374 lustili-
1227 2371 1238 2429 t
1370 2384 1377 2398 ι
1552 2360 1560 2376 ‚
1651 2362 1691 2379 ..
1919 2362 1929 2378 .
2114 2362 2123 2378 ι

190 2421 259 2493 cali
284 2419 352 2486 fide
378 2437 497 2507 pacem
525 2406 707 2481 hebemus.
758 2406 880 2500 Neque
909 2403 976 2476 boc
1001 2431 1175 2499 quaeren·
1240 2384 1261 2427 ⁰
1264 2381 1298 2442 ⁸’
1326 2371 1407 2429 ΠΜ
1425 2373 1581 2450 p⁰t²¹¹l¹³
1606 2380 1751 2452 ⁸9¹¹¹¹¹¹⁸
1774 2364 1817 2429 ”d
1842 2365 2052 2446 ”umendm
2076 2363 2214 2455 ⁸¹¹D¹⁰⁸

191 2524 364 2601 gumen,
390 2514 510 2608 qual„
528 2513 565 2582 pn
584 2508 1015 2592 pauqofuefqmqom,
1041 2511 1102 2601 qui
1120 2504 1178 2584 hic
1227 2460 1409 2548 bigniticat
1433 2462 1529 2529 enim
1560 2485 1596 2530 se
1627 2463 1806 2557 aliquibus
1835 2465 2120 2555 imprecaturum
2150 2485 2215 2533 csse

1327 2148 1370 2223 ln
1396 2153 1523 2226 ultimo
1546 2157 1660 2248 capite
1680 2156 1779 2228 addit
1798 2157 2149 2229 comminationem:
2178 2152 2213 2225 Si

1145 2610 1154 2627 .
1229 2562 1394 2647 inorbos,
1420 2561 1601 2655 aliquibus
1624 2581 1793 2650 mortem,
1820 2565 1909 2636 sicut
1928 2564 2032 2635 Puri
2058 2589 2145 2634 voce
2167 2565 2215 2633 in·

1230 2662 1395 2734 terleetus
1411 2676 1464 2733 est
1484 2665 1663 2748 Anarrias,
1689 2669 1768 2741 Act.
1784 2661 1817 2738 6.
1866 2664 1913 2737 Et
1937 2666 2020 2741 Act.
2053 2668 2113 2741 ld.
2138 2661 2217 2761 llly-

191 2622 397 2707 nominatnr
414 2607 557 2710 σκόλοψ
574 2614 613 2683 in
639 2635 756 2694 carne,
782 2624 920 2679 tantum
934 2611 1040 2680 stulta
1055 2611 1179 2708 opium

1230 2789 1303 2833 mas
1320 2786 1441 2852 magus
1459 2767 1572 2835 visum
1590 2768 1708 2838 amisit
1723 2769 1976 2859 imprecatione
1990 2766 2115 2839 Pauli.
2153 2766 2216 2839 Sed

1231 2866 1367 2954 mitigat
1397 2864 1530 2937 Paulus
1558 2864 1650 2940 banc
1678 2871 2013 2957 comminationem,
2056 2872 2140 2964 qnia
2162 2870 2217 2957 ait,

1229 2991 1266 3038 se
1283 2969 1381 3060 prius
1399 2970 1489 3057 velle
1503 2972 1634 3041 auditis
1652 2972 1800 3043 testibus
1815 2997 1936 3083 causas
1953 2996 2181 3065 cognoscere.

192 2824 368 2899 Existimo
393 2834 509 2892 autem
528 2818 635 2887 luisse
648 2815 845 2902 singulares
862 2828 1033 2897 terrores,
1060 2815 1179 2907 quales

193 2916 768 3016 saepedescribunturiuPsalmis,
786 2913 1036 2987 utcumDavid
1048 2917 1180 3008 inquit:

192 3028 276 3101 Non
301 3041 353 3096 est
380 3048 445 3118 pax
469 3022 607 3092 ossibus
633 3018 731 3093 noeis.
764 3015 814 3088 Et
838 3017 1052 3087 variaesunt
1068 3019 1180 3087 luctae

193 3131 276 3201 fidei
298 3131 342 3205 de
366 3124 487 3197 multis
511 3122 692 3203 doctrinae
722 3121 900 3211 partibus,
934 3123 978 3187 de
1002 3117 1180 3189 Ecclesiae
1335 3118 1447 3190 Addit
1462 3121 1567 3192 etiam
1582 3122 1716 3192 dictum
1733 3123 1984 3208 memorabile,
2003 3128 2106 3217 quod
2125 3150 2219 3218 saepe

194 3231 381 3324 periculis,
411 3229 510 3298 etde
531 3226 666 3316 privata
691 3223 822 3306 solute,
854 3223 892 3289 in
916 3222 1047 3313 quibus
1070 3222 1180 3290 animi
1232 3224 1361 3292 citatur
1377 3237 1498 3291 contra
1515 3224 1761 3317 lyrarusidem:
1786 3220 1878 3294 Data
1894 3240 1947 3295 est
1961 3221 2054 3294 milti
2074 3238 2219 3319 potestas

194 3335 298 3405 valde.
313 3332 528 3401 cruciantur.
573 3326 679 3395 Tales
696 3324 870 3394 cruciatus
886 3323 1077 3412 significat,
1101 3346 1181 3391 earm
1232 3350 1305 3392 non
1320 3326 1363 3392 ad
1380 3327 1676 3410 destructionem,
1703 3329 1763 3394 sed
1787 3329 1831 3395 ad
1853 3328 2164 3411 aedificationem,
2186 3333 2219 3399 id

196 3435 359 3507 nominat
373 3424 550 3512 σκόλοπα,
578 3428 695 3508 idest,
721 3427 844 3494 sudem
861 3448 923 3493 seu
942 3423 1059 3512 palum
1079 3448 1182 3512 prae·
1232 3442 1301 3510 est,
1326 3426 1401 3496 vult
1428 3449 1492 3496 nos
1509 3423 1684 3496 Dominus
1708 3427 1760 3497 uti
1785 3442 1973 3519 potestate,
1999 3455 2079 3500 non
2095 3448 2135 3503 nt
2154 3434 2220 3525 pri-

196 3551 363 3614 mulum,
405 3533 487 3624 qnia
518 3542 616 3598 vetus
646 3528 859 3617 supplicium
898 3527 966 3595 luit
1000 3521 1181 3594 bominem
1233 3529 1322 3597 vatis
1342 3527 1523 3598 affectibus
1547 3552 1680 3599 morem
1705 3550 1883 3618 geramus,
1909 3546 1950 3601 nt
1971 3538 2121 3625 tyranni
2141 3540 2218 3605 abu·

197 3637 369 3727 conligere
385 3635 483 3723 palo,
499 3631 593 3724 quod
614 3629 849 3700 nominabant
863 3622 1182 3714 ἀνασκολοπίζειν,
1232 3642 1360 3700 tuntur
1380 3643 1568 3720 potestate,
1600 3633 1659 3698 sed
1685 3633 1762 3701 vult
1779 3655 1844 3700 nos
1863 3657 1903 3701 ea
1925 3634 1979 3702 nti
2004 3636 2052 3704 ad
2076 3638 2216 3707 aliorum

197 3742 293 3834 qnod
310 3761 405 3807 nune
421 3758 563 3828 quoqne
578 3730 706 3800 'suecis
721 3731 890 3803 usitatum
906 3745 971 3801 est:
999 3731 1183 3799 nonenim
1233 3732 1408 3800 salntem:
1445 3733 1601 3822 primurn
1631 3733 1789 3822 singulos
1817 3734 2001 3803 emendari
2037 3740 2157 3829 cupit,
2190 3752 2216 3809 et

198 3843 294 3917 leves
309 3839 487 3909 molestias
504 3834 691 3923 significat.
1235 3856 1383 3923 poenam
1401 3834 1581 3913 omittere,
1618 3835 1748 3903 deinde
1771 3835 1801 3903 si
1819 3860 1932 3926 poena
1952 3842 2153 3910 necessaria
2172 3857 2213 3910 est

300 3990 346 4061 Et
362 4002 517 4060 recenset
542 3987 591 4055 ibi
609 3984 741 4054 Paulus
760 3982 999 4052 dulcissimam
1026 3984 1185 4053 corseola-

199 4096 344 4169 tionem.
381 4090 442 4162 Ait
464 4090 531 4160 sibi
554 4089 684 4181 petenti
706 4109 913 4178 responsum
931 4109 1021 4167 esse,
1047 4085 1187 4157 sufficit
1335 4086 1515 4158 Hactenus
1549 4100 1794 4175 argumentum
1830 4084 2018 4177 Epistolae
2056 4098 2215 4166 secundae

201 4199 266 4269 tibi
286 4196 396 4284 gratia
413 4217 505 4276 mea,
534 4216 615 4259 nam
642 4189 797 4279 potentia
819 4212 895 4256 mea
921 4187 957 4254 in
982 4187 1186 4258 infirmitate
1236 4193 1279 4260 ad
1296 4183 1501 4259 Corinthios
1524 4189 1706 4258 recitatnm
1733 4204 1794 4263 est.
1846 4188 2007 4261 Facilius
2033 4196 2132 4267 enim
2155 4200 2211 4268 sin·

203 4300 401 4392 perficitur:
443 4306 587 4363 manent
614 4292 652 4359 in
682 4290 761 4358 aliis
795 4288 885 4357 aliae
917 4288 1184 4359 imbecillitates.
1236 4292 1337 4380 gulae
1362 4304 1476 4381 partes
1498 4290 1648 4380 intelligi
1674 4304 1857 4383 poterunt,
1884 4293 2054 4368 silector
2075 4301 2214 4391 primum

203 4401 350 4489 Semper
374 4409 491 4468 autem
516 4397 553 4465 in
580 4406 768 4484 conspectu
793 4391 839 4461 sit
865 4386 950 4459 baec
974 4389 1186 4462 consolatio:
1235 4392 1472 4465 considerabit
1497 4414 1651 4461 summas
1681 4416 1799 4465 rerum
1831 4408 1865 4463 et
1895 4397 2051 4482 seriem,
2093 4418 2127 4474 et
2152 4406 2215 4475 ant

203 4501 382 4572 Exuberat
403 4497 513 4588 gratia
535 4520 639 4586 supra
666 4493 847 4564 delictum.
900 4489 1003 4561 Hanc
1026 4495 1186 4561 consula·
1238 4498 1452 4580 rrradvertet,
1485 4517 1574 4586 quae
1599 4493 1670 4564 sint
1695 4494 1911 4584 occasiones,
1943 4524 2009 4569 cnr
2034 4502 2125 4576 alibi
2146 4507 2217 4576 ³15„

205 4605 337 4676 tionem
358 4597 415 4670 hic
435 4599 623 4692 proponit,
648 4596 799 4667 recitans
823 4590 907 4664 baec
930 4597 1053 4663 verba:
1081 4593 1188 4666 Snsfi·
1237 4598 1402 4670 materias
1417 4597 1590 4669 instituat.
1648 4593 1753 4666 Nunc
1772 4600 1945 4671 addemus
1962 4602 2113 4679 brevem
2130 4633 2214 4680 emt.

207 4706 256 4778 cit
287 4703 352 4778 tibi
384 4705 495 4796 gratia
518 4725 606 4772 mea.
672 4696 812 4769 Deinde
841 4697 1038 4790 praesentia
1063 4696 1130 4767 Dei
1155 4711 1190 4768 et
1239 4701 1412 4772 rationem
1429 4698 1499 4796 ipsi
1514 4697 1667 4770 orationi
1685 4694 1799 4772 Pauli,

977 5010 1395 5032 Ἣ

1235 3936 1447 4024 castigandis
1462 3937 1660 4028 aliquibus,
1684 3938 1796 4028 prosit
1811 3939 2015 4028 exemplum
2032 3945 2187 4015 caeteris.
2254 3966 2256 4047 j
