4522 5782
71 118 152 225 aas
282 122 384 200 rur
435 127 474 201 a.
506 102 875 195 conueniant:
902 114 952 189 m
969 110 1135 195 :mrsu
1150 110 1310 199 aauu
1332 107 1404 229 an
1428 107 1693 198 romeos.
1742 117 1850 203 cae.
1877 121 1907 205 r.
2036 126 2114 209 aas

10 274 13 289 ’
72 288 124 367 Et
143 305 187 365 ut
209 314 266 365 res
288 294 350 383 fiat
376 293 538 389 planior,
561 291 850 367 transformanda
873 302 926 367 est
950 288 1066 363 oratio
1117 309 1200 359 eum
1216 281 1342 373 Paulo,
1362 298 1397 359 et
1411 310 1557 380 prorsus
1574 289 1756 365 tollentem
1772 313 1995 393 econspectu
2009 328 2110 379 veras

74 396 113 471 in
137 396 407 469 correlativam:
437 394 527 468 Fide
549 417 673 466 sumus
697 396 803 480 iusti,
836 392 968 477 idest,
1003 414 1067 483 per
1116 387 1377 462 consolationes
1388 393 1529 481 piarum
1547 393 1733 465 mentium.
1772 398 1812 470 Si
1827 400 1865 471 in
1879 402 2106 481 invocatione

74 498 354 585 misericordiam
372 511 517 591 propter
531 494 714 569 Christum
729 519 850 566 sumus
871 495 976 576 iusti,
1003 496 1064 565 sed
1115 492 1272 583 aspicere
1290 494 1469 586 nosipsos
1493 494 1720 583 deberemus,
1747 501 2015 595 coimaginari,
2039 510 2105 583 nos

74 612 193 673 tamen
210 590 278 669 lide
295 602 521 672 statuendum
538 613 590 672 εει
606 599 704 669 illam
721 598 1000 669 misericordiam
1017 599 1063 667 ad
1115 596 1164 665 ita
1180 618 1381 665 accessuros
1402 598 1448 666 ad
1463 592 1600 681 Deum,
1627 621 1707 668 cum
1731 601 1817 673 satis
1832 608 1950 677 ornati
1970 609 2102 685 erimus

77 700 352 793 norpertinere.
403 702 528 773 Minor
551 714 604 771 est
627 725 727 770 vera:
762 699 869 772 Fides
888 713 939 772 est
962 722 1064 791 opus,
1113 690 1169 765 bis
1195 697 1408 783 virtutibus,
1447 697 1497 769 ita
1519 702 1735 791 sperandum
1761 727 1834 776 esse
1855 708 1966 780 vitam
1986 727 2100 785 aeter-

78 802 205 874 scilicet
232 817 272 875 ut
299 816 455 875 caeterae
482 803 649 882 virtutes,
681 802 846 886 dilectio,
880 801 1062 894 patientia,
1111 823 1213 879 nam,
1240 800 1535 871 rumvidebimns
1552 801 1712 875 innubis
1729 800 1821 877 hanc
1842 832 1972 881 novam
1993 834 2100 886 mun-

78 904 223 979 castitas.
266 901 314 975 Et
328 920 369 976 ut
381 906 471 976 aliae
486 907 635 977 virtutes
648 919 729 975 sunt
748 904 989 995 imperfectae,
1011 903 1061 973 ita
1109 902 1255 984 ditiern,
1280 902 1441 991 fugerent
1460 904 1591 990 animi,
1615 917 1650 973 et
1674 906 1904 1000 desperarent
1925 915 2123 987 auxilium·

80 1020 111 1077 et
125 1006 212 1075 fides
227 1019 279 1077 est
295 1008 498 1079 imbecillis:
525 1029 635 1100 quare
650 1030 724 1075 non
740 1028 862 1075 sumtis
877 1004 960 1075 iusti
975 1029 1058 1096 pro·
1108 1016 1144 1072 et
1171 1002 1334 1074 salntem.
1383 1003 1430 1074 Et
1455 1029 1525 1097 quo
1550 1007 1662 1095 magis
1683 1027 1918 1100 expavescunt
1950 1030 2097 1105 mentes,
2154 1068 2157 1075 -

79 1121 151 1199 pter
172 1107 285 1200 ipsius
305 1108 449 1181 virtutis
473 1110 700 1201 dignitatem,
727 1109 787 1177 sed
811 1108 894 1199 quia
918 1106 1058 1176 miseri-
1103 1128 1148 1177 ,eo
1166 1106 1313 1195 propius
1330 1107 1505 1196 aspiciunt
1523 1107 1784 1181 immunditiem
1799 1126 1837 1191 et
1856 1114 2097 1189 infirmitatem

79 1209 230 1282 cordiam
249 1206 496 1302 apprehendit.
545 1210 695 1282 Necesse
718 1222 771 1281 est
792 1212 889 1279 euim
912 1208 1057 1301 aliquod
1106 1220 1248 1277 nostrae
1274 1220 1433 1281 naturae.
1491 1206 1624 1278 Paulus
1648 1226 1766 1282 autem
1793 1208 1885 1286 hanc
1909 1218 2021 1309 ipsam
2048 1224 2097 1293 ob

79 1334 165 1403 esse,
196 1326 239 1385 nt
261 1312 310 1384 ita
331 1314 474 1397 dicam,
508 1313 807 1392 instrumentum,
839 1335 910 1405 quo
932 1332 1059 1401 appre-
1105 1330 1267 1395 causam,
1306 1312 1389 1403 qnia
1416 1311 1576 1380 videmus
1599 1335 1665 1381 nos
1688 1316 1733 1382 ad
1756 1312 1870 1386 Deum
1895 1343 1968 1391 non
1992 1345 2096 1413 possa

77 1409 248 1485 bendatur
271 1414 532 1502 misericordia,
560 1437 698 1485 necesse
721 1426 773 1484 est
793 1413 926 1484 intueri
950 1409 1057 1485 Chri·
1105 1410 1231 1480 afferre
1258 1412 1383 1481 merita
1407 1426 1441 1483 et
1460 1412 1691 1504 dignitatem,
1733 1421 1903 1509 proponit
1930 1425 2095 1511 gratiam,
2236 1474 2239 1479 -

76 1529 184 1601 stum,
203 1529 240 1588 et
254 1530 428 1601 statuere,
451 1520 546 1611 quod
562 1518 666 1587 nohis
681 1516 850 1606 ignoscat.
890 1513 1057 1605 Respon·
1105 1513 1237 1597 idest,
1276 1515 1465 1603 gratuitam
1498 1515 1796 1586 condonationem
1823 1533 1858 1590 et
1883 1527 2095 1613 acceptatio-

76 1620 194 1689 destur
206 1640 292 1709 ergo
306 1621 352 1689 ad
367 1620 559 1693 minorem:
585 1618 693 1691 Fides
706 1631 758 1689 εει
772 1640 881 1709 opus,
904 1618 965 1686 sed
981 1639 1057 1685 non
1105 1637 1187 1683 nem
1211 1629 1355 1705 propter
1370 1612 1565 1687 Christum.
1617 1612 1694 1687 Etsi
1720 1642 1794 1687 non
1808 1621 1923 1691 adfers
1938 1626 2094 1714 dignita·

73 1719 289 1809 sumusiusti
303 1734 447 1812 propter
469 1721 581 1813 ipsius
602 1721 720 1813 operis
735 1721 968 1811 dignitatem,
994 1720 1056 1788 sed
1104 1737 1176 1793 tem
1204 1718 1249 1786 ad
1274 1715 1410 1801 Deum,
1442 1730 1561 1788 tamen
1588 1721 1712 1788 accede
1735 1720 1864 1792 fiducia
1891 1728 2094 1801 mediatoris

74 1820 151 1915 quis
165 1816 405 1915 apprehendit
418 1824 710 1895 misericordiam.
754 1821 839 1893 Ideo
854 1844 928 1890 non
943 1833 1058 1912 potest
1076 1838 1082 1953 p
1104 1812 1257 1904 Christi,
1282 1819 1371 1889 sicut
1393 1820 1530 1913 inquit:
1558 1818 1666 1891 Hunc
1689 1816 1858 1895 habentes
1876 1827 2095 1919 pontificem,

74 1922 186 2017 seqni,
213 1946 280 1994 nos
300 1938 445 2014 propter
468 1950 574 2019 opera
600 1926 710 1996 iustos
735 1947 820 1997 esse.
878 1922 999 1994 Potest
1021 1933 1080 1994 ει·
1103 1923 1310 1991 accedamus
1326 1923 1370 1990 ad
1387 1917 1556 1991 thronum
1574 1923 1719 2011 gratiae.

73 2020 134 2095 boe
148 2025 292 2097 erudite
309 2028 398 2112 dici,
422 2028 504 2121 plus
521 2051 593 2097 erse
610 2028 649 2098 in
671 2026 921 2109 conclusione,
949 2047 1056 2118 quam
1207 2020 1282 2092 Has
1298 2023 1529 2093 refutationes
1545 2023 1671 2106 adieci,
1696 2039 1773 2096 tum
1790 2040 1832 2098 ut
1847 2030 2006 2118 eruditis,
2030 2035 2095 2127 qui

24 2130 34 2137 “’
74 2125 107 2197 in
128 2127 349 2219 praemissis:
388 2152 472 2200 uam
497 2130 679 2201 conclusio
700 2128 778 2199 vult
793 2123 956 2197 homines
974 2149 1058 2218 pro-
1106 2125 1150 2193 de
1167 2124 1380 2215 proprietate
1403 2125 1577 2194 scrmonis
1594 2126 1794 2218 disputant,
1820 2147 1995 2223 quantum
2009 2159 2094 2227 pos-

73 2242 145 2319 pter
169 2253 277 2320 opera
300 2230 413 2303 iustos
430 2255 517 2303 esse.
584 2231 626 2303 ld
651 2255 725 2300 non
748 2229 910 2324 sequitur
937 2252 979 2297 ex
1002 2223 1060 2298 bis
1107 2249 1180 2297 sem
1193 2227 1443 2296 satisfacerem:
1469 2250 1553 2295 nam
1568 2241 1602 2298 et
1614 2251 1682 2298 nos
1696 2252 1779 2299 vera
1794 2253 1835 2300 ac
1849 2247 1943 2304 recta
1966 2234 2094 2324 dicere,

23 2326 26 2331 ’
72 2333 280 2422 praemissis,
1108 2342 1143 2400 et
1165 2326 1278 2398 vitare
1300 2322 1548 2427 ἀκυρολογίας
1570 2326 1752 2421 cupimus,
1784 2345 1860 2403 tum
1881 2348 1923 2405 ut
1938 2336 2093 2409 instrue-

491 2496 617 2573 aaa
1107 2431 2096 2626 :tttlttt‘t..ttltttt3:¹¹‘tl‘tttlll'tttt

167 2634 296 2710 Gratia
321 2661 444 2709 sumus
466 2639 570 2723 iusti,
611 2635 734 2709 Gratia
762 2650 814 2708 est
836 2634 982 2707 dilectio
1003 2634 1060 2704 iu·
1107 2636 1265 2727 exempla
1282 2648 1387 2725 opto,
1412 2635 1566 2725 primum
1586 2637 1629 2706 ad
1648 2636 1933 2733 perspicuitatem
1958 2667 2094 2731 causae,

78 2738 144 2811 lusa
165 2742 314 2827 animia,
346 2738 442 2830 Ergo
466 2740 657 2810 dilectione
678 2763 800 2809 sumus
823 2737 920 2811 iusti.
984 2734 1056 2809 Re·
1107 2736 1238 2806 deinde
1253 2737 1358 2806 etiam
1375 2738 1417 2805 ad
1435 2737 1628 2807 acuendam
1645 2738 1804 2808 discendi
1819 2764 1940 2810 curam
1957 2742 1994 2813 in
2018 2761 2095 2819 stu.

10 2820 36 2925 ξ
78 2845 229 2933 spondeo
242 2844 288 2911 sd
305 2842 499 2913 minorem:
535 2838 659 2912 Gratia
683 2843 869 2932 praecipue
886 2839 1059 2929 significat
1106 2838 1229 2909 diosis.
1304 2836 1396 2907 Nam
1425 2832 1491 2907 hac
1524 2838 1752 2910 refutationes
1784 2844 1977 2916 ostendunt
2005 2869 2096 2940 opus

80 3046 345 3139 acceptationem
372 3061 517 3137 propter
545 3040 739 3114 Christum.
802 3042 975 3113 Tenenda
1006 3055 1059 3113 est
1106 3044 1226 3112 dextre
1242 3041 1986 3132 talescontroversiasexplicareconantur.
2011 3048 2096 3121 Non

81 3146 178 3239 igitur
191 3161 274 3241 apta
289 3148 454 3217 vocabuli
468 3146 725 3237 interpretatio.
772 3142 959 3216 Caeterum
977 3167 1057 3213 curn
1107 3157 1230 3234 putent
1245 3165 1281 3212 se
1297 3143 1372 3211 leve
1391 3164 1483 3211 onus
1493 3143 1673 3233 suscipere
1688 3145 1857 3230 studiosi,
1883 3149 1945 3240 qui
1962 3151 2096 3221 doctri-

10 3264 39 3331 ι]
81 3242 136 3319 hae
155 3250 395 3340 acceptatione
423 3248 614 3318 coniuncta
644 3261 697 3319 est
726 3247 873 3317 donatio
904 3245 1058 3336 Spiritus
1108 3270 1173 3314 nae
1206 3240 1430 3316 Christianae
1471 3244 1742 3337 explicationem
1773 3248 1930 3338 profiteri
1964 3250 2096 3325 volent.

10 3334 42 3455 ᾇ
84 3349 192 3425 aneti.
245 3348 314 3422 Sed
338 3352 399 3445 qui
416 3350 467 3421 sic
482 3363 667 3430 enarrant,
693 3350 805 3440 gratia
824 3370 946 3417 sumus
962 3346 1058 3431 iusti,
1106 3344 1222 3417 Deum
1239 3360 1356 3416 antem
1374 3370 1451 3427 oro,
1475 3357 1517 3417 ut
1531 3346 1646 3416 studia
1662 3347 1803 3438 piorum
1821 3350 2004 3437 gubernet,
2030 3376 2096 3426 nec
2180 3386 2183 3391 ·

10 3452 49 3535 ζ’
86 3452 113 3521 it
127 3468 187 3541 est,
211 3466 357 3545 propter
370 3453 518 3523 virtutes
532 3446 666 3521 infusas
681 3473 804 3523 sumus
818 3450 913 3534 iusti,
936 3444 973 3519 hi
989 3449 1059 3518 fin·
1107 3449 1201 3519 sinat
1215 3444 1417 3518 inEcclesia
1432 3446 1589 3539 extingui
1603 3447 1716 3519 lucem
1723 3446 1907 3542 Evangelii
1922 3476 1961 3526 ac
1975 3479 2097 3529 veram

10 3538 45 3677 lc
87 3568 158 3645 tunt
186 3555 516 3648 interpretationem
549 3577 592 3624 ex
625 3553 799 3625 diametro
840 3563 1058 3645 pugnantem
1108 3546 1245 3622 Christi
1268 3550 1449 3622 noticiam.

10 2928 57 3261 Ξ
79 2944 215 3017 relative
224 2945 399 3034 favorem,
415 2966 478 3015 seu
488 2943 782 3027 misericordiam,
797 2966 857 3011 scu
868 2942 1058 3030 gratuitam
1106 2963 1180 3010 esse
1204 2939 1405 3009 eruditione
1428 2952 1462 3010 et
1484 2943 1636 3032 quadam
1661 2942 1910 3014 exercitatione
1930 2942 2004 3033 his,
2031 2950 2095 3043 qui

10 3784 42 3825 15
878 3794 927 3805 ..-
933 3792 1307 3809 -ια--ιο--ῇ-..ῄ-

449 4022 590 4135 capul
640 4023 675 4107 l·
1106 4063 1219 4137 usque
1244 4040 1290 4113 ab
1309 4039 1414 4113 initio
1432 4039 1612 4134 cogitandi
1634 4057 1739 4131 sont,
1765 4070 1830 4138 per
1852 4072 1942 4144 quos
1965 4072 2097 4140 props-

10 4180 39 4229 :·
104 4184 196 4267 pap
292 4215 397 4266 mus
429 4188 519 4264 pm
553 4182 704 4262 Christi
762 4192 910 4257 mam
936 4177 1036 4280 Apo·
1107 4158 1187 4236 gata
1212 4157 1264 4214 est
1281 4166 1362 4215 vera
1377 4140 1447 4215 Dei
1462 4145 1613 4231 noticia,
1638 4159 1674 4218 et
1695 4151 1882 4238 promissio
1897 4146 2098 4243 Evangelii,

10 4204 46 4329 1
153 4222 176 4267 ¹¹
194 4218 291 4267 ’Μ
481 4288 538 4364 Η
608 4300 660 4361 m
709 4241 721 4272 ’
1108 4270 1153 4315 ne
1176 4244 1395 4317 existimetur
1409 4257 1540 4317 temere
1554 4259 1614 4318 aut
1629 4271 1711 4317 casu
1732 4263 1809 4320 orta
1832 4252 2021 4344 professio,
2047 4254 2097 4323 si-

29 4332 42 4369 ¹'
460 4318 519 4365 ³⁰
536 4317 581 4362 “⁸
659 4338 670 4360 '
1109 4360 1165 4418 cut
1188 4346 1456 4439 superstitiones
1478 4346 1666 4441 pleraeque
1688 4350 1727 4419 in
1748 4355 1902 4440 mundo,
1934 4356 1991 4424 vel
2014 4377 2098 4427 casu

39 4466 44 4471 ’
84 4418 316 4565 Epigrapha,
345 4464 646 4562 quemadmodum
664 4460 703 4530 lit
719 4458 757 4529 in
773 4456 944 4551 Epistolis
961 4477 1062 4548 prae-
1109 4463 1205 4519 ortae
1226 4462 1327 4535 sunt,
1352 4449 1409 4519 vel
1432 4450 1600 4521 excitatae
1618 4473 1638 4520 a
1659 4451 1824 4538 diabolo,
1850 4469 2026 4528 utveram
2042 4480 2099 4527 re·

21 4590 29 4603 '
83 4568 135 4645 irs
156 4586 228 4653 est,
255 4595 326 4663 quo
351 4592 449 4639 more
469 4566 509 4636 in
528 4563 685 4635 Ecclesia
711 4562 863 4631 maxime
886 4582 978 4651 opus
1000 4570 1063 4641 est,
1108 4551 1278 4641 ligionem
1300 4552 1541 4627 obscurarent.
1720 4628 1723 4633 ¹

82 4689 110 4747 rt
124 4688 222 4746 certo
236 4672 317 4743 sciri
335 4671 456 4764 possit,
470 4667 674 4743 doctrinam
690 4661 865 4733 divinitus
881 4672 1059 4753 acceptam
1211 4649 1277 4723 Est
1296 4666 1415 4723 autem
1436 4647 1524 4723 haec
1545 4675 1682 4723 summa
1697 4652 1938 4751 Epigraphes:
1965 4658 2099 4731 Paulus

10 4814 16 4847 t
80 4798 160 4865 erse,
175 4774 449 4848 concionantem
465 4794 540 4842 non
557 4770 600 4838 de
617 4770 722 4838 rebus
741 4763 961 4855 vulgaribus,
977 4781 1064 4855 quas
1111 4753 1304 4845 Apostolus
1319 4751 1496 4826 Romanis
1513 4768 1613 4848 optat
1627 4760 1776 4845 gratiam
1790 4772 1825 4830 et
1840 4784 1974 4851 pacem.
2027 4759 2098 4833 Sed

10 4852 21 4939 l
77 4880 159 4954 atio
181 4877 339 4961 iudicat,
363 4877 425 4946 scd
452 4878 496 4943 de
517 4872 700 4941 voluntate
727 4866 806 4940 Dei.
871 4862 923 4935 lta
949 4875 1065 4955 patres
1111 4858 1243 4927 inserta
1277 4868 1329 4925 εει
1363 4856 1586 4946 longiuscula
1624 4858 1813 4951 descriptio
1847 4863 1957 4932 oflicii
1983 4860 2101 4946 Pauli,

76 4981 259 5057 utseirent
273 4980 370 5049 unde
385 4974 545 5047 doctriua
568 4970 695 5043 tradita
719 4982 825 5053 esset,
850 4964 1064 5036 nominatim
1113 4960 1196 5029 item
1218 4955 1407 5048 descriptio
1431 4956 1630 5049 Evangelii.
1696 4959 1750 5031 Ac
1777 4964 1971 5034 necessaria
1995 4984 2101 5033 cau„

76 5084 257 5165 dicebant,
283 5078 381 5153 Deus
395 5072 600 5159 Abraham,
626 5072 723 5144 Deus
738 5069 868 5155 lsraiil,
893 5080 934 5138 ut
956 5066 1066 5136 scire·
1113 5073 1181 5145 est,
1208 5083 1272 5130 cur
1287 5059 1395 5129 oflicii
1411 5060 1628 5131 mentionem
1643 5061 1761 5149 faciat,
1786 5079 1827 5136 ut
1841 5062 1999 5134 Ecclesia
2014 5062 2102 5133 sciat

75 5198 130 5261 tur
145 5185 242 5259 illud
259 5183 429 5267 verbnm,
453 5179 537 5249 illos
558 5175 675 5247 cultus
694 5170 960 5266 amplectendos
981 5189 1068 5248 esse,
1114 5162 1297 5234 doctrinae
1320 5158 1423 5234 Pauli
1453 5163 1668 5234 credendum
1697 5187 1792 5248 esse,
1823 5178 1993 5258 tanquam
2024 5165 2105 5237 roci

71 5312 160 5385 quos
180 5284 283 5359 Deus
305 5280 456 5357 tradidit
477 5273 645 5353 Abrahae
667 5289 733 5347 etc.
806 5271 962 5345 Antores
983 5269 1067 5340 inde
1114 5263 1181 5335 Dei
1198 5267 1242 5337 dc
1258 5263 1357 5336 coelo
1371 5265 1524 5339 sonanti.
1568 5260 1619 5335 Ut
1634 5264 1744 5355 igitur
1757 5264 1891 5339 Moises
1908 5268 2104 5360 praefatur:

120 5388 312 5463 ersxrar.
339 5390 444 5459 Orsa.
467 5386 551 5453 Vox.
579 5382 657 5449 XV.
1570 5357 1622 5434 36
