4522 5782
103 148 276 291 'uos
679 262 685 267 .
772 198 1046 286 sumum
1069 200 1611 285 scntrraaxnnnrrca
1981 254 1987 263 .
2045 148 2193 287 ἰιιι

176 389 275 478 signa
309 397 532 456 aeternarum
560 399 785 474 poenarum,
826 402 922 473 qnae
950 395 1163 478 sequuntur,
1217 380 1334 474 potius
1359 379 1522 453 dourina
1544 393 1619 454 tota
1639 380 1686 454 de
1713 378 1936 477 poenitentia
1959 379 2199 476 ἰςιιιιιώ

179 489 250 562 nisi
278 487 339 559 liat
365 485 551 558 conversio
581 485 626 553 ad
649 477 780 557 Deum.
839 482 950 574 Quia:
965 487 1164 578 corporales
1218 496 1254 554 et
1269 486 1462 555 exercenda
1484 497 1549 561 ιιι.

180 614 317 687 ροιιιιι
342 586 587 681 principaliter
609 585 654 654 ad
678 579 748 654 hoc
771 587 960 658 ordinatae
983 600 1086 683 sunt,
1125 600 1166 657 ut
1320 584 1430 676 Quod
1452 599 1569 659 autem
1596 584 1636 654 in
1658 584 1861 681 aliquibus,
1908 584 1976 683 φὶ
2000 583 2113 659 initia
2131 585 2203 659 stet

183 697 256 768 sint
275 689 633 763 commonefactionea
654 688 699 756 de
718 686 858 759 iusticia
872 703 909 760 et
924 691 977 760 ira
990 688 1077 772 Dei,
1101 712 1168 781 po·
1218 689 1443 780 habuerunt,
1480 703 1533 760 est
1556 701 1675 781 postca
1694 689 1783 781 lapsi
1806 712 1883 761 non
1906 691 2092 776 redunt,
2128 689 2203 761 Ηιι

184 813 257 869 stea
280 797 385 867 etiam
408 792 555 865 suntad
578 785 646 860 hoc
669 790 873 878 ordinatae,
900 807 942 865 ut
959 791 1099 886 prosint
1124 790 1168 861 ad
1220 793 1308 879 illa,
1333 792 1539 886 priusquam
1562 791 1755 877 excutitur,
1780 816 1864 864 vara
1888 792 1955 878 ait,
1981 791 2125 865 dictum
2146 789 2206 863 Pe·

184 922 306 992 pacem
330 898 425 967 inter
451 889 625 966 homines.
1222 895 1268 968 tri
1286 896 1484 965 testaturss.
1500 891 1576 969 Pet.
1591 894 1650 967 2:
1684 893 1865 968 lllecelrria
1878 895 2132 991 capiuntens,
2153 894 2205 989 qui

287 998 369 1070 Hoc
383 997 493 1088 igitur
509 994 586 1067 vult
602 992 721 1064 dicere
733 991 882 1067 Paulus:
917 994 1005 1067 lllae
1022 1017 1170 1087 poenae,
1224 1020 1306 1066 vere
1322 995 1538 1086 effugerant,
1554 991 1643 1078 roric
1656 991 1775 1079 ὅντως
1789 990 2080 1098 ἀποφυγόντας.
2115 994 2205 1071 lten:

188 1127 277 1198 quas
291 1102 417 1173 recitat
430 1094 598 1182 historia,
617 1093 764 1168 fuerunt
778 1098 911 1189 figurae
925 1099 1173 1189 significantes,
1224 1096 1316 1171 Cum
1341 1100 1438 1169 enim
1462 1094 1521 1178 ut,
1571 1099 1635 1192 qni
1664 1098 1862 1190 effugerant
1891 1100 2207 1193 contaminationes

189 1209 311 1280 Deum
336 1225 418 1274 vere
440 1198 544 1271 irasci
568 1197 747 1271 similibus
775 1201 925 1292 peccatis
949 1203 988 1271 in
1015 1197 1173 1271 Ecclesia
1226 1200 1354 1270 mundi
1384 1203 1424 1270 in
1456 1199 1639 1291 agnitione
1668 1198 1814 1273 Domini
1845 1214 1883 1275 et
1909 1200 2111 1273 servatoria
2142 1198 2208 1272 lesu

190 1308 357 1382 omnibus
373 1302 614 1395 temporibus,
646 1315 680 1373 et
701 1315 861 1374 aeternas
878 1326 1012 1396 poenas
1034 1318 1175 1374 secutu·
1227 1298 1376 1386 Christi,
1397 1326 1519 1374 rursus
1534 1302 1659 1373 iisdem
1673 1303 1843 1395 implicati
1857 1305 2118 1391 succumbunt,
2131 1302 2207 1375 finnt

121 1472 132 1503 ,
194 1434 255 1484 ras
276 1431 370 1494 esse,
403 1405 474 1477 nisi
497 1405 783 1491 sacramento,
815 1406 904 1477 sicut
927 1406 1177 1476 universaliter
1228 1407 1278 1476 eis
1303 1419 1479 1497 postrema
1504 1405 1680 1475 deteriora
1703 1406 1897 1499 prioribus.

127 1575 133 1583 .
190 1515 294 1585 docet
308 1535 377 1582 vor
391 1507 534 1593 divina,
559 1509 760 1597 corporales
774 1532 905 1601 poenas
922 1532 997 1579 esse
1019 1530 1176 1577 eommo-
1328 1504 1376 1578 Et
1391 1502 1523 1580 Matth.
1542 1509 1601 1582 12.
1631 1504 1809 1579 Dominus
1826 1528 1992 1600 expresse
2011 1506 2125 1593 (licit,
2144 1504 2212 1601 tls-¹

191 1614 410 1686 nelactiones
432 1612 477 1680 de
501 1608 740 1702 poenitentia,
781 1622 822 1681 ut
848 1611 942 1681 iufra
965 1609 1098 1682 Patrius
1119 1610 1178 1678 iu·
1227 1610 1370 1704 pulsum
1401 1611 1508 1681 luisse
1535 1609 1768 1682 immundum
1792 1610 1980 1704 spiritum,
2016 1623 2056 1683 ιι
2078 1613 2208 1681 domum

192 1717 289 1813 quit:
315 1712 407 1788 Cum
423 1713 645 1798 iudicamur,
668 1712 860 1784 aDomino
876 1713 1108 1804 corripimur,
1133 1734 1179 1780 ne
1230 1726 1413 1806 purgatam
1439 1726 1474 1783 et
1495 1725 1669 1783 ornatam.
1731 1710 1829 1785 Haec
1852 1714 1899 1784 de
1918 1734 2008 1785 vere
2037 1712 2208 1786 instituta

192 1842 273 1890 rum
296 1814 365 1889 hoc
383 1815 521 1886 mundo
537 1815 762 1887 damnemur.
815 1815 921 1887 item:
949 1814 1097 1888 Vexatio
1119 1815 1180 1884 dat
1230 1815 1321 1899 dici,
1345 1837 1420 1884 non
1440 1814 1591 1886 dubium
1615 1828 1678 1886 est.
1730 1810 1779 1886 Et
1790 1812 1882 1887 Saul
1904 1838 1991 1886 vere
2009 1814 2129 1889 iustus
2143 1813 2210 1898 fuit,

192 1921 427 1993 intellectum.
1232 1916 1316 2011 quia
1328 1911 1450 2008 {textus
1465 1915 1568 1987 dicit:
1593 1915 1751 2015 Spiritus
1767 1913 1915 1988 Domini
1929 1917 2083 1992 ιιιιιιίι
2095 1940 2117 1987 a
2127 1913 2210 1989 Saul.

1232 2017 1306 2090 Nec
1323 2019 1409 2089 tales
1424 2020 1628 2090 dicerentur
1643 2019 1752 2110 lapsi,
1777 2019 1809 2091 si
1825 2042 2017 2114 nunqnam
2034 2018 2123 2093 iusti
2136 2016 2210 2089 iuis·

1232 2135 1321 2240 seut.
1373 2118 1451 2201 Hac
1473 2121 1575 2191 brevi
1598 2121 1842 2194 admonitione
1867 2116 2048 2195 hocloco
2070 2116 2210 2195 maenti

295 2322 508 2397 Admonitio
528 2320 629 2393 utilis
654 2333 725 2406 ιιι,
766 2320 897 2417 inqua
928 2321 1083 2414 primum
1114 2316 1183 2393 boc
1232 2246 1355 2333 mm·
1416 2388 1426 2416 ,
1527 2398 1544 2416 „
2099 2386 2110 2415 ,

194 2428 493 2502 considerandum
510 2436 561 2494 est
576 2437 719 2494 renatos
734 2445 838 2516 posse
854 2424 947 2506 labi,
972 2436 1005 2493 ιι
1021 2424 1182 2496 amittere
1233 2397 1451 2488 ffl‘llwlwi
1463 2390 1563 2489 ὑμᾶς
1577 2390 1648 2467 ⁰¹3²
1662 2394 1737 2490 ‘7²⁷1
1768 2420 1829 2484 ενι
1855 2394 1888 2469 ‘i
1899 2388 1955 2491 pa}
1965 2390 2207 2491 Momm·

196 2531 346 2623 gratiam
369 2541 405 2599 ιι
425 2525 602 2620 Spiritum
626 2537 808 2608 sanctum,
854 2540 895 2599 ut
916 2526 1100 2596 manifeste
1122 2527 1181 2595 in·
1259 2492 1437 2568 Timaui
1452 2519 1516 2568 ⁹⁰⁸
1533 2518 1607 2567 '⁸⁰¹⁸
1622 2519 1719 2595 ‘'W''
1763 2493 1884 2587 indiis
1908 2496 1992 2571 '⁸⁸3⁸'
2008 2490 2188 2569 'mmm

197 2635 277 2728 quit
291 2627 455 2703 Christus
477 2628 517 2698 in
542 2627 712 2721 parabola
733 2622 868 2701 Matth.
886 2628 946 2704 12.
995 2625 1044 2700 Et
1067 2653 1184 2700 exem·
1338 2628 1535 2704 Antithesis
1559 2634 1733 2725 cogitetur
1753 2634 1964 2709 tentationis
1987 2628 2213 2709 humanae-a

195 2739 256 2828 pla
277 2733 463 2806 manifesta
487 2745 592 2813 sunt,
628 2726 766 2816 Adam,
795 2726 939 2817 Aaron,
973 2728 1080 2817 Saul,
1110 2728 1185 2804 Da·
1235 2734 1443 2807 diabolicae.
1496 2733 1551 2807 Ac
1590 2738 1729 2826 mitigat
1765 2735 1898 2811 Paulus
1936 2736 2213 2829 obturgartanm

196 2840 279 2924 vid,
306 2851 341 2907 et
353 2833 463 2930 aliqui
481 2832 710 2924 resipiscunt,
735 2847 776 2905 ut
788 2831 927 2918 stan,
941 2832 1084 2920 Aaron,
1108 2835 1186 2906 Da·
1236 2831 1529 2923 Corinthiorum,
1550 2853 1591 2911 ut
1603 2862 1665 2909 eos
1677 2840 1898 2933 consoletur,
1922 2840 2214 2931 neiraetideape·

196 2941 280 3021 vid,
315 2938 428 3033 aliqui
449 2935 527 3007 sine
551 2935 772 3028 poenitentia
794 2951 1021 3029 perseverant
1045 2936 1085 3005 in
1111 2935 1186 3007 suia
1238 2942 1376 3012 ratione
1400 2962 1545 3032 prorsus
1568 2964 1589 3011 a
1609 2937 1687 3011 Deo
1711 2941 1888 3016 deficiant.

196 3042 398 3123 furoribus,
423 3052 459 3110 et
475 3051 586 3109 ruunt
601 3038 641 3106 in
659 3051 842 3107 aeternum
858 3038 1018 3110 exitium.
1339 3042 1555 3135 Quanquam
1571 3059 1688 3115 autam
1705 3057 1780 3115 erat
1793 3058 1894 3116 atrox
1907 3057 2120 3138 peceatum,
2137 3039 2216 3137 qnod

300 3142 587 3214 Tumultuantur
601 3153 719 3210 autem
735 3141 780 3210 de
797 3137 863 3212 bae
873 3141 1078 3237 quaestione
1087 3139 1185 3212 Ana·
1241 3169 1345 3235 supra
1365 3146 1524 3216 recitavit
1542 3146 1587 3216 de
1599 3145 1753 3230 incesto,
1778 3147 1841 3240 qui
1857 3168 1941 3218 eum
1965 3168 2125 3219 noverca
2146 3167 2215 3215 cun·

196 2084 300 2163 Ώστε
314 2082 334 2162 ὅ
349 2081 475 2163 δοκῶν
494 2076 660 2171 ἑστάναι,
684 2079 851 2178 βλεπέτω
865 2079 918 2180 μὴ
933 2080 1037 2179 πέσῃ.
1089 2079 1182 2155 Ideo

283 2189 350 2291 qui
362 2212 399 2263 se
415 2186 607 2261 existimat
622 2195 743 2273 stare,
769 2181 890 2258 videat
905 2211 949 2258 nc
965 2182 1091 2262 cador.

68 3283 76 3295 ·
197 3247 370 3340 baptistae
394 3243 517 3314 multis
545 3241 673 3315 modis.
737 3240 862 3336 Aliqui
895 3256 1025 3332 negant
1056 3244 1187 3313 electos
1238 3248 1461 3318 suetudinem
1486 3240 1630 3334 habuit,
1672 3248 1790 3318 etalii
1816 3248 1885 3319 alia
1911 3245 2215 3338 peccata³admise

197 3350 270 3418 labi
297 3370 416 3440 posse,
442 3345 554 3440 aliqui
576 3357 707 3434 negant
726 3366 786 3415 eos
803 3345 985 3416 effundere
1009 3342 1186 3436 Spiritum
1240 3364 1340 3436 rant,
1366 3348 1550 3420 certabant
1569 3350 1805 3421 aemulatione
1821 3363 1856 3422 et
1874 3350 1988 3421 odiis:
2016 3364 2138 3423 tamen
2153 3346 2214 3419 rull

198 3464 381 3534 sanctum,
404 3447 541 3518 etiamsi
564 3446 749 3533 labantur,
774 3448 886 3542 aliqui
901 3447 1026 3517 dicunt
1044 3445 1187 3518 Saulem
1239 3448 1327 3523 haec
1351 3463 1490 3542 peccata
1504 3452 1657 3522 discerni
1676 3475 1696 3521 a
1712 3447 1966 3550 blasphemiis,
1990 3452 2089 3524 sieut
2106 3446 2216 3522 tahan·

199 3567 234 3623 et
262 3551 354 3623 alios
378 3573 453 3621 non
483 3548 634 3635 electos,
669 3573 875 3645 quanquam
906 3545 1037 3620 habere
1069 3573 1188 3621 veram
1241 3578 1304 3625 nes
1327 3553 1496 3624 discernit
1526 3568 1666 3646 peccata
1695 3555 1739 3625 ad
1765 3566 1916 3626 mortem
1940 3555 2140 3648 spectatis
2159 3572 2216 3624 nnn

197 3656 317 3728 fidem.
1241 3660 1284 3728 ad
1315 3670 1475 3726 mortem.

302 3754 374 3829 Sed
396 3750 454 3826 laia
474 3753 643 3827 omuibus
661 3775 886 3849 opponamus
908 3750 978 3825 hoc
1001 3776 1190 3825 commuue
1344 3758 1514 3827 Tentatio
1537 3757 1714 3828 diabolica
1738 3772 1810 3845 est,
1852 3756 2003 3853 qnando
2026 3754 2218 3831 Satanmir

199 3859 335 3930 (lictum
360 3856 481 3929 Pauli:
518 3854 592 3946 Qui
613 3872 702 3945 stat,
740 3859 858 3928 videat
877 3859 1052 3931 necadat.
1104 3853 1190 3926 Ele·
1242 3860 1786 3950 coringrcditur,vcl,sicutin
1805 3854 2218 3955 Lucadicitur,qnando

200 3978 276 4035 etot
299 3981 402 4054 posse
424 3959 500 4030 labi
524 3974 559 4029 ct
579 3962 741 4032 amittere
757 3960 923 4050 {gratiam
947 3973 982 4029 et
1013 3958 1190 4051 Spiritum
1243 3963 1391 4035 Satanas
1414 3963 1507 4055 rapit
1521 3961 1680 4033 Verbum
1706 3960 1774 4034 Dei
1795 3987 1838 4034 er
1858 3963 1967 4034 corde
1989 3956 2171 4047 hominis,
2188 3968 2218 4049 ιι

200 4076 380 4149 sanctum,
420 4075 596 4134 testantur
620 4062 821 4134 tristissima
849 4062 1007 4151 exempla
1034 4060 1135 4130 Adae
1156 4073 1191 4131 et
1242 4063 1439 4156 Epicureus
1468 4076 1666 4135 contemtus
1688 4061 1774 4151 Dei,
1814 4064 1924 4138 utin
1951 4059 2140 4151 Rabsace,
2172 4071 2218 4132 aul

199 4164 371 4250 Aaronis,
398 4162 442 4234 de
461 4187 532 4257 quo
553 4164 805 4236 diciturDeut.
824 4161 859 4233 9.
882 4165 1012 4255 rapite:
1049 4160 1191 4232 Adver-
1243 4167 1366 4237 odium
1393 4180 1425 4237 et
1450 4166 1502 4237 ira
1526 4169 1694 4237 adversus
1716 4162 1852 4253 Deum,
1882 4165 1989 4238 utin
2017 4164 2147 4248 Saule,
2171 4183 2219 4234 ιιι

201 4290 262 4339 sus
293 4267 416 4337 Aaron
439 4266 543 4336 valde
570 4266 680 4338 iratus
703 4280 755 4338 cst
779 4266 977 4351 Dominus,
1012 4278 1047 4335 et
1076 4265 1191 4335 voluit
1243 4269 1462 4360 oppugnatio
1496 4269 1677 4351 veritatis,
1723 4292 1786 4341 seu
1821 4267 1965 4340 rabiosa
1999 4263 2221 4363 propugnali·

200 4383 382 4442 conterere
399 4391 493 4440 enm.
544 4365 590 4441 Ει
605 4383 689 4441 sunt
703 4370 806 4439 valde
826 4368 931 4439 multi
952 4369 1192 4465 plurimorum
1244 4373 1347 4461 impii
1374 4371 1561 4460 dogmatis.
1614 4367 1721 4441 Tales
1741 4373 1887 4442 fuerunt
1901 4370 2126 4442 tentationes
2139 4366 2222 4447 Cain,

109 4517 116 4535 .
202 4484 406 4563 sanctorum
433 4469 551 4541 tristes
584 4485 619 4543 et
641 4472 778 4543 'atroces
800 4471 938 4563 lapsus,
969 4485 1009 4541 ut
1032 4466 1193 4553 Davidis,
1245 4475 1350 4554 Saul,
1387 4471 1516 4557 ludae,
1548 4472 1792 4559 samosateni,
1834 4472 1939 4557 Arii,
1960 4488 2023 4559 ‚et
2054 4473 2224 4549 similium.

202 4572 425 4659 Salomonis,
462 4569 561 4645 Petri
585 4588 620 4646 et
639 4573 813 4659 aliorum,
849 4596 891 4643 ex
922 4573 1052 4667 quibus
1074 4585 1194 4642 tamen
1246 4598 1410 4647 accensae
1440 4575 1585 4646 diabolo
1613 4575 1820 4667 impellente
1844 4589 2005 4662 mentes,
2044 4589 2083 4648 ιι
2113 4572 2224 4645 couir-

201 4676 356 4748 revocati
371 4697 433 4768 per
448 4674 703 4766 poenitentiam
719 4675 1195 4770 lideeriguntur,etrursus
1245 4692 1367 4749 manta
1392 4679 1578 4763 tenebras,
1618 4689 1653 4747 et
1679 4678 1771 4748 sicut
1793 4679 1838 4747 de
1863 4675 1953 4749 luda
1977 4678 2155 4773 scriptum
2176 4685 2251 4771 stlsj

51 4804 68 4829 ι
200 4782 384 4851 donantur
402 4778 513 4867 gratia
537 4792 573 4850 ιι
591 4777 730 4872 Spiritu
743 4791 887 4871 sancto,
912 4791 946 4849 et
962 4778 1053 4848 liunt
1068 4770 1193 4848 haere·
1250 4779 1405 4852 Diabolo
1430 4782 1587 4870 ingresso
1609 4779 1648 4848 in
1667 4782 1775 4850 corda
1799 4802 1937 4855 eorum.

201 4886 263 4954 des
286 4880 378 4951 vilae
398 4893 573 4951 aeternae.
1348 4879 1429 4953 Etsi
1452 4895 1567 4953 autem
1592 4876 1661 4951 lroc
1677 4883 1802 4972 ingens
1819 4882 1958 4953 malum
1981 4898 2228 4972 nou-compte·

302 4981 349 5054 Et
372 4977 537 5054 Christus
563 4982 676 5055 sciens
701 4982 881 5075 ingentem
913 4981 1192 5054 imbecillitatem
1247 4981 1357 5056 hendi
1391 4997 1504 5077 potest
1532 4983 1667 5053 iudicio
1697 4984 1875 5071 rationis,
1931 4984 2075 5077 quanta
2103 4976 2226 5056 niens

202 5084 416 5174 bominum,
464 5085 564 5158 iubet
603 5088 783 5159 remittere
823 5087 1021 5179 septuagies
1054 5084 1198 5177 septies,
1247 5076 1312 5173 sit',
1337 5086 1517 5158 dominari
1533 5085 1714 5156 diabolum
1732 5088 1771 5155 in
1789 5088 1898 5158 corda
1913 5080 2100 5158 hominis:
2128 5100 2227 5168 tamen

201 5183 335 5261 Matth.
359 5186 418 5256 18.
512 5198 515 5203 “
1247 5214 1328 5259 eum
1356 5191 1541 5259 manifesta
1568 5188 1641 5258 sint
1666 5189 1759 5260 dicta
1792 5188 1832 5259 in
1859 5188 2136 5262 narrationibus
2159 5205 2227 5278 pm·

306 5287 432 5382 ltaque
449 5289 663 5383 explodendi
687 5304 772 5362 sunt
790 5312 929 5362 errores
943 5284 1193 5368 catharorum,
1247 5288 1397 5384 pheticis
1423 5304 1457 5361 ιι
1483 5291 1707 5381 apostolicis,
1733 5303 1970 5382 expavescant
1981 5315 2111 5364 omnes
2128 5283 2226 5362 boui·

205 5399 239 5459 et
263 5412 339 5459 non
360 5403 445 5461 sunt
475 5392 691 5491 extenuandi
724 5407 929 5466 sanctorum
957 5393 1094 5484 lapsus,
1133 5390 1195 5461 sed
1247 5418 1328 5480 nes,
1355 5394 1569 5484 rogitatione
1592 5396 1685 5465 tanti
1710 5393 1816 5482 mali,
1845 5405 1884 5467 ιι
1910 5406 2060 5486 petant,
2092 5406 2133 5465 ut
2148 5386 2225 5460 illut
