4522 5782
103 176 205 259 ιω,
699 156 971 237 ensurius,
1006 156 1543 240 santernarnennca.
1853 198 1870 225 .-
1929 170 1944 213 ι
2039 164 2134 241 sem

104 350 289 446 Aegypto,
323 354 357 414 et
379 339 487 413 sciret
511 338 583 409 iam
609 359 647 409 se
672 336 712 407 iu
734 349 867 409 terram
888 335 1099 429 promissam
1149 336 1327 429 capet„
1351 336 1418 409 ubi
1437 337 1478 410 lit
1495 336 1632 411 mentio
1645 350 1869 431 serpentum,
1893 350 1933 412 et
1946 332 2068 411 Exodi
2080 336 2134 416 17.

105 452 274 528 Patribus
306 446 412 529 duci,
458 440 522 514 nbi
551 439 800 532 pulcerrimum
823 440 985 534 politiam
1018 453 1099 511 tan·
1149 456 1235 511 usus
1264 451 1319 510 est
1349 435 1496 537 Moyses
1528 435 1585 514 his
1615 442 1749 514 verbis:
1790 440 1868 519 Cur
1896 443 2045 515 tentatis
2064 438 2135 515 llo·

109 579 216 652 quam
248 551 366 620 sedem
390 542 571 616 Ecclesiae
603 556 733 615 certam
762 538 861 613 Dens
890 540 1101 613 conditurus
1149 540 1313 613 minum?
2174 592 2178 609 .

108 670 202 731 erat:
235 675 332 723 nune
355 672 420 721 nec
436 645 553 719 Deum
575 669 641 716 nee
664 644 836 717 miracula
855 645 1100 724 recordantur,
1251 640 1330 714 Etsi
1360 656 1479 716 autem
1503 637 1574 714 hoc
1596 658 1801 736 peccatum,
1841 660 1990 719 tentare
2011 644 2131 735 Deam,
2176 644 2178 657 '

50 774 53 779 '
109 763 172 833 sed
188 755 306 841 taedio
321 752 488 823 itinerum
505 749 608 820 fracti
626 748 827 819 irascuntur
845 744 977 841 Moysi,
990 768 1101 840 quae-
1151 747 1256 816 valde
1282 759 1383 816 atrox
1413 757 1483 831 est,
1525 759 1562 817 et
1586 770 1688 839 saepe
1712 750 1862 835 accidit,
1904 764 2030 822 tamen
2057 750 2133 843 quia
2176 742 2178 747 ’

110 874 244 935 runtur
264 879 302 927 se
323 851 482 926 humano
506 850 675 937 consilio,
718 864 753 922 et
775 850 888 942 ipsius
913 848 1101 943 tyrannide
1151 847 1337 920 obscurius
1360 860 1433 929 est,
1464 847 1740 921 declarationem
1763 854 1940 923 addemus
1962 876 2007 922 cx
2033 852 2134 922 eohr-
2175 852 2178 865 '

112 989 156 1038 ex
179 960 341 1055 Aegypto
365 957 511 1027 eductos
532 977 620 1024 esse.
671 951 765 1025 Sunt
787 965 822 1023 et
843 951 1104 1035 inobedientes,
1153 952 1251 1022 tione
1273 945 1342 1021 hoc
1364 951 1483 1022 modo.

113 1081 155 1139 ut
170 1062 326 1136 ostendit
345 1056 586 1150 impatientia,
612 1054 696 1149 quia
711 1055 925 1126 mediocrem
943 1055 1102 1123 laborem
1254 1049 1436 1123 Differunt
1475 1051 1717 1126 Murmuratio
1759 1069 1795 1127 et
1834 1069 1980 1127 tentare
2018 1053 2135 1127 Deum

115 1169 286 1243 itinerum
309 1174 474 1233 recusant
493 1159 597 1232 serre.
646 1153 810 1252 Cumque
833 1155 1020 1226 mediocris
1042 1180 1104 1225 co-
1155 1152 1396 1226 Murmnratio
1428 1155 1524 1225 enim
1561 1170 1612 1227 est
1644 1158 1911 1249 impatientiae,
1968 1173 2136 1253 quaeest

81 1328 89 1345 .
115 1273 176 1367 pia
201 1269 246 1339 sit
268 1264 402 1350 victus,
429 1286 494 1332 nec
509 1262 673 1332 laborent
687 1260 798 1346 same,
823 1262 993 1330 fruuntur
1008 1259 1104 1328 enim
1155 1258 1399 1328 inobedientia
1416 1256 1570 1328 irascens
1582 1257 1659 1328 Deo
1682 1261 1720 1328 in
1735 1262 1919 1331 aerumnis
1934 1275 2000 1331 aut
2014 1259 2136 1351 poenis

117 1372 277 1456 Manna,
301 1390 377 1436 non
392 1363 551 1437 contenti
565 1375 649 1433 sunt
664 1356 732 1432 hoc
747 1358 918 1434 donoDei
928 1415 939 1455 ‚
966 1362 1026 1431 sed
1043 1384 1106 1453 ap·
1155 1359 1259 1431 lianc
1275 1358 1554 1432 inobedientiam
1572 1362 1806 1451 intelligimur
1828 1379 2035 1456 utcunque,
2063 1363 2136 1457 quis

114 1485 242 1571 petunt
263 1469 420 1540 delicias.
1002 1458 1005 1463 ⁴
1157 1486 1260 1554 saepe
1283 1476 1317 1533 et
1338 1461 1376 1530 in
1390 1463 1521 1533 sanctis
1544 1464 1699 1535 existunt
1715 1465 1801 1535 tales
1817 1466 1990 1537 fremitus
2003 1464 2137 1537 etindi·

219 1571 323 1643 Hanc
343 1567 674 1661 intemperantiam,
701 1590 781 1637 cum
807 1564 1012 1659 quidemst
1036 1560 1106 1632 alia
1157 1565 1361 1657 gnationes,
1386 1577 1425 1635 ut
1440 1565 1479 1634 in
1494 1563 1580 1651 lob,
1613 1563 1760 1637 leremia
1774 1582 1808 1638 et
1822 1568 1917 1643 aliis.

119 1689 260 1772 peecata
275 1674 466 1757 accedunt,
490 1670 596 1763 punit
609 1667 717 1743 Deus.
756 1662 806 1738 Et
820 1665 950 1738 similia
967 1677 1108 1757 peecata
1261 1666 1331 1738 Sed
1347 1679 1483 1738 tentare
1499 1664 1616 1738 Deum
1632 1669 1732 1739 addit
1748 1669 1846 1741 aliud
1870 1683 2140 1763 peecatnmma·

119 1779 272 1851 subinde
285 1778 327 1845 in
342 1773 499 1845 Ecclesia
518 1774 710 1856 accedunt,
730 1784 771 1842 ut
793 1792 908 1850 nune,
935 1768 1018 1863 quia
1035 1766 1108 1836 dii·
1159 1770 1227 1841 ius.
1279 1768 1359 1839 Non
1376 1783 1579 1842 tantumest
1597 1770 1699 1841 irasci
1722 1769 1818 1857 Deo,
1842 1774 1907 1843 sed
1924 1770 2140 1845 etiaminsn·

119 1883 291 1953 bcultates
316 1878 356 1947 in
380 1901 419 1947 re
443 1874 631 1959 familiari,
672 1886 709 1945 et
729 1884 915 1965 potentum
939 1871 1108 1941 adversus
1158 1896 1224 1968 per
1251 1873 1381 1942 addere
1414 1871 1469 1942 vel
1500 1872 1743 1971 negationem,
1782 1874 1840 1943 vel
1870 1872 2141 1959 correctionem,

120 2008 189 2055 nos
211 1982 293 2052 odia
316 1993 351 2051 et
371 1989 590 2050 contemtum
612 1977 815 2069 experimur
844 1986 990 2067 propter
1024 1996 1108 2063 pro·
1159 1973 1289 2045 fiducia
1315 1974 1478 2066 propriae
1493 1975 1703 2066 sapientiae,
1736 1989 1776 2047 ut
1797 1976 1836 2045 in
1861 1973 1997 2047 Exodo
2017 1978 2141 2047 addunt

120 2087 308 2157 lessionem
326 2077 531 2170 Evangelii,
561 2080 665 2152 multi
690 2090 864 2169 appetunt
886 2098 994 2146 suave
1017 2075 1109 2144 illud
1161 2075 1403 2166 negationem:
1436 2074 1547 2145 Estne
1563 2074 1738 2147 Dominus
1756 2078 1849 2149 iuter
1866 2102 1959 2163 nos,
1993 2101 2040 2150 an
2056 2078 2141 2149 noni

120 2190 236 2261 otium
269 2201 305 2256 et
337 2184 581 2276 splendorem,
628 2205 734 2276 quem
783 2174 989 2250 habuerunt
1026 2190 1109 2247 ante
1161 2178 1236 2252 Ubi
1263 2177 1511 2250 contradicunt
1534 2179 1728 2250 manifestis
1753 2180 1942 2257 miraculis
1966 2180 2068 2273 quasi
2090 2185 2141 2251 de-

122 2288 407 2361 emendationem
431 2283 628 2357 doctrinae.
678 2280 755 2352 lmo
778 2281 892 2375 aliqui
912 2281 1112 2352 abutuntur
1161 2280 1254 2374 cepti
1269 2280 1362 2365 sint,
1387 2294 1424 2353 et
1437 2292 1509 2351 tota
1526 2275 1612 2351 haec
1625 2282 1786 2370 eductio,
1809 2283 1915 2375 plena
1932 2283 2142 2355 mirabilium

122 2388 320 2482 Evangelio
333 2389 378 2458 ad
399 2388 599 2476 augendam
615 2383 924 2476 intemperantiam
943 2395 978 2453 et
994 2380 1111 2452 avari·
1162 2382 1449 2455 testimoniorum
1465 2376 1560 2468 Dei,
1588 2384 1694 2454 luerit
1708 2385 1918 2474 impostura.

126 2495 238 2574 ciam,
270 2493 372 2563 etad
395 2487 667 2560 ostentationem
695 2500 730 2558 et
758 2485 959 2585 splendoris
983 2482 1113 2574 ampli·
1266 2483 1308 2555 ln
1329 2481 1496 2555 Numeris
1515 2486 1628 2576 capite
1653 2484 2139 2562 sensumsensurn

125 2595 336 2667 ficationem.
389 2589 536 2662 Secutae
552 2603 636 2661 sunt
657 2589 766 2680 igitur
789 2611 941 2680 poenae,
967 2587 1062 2657 bella
1079 2598 1113 2655 et
1163 2584 1379 2658 horrendam
1407 2610 1448 2656 ex
1472 2610 1534 2658 sua
1557 2587 1750 2679 sapientia,
1777 2588 1907 2662 volunt
1930 2614 2070 2662 novum
2084 2592 2140 2661 du-

18 2683 22 2693 *
124 2698 216 2771 aliae
238 2694 468 2769 calamitates.
1163 2714 1238 2759 cem
1262 2688 1412 2779 eligere,
1461 2713 1584 2784 aquo
1616 2690 1833 2763 reducantur
1864 2691 1905 2762 in
1936 2690 2139 2788 Aegyptum,

226 2796 392 2871 Secundo
411 2795 620 2866 nominatur
635 2792 797 2865 adoratio
816 2788 1014 2866 idolorum.
1064 2784 1115 2860 Et
1164 2790 1290 2861 Postea
1306 2802 1488 2886 utcunque
1504 2793 1670 2884 repressi,
1696 2793 1825 2865 volunt
1837 2817 1991 2886 pergere
2007 2810 2043 2869 et
2055 2818 2140 2888 prae-

126 2902 494 2983 verhasumunturex
511 2894 636 2992 Moyse
660 2896 856 2987 capitana.
884 2893 1023 2983 Exodi,
1049 2892 1114 2961 ubi
1165 2892 1245 2964 liari
1267 2917 1347 2963 cum
1370 2887 1553 2980 hostibus,
1578 2919 1659 2965 cum
1676 2894 1822 2989 quidem
1844 2908 1935 2967 tnnc
1955 2898 2140 2989 Denspro·

126 3004 282 3098 populus
303 3005 438 3074 otiosus
456 3013 491 3070 et
504 3022 647 3072 securus
662 2999 760 3070 iubet
774 2996 941 3068 fabricari
958 2995 1111 3066 idolum.
1164 2990 1313 3066 hiberet.
1366 2992 1417 3065 lta
1432 3020 1535 3089 saepe
1551 2991 1705 3067 humana
1722 2997 1898 3089 sapientia
1913 3016 2051 3089 peccat,
2064 3024 2140 3094 quac

126 3106 199 3178 Nec
216 3105 366 3178 dubium
385 3117 437 3174 est
455 3102 628 3194 populum
651 3099 759 3174 lsrael
777 3099 978 3170 imitatione
997 3093 1113 3191 Aegy·
1164 3098 1265 3169 iubet
1293 3090 1425 3183 Dens,
1463 3122 1538 3169 non
1562 3100 1639 3169 vult
1667 3099 1800 3184 iacere,
1840 3114 1876 3170 ct
1900 3103 2043 3194 quaerit
2069 3102 2141 3183 alia,

132 3210 289 3302 ptiorum
306 3207 494 3276 fabricasse
510 3204 684 3284 vitulum,
710 3202 792 3297 quia
811 3199 977 3296 Aegyptii
994 3199 1114 3270 colue-
1165 3224 1256 3293 quae
1286 3193 1464 3291 prohihet.
1538 3196 1656 3271 Aehas
1687 3225 1765 3272 non
1794 3201 1873 3272 vult
1912 3228 2043 3295 parere
2076 3204 2141 3274 voci

127 3323 215 3383 runt
238 3305 339 3406 Apin
370 3309 484 3399 specie
513 3307 627 3391 tauri,
672 3318 817 3396 propter
848 3304 1114 3393 agriculturam.
1163 3298 1310 3391 Esaiae,
1335 3299 1374 3370 in
1397 3327 1466 3395 qua
1489 3299 1585 3373 Deus
1607 3303 1784 3394 promittit
1798 3305 1830 3374 ei
1845 3306 2037 3377 auxilium.
2084 3304 2143 3377 Po·

128 3412 176 3484 Et
203 3435 305 3503 saepe
334 3407 497 3479 homines
529 3410 573 3477 ad
602 3408 730 3478 usitata
762 3406 857 3478 idola
890 3399 1112 3475 relabuntur.
1167 3418 1240 3501 stea
1265 3404 1404 3497 quaerit
1420 3404 1613 3497 impiorum
1638 3428 1760 3496 regum
1778 3408 1932 3491 auxilia,
1959 3422 2142 3501 quaesunt

128 3512 323 3604 Praecipue
347 3536 431 3582 vero
455 3507 514 3580 hic
535 3509 798 3595 consideretur,
823 3521 955 3602 quanta
979 3507 1025 3576 sit
1049 3500 1116 3574 ho·
1165 3506 1234 3598 ipsi
1259 3521 1294 3577 et
1316 3529 1425 3595 regno
1448 3507 1659 3599 perniciosa.
1709 3504 1833 3579 Esaias
1849 3510 1957 3581 dicit:
1995 3510 2036 3582 ln
2051 3510 2144 3581 silen-

131 3616 271 3686 minum
287 3614 449 3693 miseria,
477 3613 573 3706 quod
595 3626 673 3703 post
693 3625 790 3684 tanta
808 3610 978 3680 miracula
1002 3630 1116 3699 popu·
1167 3610 1217 3679 tio
1234 3614 1341 3701 etjspe
1356 3608 1529 3679 tortitudo
1544 3623 1671 3684 vestra.
1717 3609 1786 3680 Sed
1804 3612 1909 3682 multi
1927 3632 2076 3705 propter
2089 3614 2144 3682 im·

130 3719 187 3788 lus
211 3731 331 3788 tamen
354 3716 479 3808 recipit
502 3715 591 3785 idoli
617 3716 771 3795 cultum,
815 3736 921 3807 quem
946 3711 1116 3781 sciebata
1167 3710 1372 3801 patientiam
1396 3724 1430 3781 et
1453 3711 1688 3782 diffidentiam
1715 3728 1894 3805 qtraerunt
1915 3719 2078 3787 remedia
2097 3716 2145 3785 in·

130 3819 209 3891 Deo
225 3821 431 3890 damnatum
449 3840 544 3904 esse,
569 3831 604 3888 et
618 3819 713 3910 quod
733 3813 857 3885 Aaron
877 3814 1079 3885 assentitur.
1167 3814 1271 3886 iusta.
1325 3810 1432 3883 Tales
1445 3813 1682 3885 correctiones
1697 3828 1781 3885 sunt
1797 3829 1936 3887 tentare
1953 3817 2082 3893 Deum.
2180 3876 2182 3901 ,

232 3918 384 3992 Causam
401 3944 484 3990 vero
502 3932 641 3988 narrat:
668 3918 769 3991 Sedit
788 3919 942 4009 populus
964 3915 1118 3985 mandu·
1272 3912 1370 3984 Haec
1398 3915 1644 4007 interpretatio
1668 3918 1831 4006 congruit
1855 3943 1939 3989 cum
1972 3918 2146 3999 sententis.
2180 3904 2182 3965 l

133 4046 213 4094 care
241 4036 275 4093 et
300 4024 444 4106 bibere,
484 4030 518 4092 'et
540 4022 693 4093 surrexit
718 4021 851 4091 ludere.
904 4016 945 4087 ld
973 4030 1044 4102 est,
1079 4017 1118 4084 in
1168 4010 1299 4094 Matth.
1323 4013 1388 4102 4.,
1425 4018 1490 4087 nbi
1517 4041 1599 4089 cum
1628 4018 1793 4089 diabolus
1822 4034 1911 4101 esset
1934 4046 2081 4106 suasor,
2114 4032 2147 4091 nt

131 4126 218 4195 luxu
235 4138 269 4195 et
288 4125 327 4193 in
345 4125 419 4194 otio
437 4121 601 4194 homiues
619 4124 784 4213 frigidius
809 4123 976 4190 invocant
990 4120 1118 4199 Deum,
1169 4114 1333 4192 Christus
1355 4118 1494 4189 omissis
1516 4119 1685 4210 gradibus
1707 4121 1873 4194 deiiceret
1895 4126 2003 4197 sede
2023 4123 2147 4216 sastig‘n

9 4224 14 4233 “
133 4239 170 4295 et
192 4227 325 4296 maiore
350 4226 496 4296 audacia
523 4226 662 4315 fingunt
686 4224 874 4316 opiniones
896 4224 940 4293 de
961 4222 1054 4305 Deo,
1079 4232 1120 4290 ut
1170 4222 1292 4314 templi
1313 4245 1375 4313 per
1396 4222 1536 4314 aiirem,
1562 4223 1744 4314 respondit
1757 4218 1944 4299 Christus:
1983 4228 2183 4301 Nonten··

1 4340 4 4347 '
134 4350 236 4420 saepe
262 4328 390 4398 accidit
413 4329 450 4396 in
475 4324 647 4402 Ecclesia.
707 4326 975 4408 samosatenus,
1012 4321 1121 4392 Arius
1171 4325 1263 4395 tabis
1295 4322 1493 4397 Dominum
1525 4323 1641 4394 Deum
1676 4339 1792 4401 tuum.
1843 4324 2082 4420 Perspicuum
2107 4340 2151 4399 est

134 4444 169 4501 et
198 4429 351 4514 similes,
392 4455 472 4500 cum
500 4430 539 4499 in
566 4453 694 4518 magna
724 4428 909 4498 securitate
943 4426 1121 4508 viverent,
1171 4426 1267 4496 enim
1298 4420 1368 4497 hoc
1399 4427 1491 4496 velle
1512 4421 1715 4497 Christum:
1755 4453 1829 4497 non
1861 4445 1951 4502 sunt
1984 4433 2151 4505 faciendae

136 4553 248 4600 novas
268 4532 456 4624 opiniones
477 4532 680 4629 petulanter
705 4530 963 4619 excogitarunt:
1002 4540 1037 4596 et
1065 4521 1123 4595 his
1172 4529 1408 4599 correctiones
1421 4528 1656 4599 ordinationis
1672 4529 1815 4601 divinae
1829 4525 1994 4607 humana
2015 4535 2153 4608 curiosi-

135 4633 308 4726 proximis
335 4634 441 4702 annis
463 4635 566 4704 multi
592 4633 732 4704 furores
753 4632 966 4722 opinionum
999 4629 1124 4699 extite-
1172 4644 1261 4710 tate,
1287 4631 1347 4701 sed
1364 4624 1472 4699 homo
1489 4630 1602 4700 sciens
1617 4633 1825 4703 mandatum
1840 4646 1877 4704 et
1896 4639 2151 4709 ordinationem

136 4749 233 4807 runt.
285 4732 333 4805 Et
351 4735 403 4803 illi
422 4736 510 4826 ipsi,
536 4734 598 4828 qui
614 4749 715 4805 antea
732 4729 1042 4804 vehementissime
1059 4755 1124 4800 vo-
1172 4728 1240 4802 Dei
1260 4755 1403 4802 manere
1422 4732 1516 4803 inter
1535 4729 1600 4803 has
1619 4747 1730 4808 metas
1746 4752 1955 4809 reverenter
1981 4743 2103 4826 debet,
2124 4752 2152 4807 ιι

135 4837 268 4908 cilerati
293 4850 377 4907 sunt
400 4850 522 4907 contra
547 4837 782 4920 ceremonias,
809 4860 906 4905 nssnc
932 4833 1124 4905 restituunt
1173 4830 1250 4905 Deo
1275 4834 1405 4924 gratias
1426 4858 1548 4924 agere,
1581 4847 1617 4906 et
1638 4836 1670 4905 ei
1692 4837 1848 4910 obedire.
1904 4838 1956 4912 Ut
1982 4842 2151 4915 mmseie

134 4937 303 5024 Missam,
329 4940 366 5008 in
381 4964 450 5032 qua
466 4938 583 5009 sciunt
598 4938 821 5025 manifestum
838 4938 973 5007 idolum
990 4956 1075 5010 esse.
1173 4959 1253 5007 mus
1272 4939 1481 5006 mandatum
1503 4950 1538 5007 et
1560 4937 1822 5009 ordinationem
1839 4940 1908 5013 Dei
1923 4967 2021 5031 esse,
2045 4959 2083 5018 ut
2096 4940 2152 5016 ho·

239 5042 364 5112 'l'ertio
383 5044 428 5111 de
444 5040 666 5113 Scortatione
683 5041 842 5111 intuetur
856 5037 987 5110 Paulus
1011 5032 1126 5106 histo·
1174 5061 1234 5108 mo
1258 5039 1368 5110 vitam
1393 5039 1473 5107 cibo
1498 5052 1533 5108 et
1560 5054 1647 5132 potu
1673 5040 1807 5126 foveat,
1857 5045 1966 5117 utin
1993 5050 2151 5143 primort

135 5143 225 5212 riam
243 5144 280 5211 in
297 5143 463 5214 Numeris
479 5167 554 5233 cap.
570 5137 634 5216 25.
1173 5143 1329 5211 seeundo
1352 5142 1466 5231 capite
1489 5141 1573 5212 libri
1600 5143 1634 5217 1.
1656 5140 1776 5237 Moysi
1799 5146 1978 5238 scriptum
1998 5166 2069 5230 est,
2093 5147 2151 5219 Fa·

238 5243 375 5331 Quarto
407 5244 571 5314 nominat
592 5256 791 5336 peccatum:
834 5240 990 5312 Tentare
1017 5234 1127 5312 Chri·
1175 5256 1268 5313 ceret
1299 5258 1480 5332 peccatum
1508 5236 1615 5313 huius
1637 5246 1794 5334 generis,
1833 5247 1972 5338 idest,
2017 5261 2150 5326 tenuret

136 5356 251 5427 stum,
277 5345 377 5412 cuius
393 5344 594 5435 exemplum
612 5358 665 5416 est
681 5344 720 5414 in
735 5341 885 5415 historia
903 5343 941 5412 in
958 5341 1125 5415 Numeris
1175 5342 1316 5430 Deum,
1342 5345 1371 5414 si
1389 5345 1470 5439 quis
1486 5345 1597 5419 nollet
1614 5346 1667 5418 uti
1683 5347 1764 5420 cibo
1779 5362 1815 5420 et
1831 5363 1935 5443 potu.
