4522 5782
2062 86 2165 239 ael

692 170 820 250 PHlL.
847 166 965 249 Milia.
990 166 1202 245 SCRIPTA
1229 164 1531 245 BXEGETICA.

1266 336 1484 409 Enarratio
1500 334 1759 409 vocabulorum
1781 330 2026 436 sequentium.

103 188 182 271 bbb

101 382 151 439 sta
176 362 306 432 scelera
337 353 448 423 multa
478 348 639 418 volentes
674 319 943 435 perpelrarnnt.
973 354 1006 412 et
1026 341 1096 410 im-

103 466 195 560 pulsi
219 456 404 531 adiabolis
421 465 529 521 tetros
542 450 683 516 furores
699 448 742 514 de
760 444 854 529 Deo,
869 460 903 514 et
918 448 963 512 de
980 444 1089 513 actio·
1246 472 1406 547 Aemus
1427 491 1481 547 est
1502 477 1778 561 vocabulorum,
1813 498 1906 568 quae
1937 470 2128 563 significant

104 570 210 637 nibus
228 562 318 630 vitae
334 553 510 626 humanae
526 551 831 640 adprobaverunt,
852 560 886 615 et
903 558 1092 614 moverunt
1144 590 1305 669 pettam
1332 594 1366 649 et
1389 581 1498 648 muna
1525 578 1699 667 congmh
1722 576 1877 662 Paulus,
1907 587 1948 647 m
1972 574 2129 643 lectorem

107 664 265 756 ⁰⁶8⁰ll²s
288 658 431 778 f¹i¹l⁰⁸⁸
449 652 517 771 fibi
534 666 568 720 εἴ
586 650 676 767 'ulf'
727 646 813 765 3³2¹
833 648 1002 717 ”lebam
1015 648 1094 733 3¹⁰·
1147 679 1464 759 commonefaciat,
1485 680 1606 772 quales
1620 680 1757 749 furores
1776 678 1815 746 in
1836 700 1965 769 genere
1982 668 2130 745 humano

108 763 333 841 ristvldlss·
383 754 479 825 HM
501 753 655 870 {dietim
677 752 762 819 dum
788 749 949 867 'nflulssel
971 748 1095 816 V⁰¹⁰¹¹⁸
1147 774 1360 869 grassentur.
1413 777 1461 850 Et
1476 778 1561 851 bae'c
1579 781 1707 850 tabella
1725 783 1796 849 lere
1813 777 1997 871 speculum
2013 787 2064 844 est
2080 773 2130 840 si-

109 884 142 940 θί
160 890 221 938 ⁸⁰³
236 875 383 954 ⁸P⁰¹¹les
408 855 543 925 “ee‘dst
565 852 751 939 d¹³b⁰¹⁰⁸t
777 874 839 941 ‘lu¹
857 845 920 918 Μ
936 849 1096 917 flammi*
1148 896 1204 952 tae
1218 883 1423 977 impiorum.
1476 881 1517 950 ln
1539 882 1618 952 aliis
1632 896 1749 952 autem
1764 882 1833 950 alia
1849 880 1935 950 vitia
1957 892 1992 948 et
2006 874 2130 946 scelera

111 983 232 1058 auget,
255 963 382 1034 retinet
395 956 541 1077 Saulem
559 951 885 1071 incogitationibus
903 952 1097 1028 venenatis,
1150 983 1261 1073 magis
1277 982 1555 1073 conspiciamur·
1583 982 1705 1054 sciam
1720 998 1837 1052 amem
1855 981 2027 1063 iunium,
2042 975 2132 1069 opst,

110 1064 540 1141 incllsslffilumnffilm‘t
567 1053 981 1146 qu¹f³b²¹¹³⁸⁸doe3⁰¹⁰
999 1052 1098 1119 ‘dfe'
1151 1108 1245 1154 mam
1280 1087 1581 1155 enumerationem
1624 1085 1795 1156 virtutum
1833 1084 1930 1153 iuxta
1971 1079 2134 1152 ordinem

113 1188 216 1254 runt,
240 1167 420 1235 ardentem
439 1159 508 1227 iam
531 1157 584 1224 ira
608 1166 644 1225 et
663 1155 748 1225 odio
763 1153 909 1238 incitat,
927 1167 968 1223 ut
985 1152 1098 1222 inter·

96 1262 98 1267 ¹
115 1274 208 1345 liciat
223 1267 432 1340 sacerdotes.

228 1415 331 1487 Talia
355 1410 511 1502 exempla
536 1406 823 1489 considerentur,
856 1416 890 1473 et
918 1427 999 1473 cum
1028 1404 1101 1473 illis

117 1518 240 1598 dictis,
267 1539 357 1609 quae
378 1510 541 1594 recitavi,
567 1509 812 1586 conserantur,
840 1506 1004 1575 videlicet
1020 1529 1101 1575 curn

118 1624 183 1695 hac
206 1619 297 1690 tristi
323 1612 557 1702 descriptione
576 1610 700 1679 ludas:
728 1606 876 1680 Satanas
901 1607 1048 1678 intravit
1065 1608 1104 1674 in

119 1747 210 1795 enm.
243 1719 318 1790 Nec
333 1718 460 1786 desunt
478 1712 635 1799 exempla
652 1709 735 1778 ullis
752 1708 982 1799 temporibus.
1017 1707 1103 1778 Sae-

122 1851 166 1917 pe
190 1823 298 1892 lrater
321 1818 463 1888 afratre
479 1812 698 1883 interficitur.
752 1807 862 1898 Saepe
879 1824 989 1880 mater
1004 1822 1105 1879 necat

122 1926 313 2001 infantem,
351 1940 456 2011 quem
486 1913 617 1984 recenti
646 1923 749 2002 partu
780 1909 905 1981 edidit.
957 1908 1006 1979 Hi
1024 1910 1105 1981 tetri

122 2038 268 2097 eventus
291 2045 310 2091 a
342 2017 486 2100 diabolo
510 2018 696 2094 oriuntur,
729 2012 790 2105 qui
815 2034 956 2082 securos
987 2007 1105 2082 homi-

123 2152 204 2210 nes,
230 2140 265 2195 et
281 2122 358 2191 sine
381 2119 606 2187 invocatione
630 2112 697 2183 Dei
719 2114 895 2197 viventes,
922 2113 1106 2206 opprimit.

124 2226 405 2319 Expavescamus
417 2218 547 2308 igitur,
570 2231 604 2286 et
620 2216 753 2284 dictum
769 2214 831 2282 filii
850 2212 916 2283 Dei
935 2216 1106 2284 memine-

124 2330 252 2402 rimus:
279 2321 407 2402 Orate,
435 2344 480 2389 ne
496 2316 633 2387 intretis
652 2316 690 2384 in
712 2316 953 2386 tentationem.
1004 2314 1108 2386 Pata.

124 2453 205 2503 mus
230 2425 401 2517 aSpiritu
415 2433 535 2491 sancto
558 2431 702 2509 propter
713 2410 894 2487 Christum
916 2416 1108 2506 gubernari

125 2545 281 2613 mentes,
312 2526 510 2595 voluntates
540 2535 575 2591 et
597 2521 701 2588 corda
726 2533 865 2601 nostra,
896 2520 1039 2588 accendi
1069 2518 1108 2587 in

127 2631 231 2703 nobis
253 2650 370 2697 veram
392 2627 437 2693 de
457 2620 534 2693 Deo
562 2622 697 2705 lucem,
722 2620 904 2704 timorem,
926 2621 1051 2705 fidem,
1075 2633 1109 2690 et

127 2737 213 2807 alias
231 2732 397 2810 virtutes,
425 2726 515 2796 sicut
529 2725 656 2792 clamat
679 2715 873 2809 Propheta:
906 2719 978 2791 Cor
1003 2745 1108 2790 mun-

128 2840 214 2908 dum
230 2830 359 2904 cresin
377 2852 431 2896 me
452 2822 568 2913 Deus,
596 2839 629 2894 et
645 2823 809 2913 spiritum
825 2836 958 2894 rectum
976 2823 1108 2892 innova

129 2941 169 3009 in
186 2934 378 3006 visceribus
399 2929 485 2998 meis
509 2942 572 3000 etr.
622 2923 669 2995 Et
691 2925 735 2996 sit
759 2923 797 2992 in
819 2938 1008 3014 conspectu
1026 2950 1110 3015 pro-

132 3040 269 3110 missio:
298 3032 440 3124 Quanto
463 3030 573 3117 magis
590 3041 688 3117 pater
704 3040 817 3096 vester
833 3027 991 3097 coelestis
1013 3028 1111 3096 dabit

131 3141 302 3233 Spiritum
326 3149 484 3205 sanctum
507 3129 717 3220 petentibus.
778 3124 881 3199 ltem:
917 3127 1029 3200 Nemo
1055 3152 1111 3198 ra-

130 3246 203 3336 piet
219 3262 302 3311 oves
320 3258 413 3305 meas
429 3258 469 3302 ex
487 3231 652 3301 manibus
672 3227 769 3303 meis.

233 3389 396 3462 Diximus
420 3397 554 3464 autem,
594 3403 715 3451 causas
737 3382 911 3450 malarum
934 3380 1112 3453 actionum

134 3495 288 3565 efficaces
305 3504 339 3559 et
355 3487 500 3579 proprie
513 3485 642 3568 dictas,
669 3506 741 3552 esse
762 3484 979 3552 voluntatem
995 3484 1113 3552 delin-

132 3593 317 3690 quentium
343 3603 378 3660 et
403 3586 648 3668 diabolorum,
689 3598 728 3654 ut
762 3587 808 3653 de
830 3584 937 3653 Saule
975 3586 1109 3652 dictum

134 3712 196 3769 est.
253 3693 337 3764 ldeo
372 3693 415 3758 de
437 3681 556 3780 phrasi
589 3682 754 3756 hocloco
787 3686 926 3754 moneri
957 3685 1113 3754 iuniores

136 3819 275 3870 necesse
293 3807 362 3863 est:
387 3789 618 3860 Tradiditeos
635 3789 672 3855 in
690 3787 863 3856 desideria
878 3787 1060 3876 cordium,
1076 3787 1112 3855 id

136 3917 205 3979 est,
231 3895 391 3989 permisit
405 3914 463 3962 eos
479 3913 581 3960 ruere
595 3911 657 3958 sua
676 3889 878 3967 voluntate,
905 3900 965 3958 aut
982 3888 1115 3979 impul-

135 4026 226 4071 sosa
251 3997 406 4066 diabolo.
460 3992 550 4062 Nam
578 3984 663 4058 haec
685 3990 892 4074 significatio
910 3990 1112 4079 permissio-

133 4110 187 4172 nis
208 4099 434 4172 usitatissima
457 4106 509 4162 est
528 4095 566 4161 in
590 4092 708 4160 verbis
722 4088 957 4160 Ebraeorum.
1010 4088 1113 4161 Utin

133 4205 334 4296 precatione
360 4194 564 4267 Dominica:
600 4192 653 4263 Ne
677 4192 824 4261 inducas
851 4214 917 4260 nos
937 4192 975 4259 in
1000 4205 1113 4260 tenta-

134 4309 285 4379 tionem,
312 4302 347 4368 id
363 4313 431 4378 est,
454 4320 527 4366 non
543 4295 637 4364 siuas
654 4317 718 4362 nos
735 4293 888 4384 opprimi
907 4293 1112 4364 tentatione.

1151 1200 1417 1278 praeceptorum
1440 1182 1606 1275 Decalogi
1631 1185 1769 1258 institui
1799 1207 1915 1277 posse.
1969 1179 2026 1253 Ad
2052 1202 2130 1249 eun·

1152 1291 1232 1356 dem
1255 1291 1401 1357 modum
1430 1287 1613 1378 perspicue
1642 1287 1809 1358 distribui
1835 1299 1984 1377 possunt
2010 1281 2132 1372 species

1153 1389 1334 1463 vitiorum.
1384 1388 1431 1460 Et
1455 1388 1613 1457 eruditos
1632 1391 1734 1458 decet
1750 1411 1853 1458 nosse
1870 1384 2134 1456 distributiones

1153 1513 1215 1558 seu
1240 1492 1369 1580 species
1392 1491 1562 1560 virtutum
1587 1514 1626 1558 ac
1654 1491 1846 1580 vitiorum,
1880 1490 1926 1558 de
1954 1487 2087 1580 quibus
2107 1497 2136 1552 et

1155 1592 1194 1661 in
1211 1586 1375 1663 Ethnicis
1399 1615 1463 1664 suo
1488 1591 1566 1661 loco
1583 1591 1718 1663 dictum
1735 1604 1798 1665 est.

1252 1719 1418 1813 Ἀδικία,
1453 1720 1656 1811 Iniusticia,
1697 1726 1870 1814 significat
1909 1720 2139 1793 universalem

1157 1826 1391 1915 iniustitiam,
1418 1840 1459 1897 ut
1480 1827 1519 1895 iu
1542 1822 1768 1918 philosophia
1791 1825 1996 1919 loquimur,
2020 1823 2059 1891 id
2082 1834 2138 1902 ast,
2163 1854 2171 1865 ⁶

1158 1927 1439 1998 inobedientiam
1465 1927 1656 2000 violantem
1681 1951 1805 1998 omnes
1826 1929 1931 2014 leges.
1982 1922 2035 1996 Ut
2048 1919 2141 1993 Cati·¹

1158 2030 1233 2099 lina
1257 2040 1307 2099 est
1329 2023 1476 2118 ἄδικος,
1521 2029 1556 2098 id
1577 2045 1649 2114 est,
1683 2053 1746 2100 nec
1768 2029 1884 2101 Deum
1904 2026 2052 2115 metuit,
2082 2044 2140 2092 ner

1158 2144 1257 2201 curat
1273 2126 1430 2201 humana
1445 2131 1582 2217 officia,
1595 2131 1760 2203 interficit
1774 2132 1888 2217 cives,
1913 2141 1967 2200 est
1981 2128 2140 2208 incestus,

1159 2255 1285 2323 rapax,
1307 2232 1507 2305 seditiosus.

1262 2361 1451 2459 Πορνεία,
1482 2367 1676 2451 Seustatio,
1702 2379 1737 2438 et
1752 2365 2004 2459 complectitur
2025 2382 2139 2433 omnes

1160 2468 1478 2539 contaminationes
1501 2484 1698 2560 pugnantes
1720 2493 1800 2539 cum
1825 2482 1923 2538 sexto
1950 2476 2139 2557 praecepto.

1263 2599 1458 2698 Πονηρία,
1484 2602 1661 2687 Pravitas,
1687 2619 1721 2674 et
1735 2605 1906 2694 significat
1923 2604 2020 2694 plus,
2043 2590 2154 2693 quarn

1160 2699 1283 2778 κακία.
1336 2704 1425 2774 Nam
1440 2701 1552 2777 κακία
1567 2708 1672 2775 etiam
1691 2706 1853 2795 generale
1869 2729 2004 2775 nomen
2029 2716 2080 2772 est
2094 2701 2140 2767 ri-

1162 2807 1223 2892 tii,
1250 2820 1284 2876 et
1302 2804 1475 2895 significat
1491 2821 1629 2898 peccata
1655 2807 1913 2877 commissionis
1937 2820 1973 2879 et
1986 2803 2140 2876 omissio·

1162 2910 1238 2998 nis,
1257 2909 1489 2998 negligentiae
1506 2923 1539 2979 et
1563 2909 1788 3000 petulantiae.
1840 2906 1891 2978 alt
1911 2903 2076 3008 πονηρία
2096 2901 2141 2972 ti·

1163 3010 1305 3100 gnificat
1339 3010 1566 3102 cupiditatem
1608 3012 1782 3096 nocendi,
1834 3026 1869 3083 et
1905 3008 2144 3100 petulantiam.

1166 3110 1213 3182 Ut
1230 3111 1409 3181 Antonius
1436 3128 1485 3181 est
1502 3107 1633 3202 κακὸς,
1661 3108 1802 3196 helluo,
1827 3112 2012 3194 ebriosus,
2038 3105 2142 3195 negli-

1164 3236 1260 3303 gens.
1312 3211 1361 3284 At
1381 3215 1606 3284 Domitianus
1626 3228 1678 3285 est
1699 3208 1877 3308 πονηρὸς,
1910 3213 2064 3303 cupidus
2086 3231 2144 3276 no-

1165 3316 1285 3400 cendi,
1318 3316 1372 3383 cni
1397 3310 1464 3385 hoc
1492 3317 1610 3409 ipsum
1634 3317 1809 3410 voluptati
1838 3327 1907 3402 est,
1938 3313 2021 3385 aliis
2046 3312 2143 3383 etiam

1164 3418 1272 3507 gratis
1288 3440 1425 3491 nocere.

1266 3547 1470 3634 Πλεοαεξία
1499 3553 1672 3640 significat
1695 3552 1903 3632 avariciam,
1933 3563 1969 3620 et
1996 3549 2144 3639 comple·

1165 3658 1273 3728 ctitur
1286 3656 1404 3723 omnia
1423 3655 1506 3724 vitia
1526 3671 1562 3724 et
1583 3656 1713 3724 scelera
1731 3654 1923 3744 pugnantia
1944 3676 2027 3721 cum
2051 3673 2142 3744 prae-

1165 3772 1264 3848 cepto
1285 3757 1451 3846 septimo:
1488 3755 1568 3825 Non
1589 3758 1725 3827 furtum
1751 3756 1868 3826 facies.
1927 3752 2004 3822 lam
2026 3753 2144 3841 cogita,

1165 3885 1271 3956 quam
1294 3859 1410 3925 variae
1427 3859 1589 3940 fraudes,
1624 3872 1658 3928 et
1686 3858 1784 3927 varia
1805 3859 1878 3927 sint
1894 3856 2029 3925 iniusta
2043 3876 2143 3922 aucu-

1166 3964 1222 4053 pia
1240 3958 1330 4029 lucri
1356 3959 1392 4027 in
1417 3972 1490 4028 toto
1513 3981 1640 4047 genere
1662 3954 1838 4043 humano,
1863 3959 1978 4046 furta,
2005 3955 2143 4044 rapinae

1165 4086 1305 4145 usurae,
1331 4059 1570 4140 stellionatus,
1603 4060 1862 4145 mendicitates,
1887 4058 2143 4139 concussiones,

1165 4158 1413 4257 imposturae,
1426 4175 1460 4230 et
1476 4156 1681 4231 huiusmodi
1704 4161 1785 4232 alia.

1265 4285 1501 4387 Κακοήθεια,
1520 4295 1786 4379 malevolentia,
1803 4305 1938 4386 pugnat
1951 4316 2035 4364 cum
2051 4312 2145 4389 prae·

133 4404 182 4476 Et
210 4403 248 4470 in
270 4399 412 4471 Psalmo
433 4398 624 4467 centesimo
654 4409 796 4488 quarto:
830 4390 986 4462 Mutavit
1006 4394 1112 4461 corda
1165 4410 1265 4489 cepto
1281 4399 1407 4489 quinto
1418 4410 1452 4465 et
1467 4410 1611 4479 octavo,
1637 4395 1762 4482 idest,
1788 4396 1950 4485 opposita
1973 4409 2029 4467 est
2048 4392 2146 4466 lusti·

134 4528 274 4587 eorum,
297 4515 339 4572 ut
354 4501 509 4569 odissent
524 4498 695 4588 populum
717 4496 811 4578 eius,
833 4494 957 4577 idest,
982 4494 1114 4563 mutari
1165 4499 1255 4583 cire,
1282 4495 1437 4569 Candori
1456 4512 1490 4568 et
1507 4495 1668 4569 Veritati.
1720 4497 1787 4582 Ut,
1811 4496 1982 4566 Tiberius
2003 4509 2057 4568 est
2078 4496 2146 4584 ple·

133 4602 304 4700 permisit.
355 4599 452 4670 Deus
475 4600 570 4668 enim
585 4622 658 4667 non
673 4599 741 4667 suit
756 4619 857 4664 causa
873 4596 947 4663 odii
964 4596 1002 4664 in
1019 4591 1113 4664 Pha·
1166 4624 1234 4669 nus
1251 4599 1377 4668 veneni
1393 4612 1425 4668 et
1442 4597 1730 4684 malevolentiae,
1755 4592 1941 4692 κακόηθες
1954 4592 2009 4691 μὴ
2027 4596 2146 4670 καθα-

134 4731 242 4781 raone
263 4705 430 4774 adversus
450 4698 639 4771 lsrae‘litas.
690 4697 786 4767 Haec
810 4698 957 4788 simplex
981 4710 1015 4766 et
1031 4719 1112 4766 vera
1166 4697 1244 4791 pdv.
1297 4697 1394 4768 Haec
1423 4700 1518 4767 enim
1549 4701 1706 4771 interae
1738 4696 1952 4770 Plutarchus
1982 4699 2143 4793 opponit.

132 4804 359 4903 grammatica
387 4803 632 4892 interpretatio
663 4794 884 4894 labyrinthos
919 4798 1111 4871 multarum
1163 4802 1403 4873 coniunctum
1421 4801 1545 4869 vitium
1561 4815 1613 4872 est
1628 4802 1896 4871 malevolentiae
1915 4795 2149 4882 Obtrectatio,

132 4910 378 5008 quaestionum
407 4903 513 4976 tollit·
586 4899 720 4992 Estque
751 4902 903 4971 tenenda
931 4900 1112 4969 verissima
1165 4899 1250 4973 haec
1268 4901 1431 4993 patefacit
1445 4900 1749 4986 malevolentiam,
1775 4917 1850 4971 arte
1871 4903 2077 4992 depravans
2097 4926 2149 4973 re·

134 5010 325 5093 ὓθῠίθθῑῑδ,
351 5028 441 5099 ‘1⁰⁰0
461 5000 846 5095 “itlaplldflwamt
868 4998 921 5068 Ex
942 5002 1111 5092 leperdi·
1163 5018 1217 5074 cte
1242 5004 1351 5086 sacta,
1386 5015 1420 5072 et
1444 5016 1537 5071 certe
1557 5026 1629 5072 non
1656 5006 1752 5073 malo
1776 5005 1897 5073 studio
1928 5004 2038 5075 facta.
2095 5000 2151 5081 Ut,

132 5119 181 5186 li⁰
212 5129 293 5195 l11²¹,
327 5107 484 5179 Tflssluffl
515 5106 554 5175 5¹¹
583 5129 638 5174 ’Μ
668 5103 838 5171 &uxilium
869 5116 981 5171 tuum·
1039 5100 1112 5170 Nee
1162 5105 1366 5196 Scipionem
1390 5104 1523 5193 optime
1546 5105 1713 5175 meritum
1738 5107 1783 5173 de
1806 5106 1919 5195 patria
1939 5104 2151 5175 allatrabsnt

131 5218 225 5296 vult,
257 5237 322 5282 nec
352 5210 541 5302 adprobat,
573 5228 637 5274 nec
667 5202 772 5272 efficit
799 5215 980 5293 peccatum
1004 5201 1109 5274 Deus.
1158 5204 1351 5288 Lentulus,
1376 5202 1465 5274 Cato
1488 5220 1520 5275 et
1546 5206 1625 5289 alii,
1652 5208 1725 5276 sola
1754 5204 2019 5278 malevolentia.
2080 5204 2148 5274 Ex·

131 5314 228 5385 llaec
247 5336 328 5383 vera
343 5312 517 5383 sententia
532 5305 733 5378 firmissime
745 5303 930 5375 retinenda
953 5317 1016 5379 est.
1160 5322 1238 5381 aaut
1253 5307 1418 5380 amicust
1441 5304 1653 5394 Menandri,
1687 5310 1726 5377 55,
1748 5308 1879 5402 quibus
1899 5306 2152 5380 describuntur
