4522 5782
176 186 255 271 aar
396 214 400 227 ·
782 176 911 256 eutr.
935 176 1055 256 uun
1079 176 1293 254 sursera
1316 174 1619 254 mannasca
1869 204 1879 243 ·.
2127 174 2139 250 a

175 368 261 442 tilii.
330 359 425 435 lliud
459 370 570 449 agunt
600 351 814 436 adversarii,
846 376 921 423 non
951 365 992 422 ut
1023 352 1160 447 aliquid
1216 350 1405 434 historiae,
1440 375 1516 423 non
1538 351 1707 423 fiduciam
1725 348 1921 444 promissae
1944 345 2139 420 Merit

176 469 376 551 emendent,
391 464 452 534 sed
466 475 507 532 ut
522 458 761 555 qualicunque
778 469 957 548 praetextu
971 457 1163 526 defendant
1216 473 1359 551 propter
1372 451 1567 529 Christum.
1620 453 1694 525 Nee
1712 455 1846 523 mirum
1858 467 1911 524 est
1924 444 2139 524 monaebost

175 592 276 645 suam
297 567 540 664 tyrannidem,
573 560 782 631 confirment
814 574 849 630 et
876 558 1041 628 muniant
1069 581 1164 649 opes.
1217 564 1273 628 via
1297 562 1474 627 deerrasse
1504 560 1543 626 iu
1569 559 1768 626 enarrando
1791 556 1922 641 Paulo,
1956 555 2043 648 quia
2067 553 2113 622 in

178 673 264 746 ldeo
286 693 385 762 reges
407 681 442 739 et
467 665 650 758 pontifices
671 664 904 732 adversantur
924 662 1091 751 coniugio
1107 684 1163 729 ss·
1216 665 1294 753 ipso
1316 662 1394 730 loco
1419 661 1570 751 turpiter
1591 655 1802 729 hallucinati
1823 672 1917 728 sunt.
1967 654 2016 728 Et
2033 676 2132 726 nune

177 778 380 857 cerdotum,
410 770 494 863 qttia
516 767 640 837 vident
668 763 897 847 coelibatum,
938 764 983 832 ad
1007 764 1166 834 retinen·
1218 762 1382 834 versariis
1402 757 1488 831 haec
1515 763 1628 852 caligo
1651 762 1841 852 praecipue
1864 760 2126 848 impedimento

179 883 261 951 dam
279 873 472 967 potentiam
496 883 532 940 et
552 890 655 959 opes,
681 865 934 956 expeditiorem
953 887 1037 934 esse.
1086 863 1167 934 Hoc
1219 866 1426 961 quominus
1446 866 1619 958 recipiant
1637 864 1836 934 doctrinam
1859 866 1906 931 de
1926 862 2016 940 lide,
2041 859 2128 954 quia

180 980 385 1051 modorum
402 984 520 1043 extent
540 983 645 1040 notae
663 968 792 1057 impiae
809 964 1003 1036 voluntatis
1025 967 1063 1035 in
1087 967 1167 1059 qui·
1221 992 1302 1038 men
1320 966 1403 1036 fidei
1420 991 1494 1038 non
1511 982 1604 1037 recte
1620 967 1835 1056 intelligunt.
1886 962 1963 1034 Cur
1982 987 2058 1033 non
2081 985 2139 1054 erg

179 1083 329 1152 busdam
346 1074 541 1146 manifestis
555 1069 735 1153 articulis,
759 1069 844 1138 satis
861 1083 1005 1160 apparet
1020 1076 1167 1138 eos'non
1221 1076 1312 1141 dunt
1334 1071 1416 1139 talia
1441 1067 1631 1160 Augustini
1654 1071 1766 1152 dicta,
1800 1067 1905 1161 quale
1929 1062 1997 1136 boc
2021 1079 2139 1158 estsq

182 1181 309 1274 agitari
334 1182 429 1250 bono
453 1175 600 1266 spiritu,
632 1172 692 1242 sed
715 1193 791 1241 esse
812 1165 930 1241 hostes
955 1167 1109 1260 Christi,
1135 1183 1170 1241 et
1221 1175 1328 1242 modo
1353 1173 1524 1241 recitavi?
1579 1170 1648 1240 llic
1673 1185 1820 1239 testatur
1842 1168 1995 1238 Paulum
2021 1163 2092 1236 hoe
2113 1191 2139 1236 a

183 1309 250 1354 nec
291 1283 331 1351 in
376 1277 520 1347 caeteris
561 1273 721 1345 articulis
762 1296 931 1367 quaerere
973 1274 1169 1345 veritatem.
1224 1270 1646 1365 Abrabampronunciari
1665 1269 2124 1364 iustum,quiserediderit‚

186 1387 306 1476 Quare
322 1403 445 1457 eorum
462 1378 594 1448 iudicia
610 1387 813 1446 constanter
829 1377 1069 1466 repudiemus.
1224 1392 1363 1448 tanturn
1385 1378 1430 1445 de
1448 1377 1651 1470 posteritate
1672 1399 1754 1457 sna,
1779 1375 1839 1446 sed
1865 1373 2078 1444 remissione
2094 1394 2139 1466 pe

223 1523 228 1531 ι
279 1484 420 1553 Psalmo
430 1481 490 1553 42.
513 1478 679 1550 Affirmat
691 1492 853 1548 renatum
866 1502 940 1546 non
953 1500 1025 1547 esse
1039 1477 1170 1546 iustum
1223 1493 1353 1552 torum.

183 1565 330 1682 propter
349 1607 474 1674 opera,
499 1584 561 1652 sed
584 1581 671 1664 lide,
697 1579 747 1648 sic
768 1579 863 1648 enim
888 1580 1023 1672 inquit:
1059 1577 1171 1649 Plane
1326 1579 1433 1650 'sales
1455 1580 1650 1650 sententiae
1676 1578 1805 1669 passim
1825 1578 1952 1649 obviae
1971 1578 2071 1670 spud
2092 1570 2139 1649 At

184 1690 289 1774 time,
314 1687 345 1756 si
362 1687 493 1756 iustum
511 1697 545 1755 te
568 1679 731 1764 dicis,'si
754 1704 829 1752 non
852 1677 959 1751 babes
983 1681 1083 1750 illam
1106 1704 1171 1749 vo·
1223 1683 1376 1767 atinum,
1411 1684 1495 1753 satis
1515 1686 1709 1753 ostendunt
1731 1705 1812 1750 eum
1837 1683 1882 1751 de
1902 1682 2016 1770 gratis
2033 1681 2131 1750 etde

183 1816 281 1876 rem,
302 1813 343 1859 ex
361 1787 432 1858 alio
445 1785 606 1856 Psalmo:
641 1781 694 1853 Ne
715 1783 827 1855 intres
847 1783 885 1851 in
901 1783 1074 1854 iudicium
1091 1807 1171 1852 cum
1224 1788 1318 1855 idem
1334 1787 1484 1869 sentire,
1506 1789 1600 1878 quod
1618 1809 1682 1853 nos
1697 1784 1875 1854 docemus.
1927 1782 2139 1854 Sicutetian

185 1908 287 1966 servo
303 1905 386 1963 tuo:
414 1912 497 1958 nam
517 1887 548 1956 si
565 1884 736 1956 iudicium
752 1879 955 1956 exhibueris
968 1886 1046 1954 sine
1068 1884 1173 1954 mise·
1224 1888 1352 1979 spiritu
1372 1902 1405 1958 et
1428 1889 1530 1956 litera
1555 1888 1689 1981 inquit:
1725 1885 1779 1956 Ex
1802 1888 1878 1976 lege
1901 1886 2074 1956 timemus
2089 1881 2138 1953 tte

184 1993 359 2073 ricordia‚
400 2015 471 2082 quo
499 1989 585 2059 ibo?
629 1986 667 2058 Si
697 1987 902 2081 iniquitates
930 1987 1173 2057 observaveris
1226 2016 1289 2080 per
1315 1993 1421 2059 fidem
1451 2004 1568 2060 autem
1599 1990 1822 2079 confugimus
1852 1992 1896 2057 ad
1920 1984 2139 2057 misericordi

185 2096 359 2179 Domine,
391 2091 547 2164 Domine
574 2090 655 2185 quis
675 2090 888 2160 sustinebit?
927 2089 979 2160 Ne
1002 2090 1113 2160 intres
1134 2091 1171 2157 in
1225 2091 1295 2163 Hic
1308 2094 1447 2164 erudite
1462 2093 1631 2161 discernit
1646 2093 1756 2178 legem
1776 2106 1809 2159 et
1825 2089 2079 2177 Evangelium.

185 2192 358 2270 iudicium
383 2218 464 2266 eum
491 2217 592 2263 servo
618 2207 699 2276 tuo,
726 2193 808 2285 quia
834 2218 908 2263 non
925 2192 1174 2262 iustificabitur
1328 2192 1406 2264 Etsi
1428 2209 1544 2265 autem
1567 2196 1748 2263 interdum
1762 2193 1809 2261 'in
1829 2194 1905 2263 eius
1920 2192 2065 2282 scriptis
2087 2191 2139 2280 ligr

185 2303 224 2370 in
238 2310 427 2389 conspectu
441 2309 503 2366 tuo
519 2294 635 2364 omnis
651 2294 786 2363 vivens.
825 2293 921 2382 Ergo
937 2295 966 2363 si
984 2318 1056 2363 non
1072 2295 1173 2366 iusti·
1227 2298 1400 2368 orationis
1423 2309 1614 2366 occtsrrunt
1642 2319 1715 2364 non
1748 2297 1833 2364 satis
1856 2295 2051 2383 explicatae
2076 2305 2137 2363 sut

186 2402 350 2472 licabitur
364 2400 402 2471 iu
417 2410 608 2489 conspectu
624 2410 686 2464 tuo
703 2398 819 2465 omnis
836 2397 967 2479 vivens,
994 2398 1077 2489 quia
1093 2395 1173 2488 qui·
1227 2401 1450 2482 commodae,
1490 2393 1557 2466 liae
1585 2398 1804 2489 temporibus
1832 2397 2096 2468 condonandae
2122 2415 2139 2462 s

188 2526 329 2595 cunque
347 2496 405 2569 hie
422 2499 530 2579 vivit,
556 2521 620 2565 vae
639 2497 712 2579 illi,
738 2498 766 2567 si
786 2521 866 2567 cum
885 2521 926 2566 eo
945 2499 982 2566 in
1000 2498 1170 2568 iudicium
1227 2502 1310 2594 qnia
1334 2501 1430 2588 vulgi
1454 2502 1672 2570 consuetudo
1688 2502 1857 2593 quasdam
1879 2500 2010 2589 figuras
2025 2518 2139 2587 recept

186 2605 282 2677 Deus
299 2603 496 2674 intraverit.
547 2598 637 2669 Nam
660 2615 695 2670 et
716 2602 809 2690 apud
831 2600 941 2668 alium
958 2596 1173 2692 Prophetam
1228 2619 1267 2673 ut
1284 2605 1555 2694 appellationem
1572 2602 1706 2686 meriti,
1734 2616 1769 2672 et
1787 2602 1872 2670 alias
1889 2603 2084 2694 quasdam,
2108 2611 2139 2670 et

187 2717 392 2796 arrogantes
418 2716 453 2771 et
473 2703 645 2792 superbos
668 2701 719 2770 sic
741 2702 920 2791 obiurgat:
956 2699 1076 2790 Quare
1100 2727 1174 2771 me·
1228 2707 1415 2794 explodere
1435 2705 1532 2775 docti
1556 2729 1629 2774 non
1653 2717 1825 2794 poterant.
1890 2703 2032 2773 Deinde
2062 2722 2129 2769 nee

185 2826 269 2880 cum
287 2806 421 2875 iudicio
436 2803 673 2874 contenditis?
699 2800 836 2872 Omnes
852 2804 1091 2895 dereliquistis
1107 2828 1174 2888 me,
1229 2810 1420 2898 scriptores
1456 2808 1540 2876 satis
1573 2807 1754 2877 assuefacti
1784 2809 1927 2877 luerunt
1960 2807 2005 2873 ad
2039 2825 2139 2872 arcus

188 2911 274 2980 dicit
289 2907 478 2980 Dominus.
529 2904 613 2976 Noli
630 2928 712 2995 ergo
729 2900 860 2976 iudicio
876 2911 1106 2991 contendere,
1131 2911 1175 2975 da
1229 2910 1504 2998 disputationes,
1531 2923 1563 2979 et
1579 2923 1710 3002 quanta
1730 2923 1814 2979 tunc
1836 2909 1941 2979 fuerit
1965 2907 2083 2992 caligo
2100 2904 2137 2972 in

189 3033 333 3102 operam
366 3033 440 3078 esse
475 3010 606 3093 iustus,
639 3022 674 3077 et
705 3024 1022 3100 quantumcunque
1055 3010 1175 3088 lucris,
1228 3014 1351 3089 clesia,
1378 3013 1462 3080 iude
1478 3013 1655 3081 aestimari
1678 3025 1808 3100 potest,
1834 3014 1929 3103 quod
1948 3008 2085 3097 Pelagii
2108 3005 2139 3076 in

188 3113 355 3184 confitere
372 3123 405 3180 te
422 3125 637 3200 peecatorem
656 3133 748 3196 esse,
777 3124 812 3182 et
829 3134 967 3198 semper
982 3133 1083 3199 spera
1106 3112 1174 3179 mi·
1229 3116 1352 3203 opinio
1376 3128 1473 3183 tanto
1490 3139 1569 3182 cum
1592 3116 1718 3203 plausu
1742 3128 1884 3203 excepta
1908 3113 1995 3201 luit,
2030 3125 2073 3178 ut
2094 3109 2139 3177 Aa

188 3213 438 3295 sericordiam,
463 3228 496 3282 et
514 3213 551 3281 in
567 3214 632 3280 ista
647 3208 776 3281 humili
792 3212 1013 3282 confessione
1033 3236 1176 3282 securus
1229 3219 1342 3285 atinus
1365 3231 1396 3285 et
1424 3217 1524 3304 pauci
1540 3217 1685 3308 quidam
1707 3216 1768 3284 alii
1791 3239 1865 3282 non
1885 3216 1962 3283 sine
1988 3211 2133 3300 magnis

189 3318 371 3409 alloquere
392 3316 592 3383 turbantem
617 3328 668 3394 te,
694 3329 729 3383 et
752 3315 1027 3383 tumultuantem
1050 3317 1176 3383 adver·
1228 3319 1423 3387 taminibus
1445 3342 1521 3386 eam
1546 3342 1668 3388 rursus
1692 3313 1917 3387 exllcclesiis
1941 3315 2135 3404 explodere

191 3431 310 3489 suste
342 3415 496 3484 animam
525 3430 633 3485 tuam.
707 3413 828 3502 Quare
857 3414 968 3484 tristis
997 3438 1033 3483 es
1058 3416 1175 3485 anima
1229 3421 1377 3490 tuerint.

189 3541 288 3600 mea,
323 3541 432 3611 quare
462 3516 652 3587 conturbas
673 3517 753 3586 mei
795 3518 885 3586 lorte
918 3518 1010 3587 inte
1034 3518 1176 3588 volebas
1330 3519 1515 3589 Caeterum
1533 3524 1576 3591 de
1592 3521 1802 3591 ceremoniis
1826 3521 1855 3589 si
1879 3521 1959 3614 quis
1977 3532 2131 3589 aetatem

190 3642 351 3713 sperare,
378 3641 478 3709 spera
497 3619 533 3686 in
550 3618 728 3698 Domino,
756 3642 828 3687 non
846 3619 952 3704 inte,
977 3620 1061 3711 qttid
1079 3621 1176 3690 enim
1229 3624 1360 3711 gustini
1385 3624 1490 3717 nobis
1511 3625 1679 3714 opponit,
1712 3625 1797 3692 sciat
1818 3648 1863 3692 ne
1884 3623 1951 3714 ipsi
1974 3622 2126 3715 quidem

191 3723 350 3800 sainte,
377 3720 464 3812 quid
481 3743 517 3789 es
535 3720 654 3790 dete?
687 3718 750 3790 llle
767 3723 812 3790 sit
835 3720 965 3790 sanitas
982 3721 1020 3788 in
1036 3737 1088 3807 te,
1114 3724 1176 3815 qui
1229 3729 1371 3814 guetino
1389 3726 1559 3815 placuisse
1575 3747 1698 3793 omnes
1721 3726 1810 3794 ritus
1829 3740 1869 3794 tet
1894 3725 2139 3817 persuasiones

190 3823 324 3916 aceepit
347 3823 495 3892 vulnera
525 3835 669 3915 propter
692 3838 745 3905 te,
777 3837 811 3894 et
840 3823 975 3915 inquit,
1008 3822 1118 3919 Spera
1138 3827 1176 3894 in
1230 3828 1411 3914 temporis.
1471 3827 1666 3915 Quaeritur
1688 3828 1784 3895 enim
1809 3828 1938 3897 multas
1958 3827 2139 3915 superstiti

187 3924 399 4000 Dominum.
1229 3929 1418 4018 opiniones
1435 3925 1578 3999 haerere
1597 3930 1634 3996 in
1651 3926 1825 4013 Ecclesia,
1850 3929 2018 3999 anteferri
2049 3925 2137 3997 hum

291 4026 423 4098 Psalm.
446 4024 508 4098 s1.
548 4020 622 4112 Qui
647 4036 730 4092 sunt
754 4024 875 4095 beati?
916 4024 998 4096 Non
1025 4025 1099 4110 illi,
1139 4025 1176 4096 in
1229 4031 1439 4102 traditiones
1463 4032 1656 4123 praeceptis
1681 4029 1768 4116 Dei,
1802 4034 1908 4102 etsie
1931 4031 2135 4100 cumulatas

191 4132 323 4225 quibus
344 4153 419 4198 non
437 4127 596 4196 inveniet
617 4139 815 4215 peccatum,
841 4153 924 4197 nam
949 4131 987 4196 in
1012 4129 1178 4198 omnibus
1230 4133 1464 4213 ceremonias,
1498 4149 1537 4203 ut
1571 4134 1781 4203 ludaeorum
1815 4135 1966 4202 servitus
1995 4133 2139 4202 tolerab

191 4232 349 4325 iuven-it:
376 4227 514 4300 Omnes
529 4227 623 4297 enim
644 4246 897 4316 peccaverunt,
923 4245 957 4300 et
971 4244 1074 4320 egent
1100 4232 1177 4320 glo-
1230 4235 1354 4319 luerit,
1394 4260 1500 4329 quam
1524 4234 1714 4305 Ecclesiae.
1782 4235 1899 4304 Verba
1925 4236 2003 4303 eius
2029 4230 2118 4304 lssec

192 4331 245 4400 ria
262 4330 343 4402 Dei.
393 4328 435 4402 Si
457 4354 540 4420 ergo
567 4330 605 4398 in
634 4330 801 4399 omuibus
825 4347 962 4424 peecata
985 4335 1177 4403 inveniun-
1230 4338 1274 4405 ad
1300 4335 1525 4427 ianuarium,
1559 4335 1718 4428 Epistola
1746 4339 1829 4408 119.
1882 4337 1998 4428 lpsam
2026 4350 2139 4405 tamen

190 4444 269 4516 tur,
289 4445 465 4515 remanet,
489 4446 619 4501 utnon
635 4432 706 4500 sint
724 4434 839 4522 beati,
866 4435 933 4503 nisi
952 4459 1104 4527 quorum
1122 4460 1177 4505 re·
1231 4440 1421 4528 ligionem‚
1465 4464 1571 4532 quam
1608 4442 1829 4528 paucissimis
1857 4453 1891 4510 et
1920 4439 2139 4510 manifestiss

191 4532 297 4600 missa
314 4545 398 4601 stant
414 4546 560 4621 peccata.
612 4531 690 4601 Hoc
707 4559 789 4625 ergo
806 4538 999 4627 Apostolus
1015 4538 1064 4606 sic
1079 4561 1176 4607 com·
1231 4542 1509 4611 celebrationum
1531 4545 1758 4612 sacramentis
1787 4542 2031 4611 misericordia
2054 4540 2122 4611 Ilei

192 4632 392 4701 mandavit:
418 4630 579 4703 Credidit
601 4633 781 4706 Abrabam
799 4638 893 4723 Deo,
922 4654 956 4710 et
977 4654 1177 4729 reputatum
1231 4644 1377 4713 liberam
1402 4645 1534 4725 voluit,
1562 4646 1751 4714 servilibus
1774 4646 1943 4713 oneribus
1970 4658 2139 4733 premunt

193 4748 245 4805 est
263 4733 296 4803 ei
313 4733 359 4802 ad
375 4732 561 4805 iusticiam.
593 4731 662 4802 Hic
676 4753 769 4807 recte
784 4744 1027 4812 accommodat
1042 4743 1176 4813 dictum
1229 4746 1452 4816 tolerabilior
1466 4748 1571 4816 luerit
1586 4748 1743 4817 conditio
1762 4746 1995 4827 ludaeorum,
2022 4748 2087 4839 qui
2104 4758 2138 4814 ta

191 4839 236 4906 de
252 4835 341 4919 lide,
367 4847 402 4904 et
425 4846 574 4904 testatur
589 4857 625 4901 se
642 4836 745 4906 lidem
762 4843 980 4934 intelligere,
1009 4869 1082 4913 non
1097 4860 1178 4914 tan·
1231 4849 1363 4917 divinis
1376 4851 1532 4938 legibus,
1558 4873 1632 4916 non
1660 4844 1826 4919 humanis
1847 4851 1983 4918 subditi
2007 4862 2123 4918 erant.

191 4946 269 5011 tu'm
292 4932 461 5007 historiae
480 4935 667 5016 noticiam,
700 4943 759 5008 sed
781 4945 945 5014 fiduciam
967 4947 1179 5016 confidimus
1231 4950 1385 5041 primum
1409 4956 1453 5020 de
1475 4951 1602 5019 ritibus
1624 4945 1791 5020 humanis
1822 4951 1958 5042 inquit:
1993 4950 2131 5022 Totum

191 5040 299 5112 nobis
318 5038 450 5109 remitti
469 5050 605 5128 peccata
623 5054 766 5130 propter
781 5042 976 5122 Christum.
1003 5048 1178 5120 Nec-vero
1230 5075 1340 5141 genus
1356 5078 1473 5123 rerum
1491 5054 1621 5121 liberas
1635 5048 1741 5122 habet
1756 5054 2036 5127 observationes.
2081 5053 2139 5123 De

55 5152 60 5158 '
140 5244 142 5248 ι
191 5144 377 5236 quisquam
394 5154 510 5232 potest
524 5142 660 5232 assequi
677 5141 779 5214 Pauli
794 5150 1016 5231 sententiam,
1043 5152 1111 5222 nisi
1128 5153 1180 5222 sic
1232 5154 1361 5226 diserte
1378 5157 1474 5226 iubet
1494 5157 1639 5225 inutiles
1653 5157 1742 5225 ritus
1759 5152 1935 5225 humanos
1950 5156 2123 5245 praecidi.

191 5244 366 5334 intelligat
381 5267 514 5313 nomen
530 5243 622 5312 fidel.
648 5242 727 5315 Hoc
743 5271 827 5317 vero
843 5263 913 5331 est,
929 5267 969 5321 ut
984 5254 1126 5337 dicitnr,
1141 5255 1179 5324 in
1231 5281 1276 5347 go
1291 5282 1365 5327 non
1381 5259 1429 5327 ita
1444 5260 1572 5349 probat
1588 5253 1808 5348 Augustinus
1824 5259 2047 5327 ceremonias
2061 5258 2116 5328 sui
2132 5269 2139 5325 t

110 5344 328 5446 *toribus
350 5369 488 5433 errare,
511 5344 616 5416 fidem
639 5358 777 5421 tautum
794 5349 1177 5443 intelligerenoticism
1222 5360 1342 5453 poris,
1378 5373 1417 5432 ut
1447 5357 1644 5430 Ecclesiam
1678 5361 1722 5429 ad
1756 5384 1834 5431 esm
1859 5384 2026 5431 normam
2054 5381 2138 5432 sons
