4522 5782
34 208 199 295 itt·

38 381 198 485 ponitur'
221 408 360 459 mmma
393 385 594 472 concionis,
640 409 731 482 quae
759 379 986 458 hauddubie
1008 405 1029 453 a

37 488 182 567 Christo
199 490 341 582 copiose
355 491 525 580 explicata
543 502 606 562 est·

139 620 198 696 Ac
214 627 297 695 vide
314 625 552 712 occasionem,
583 625 743 696 intuetur
756 620 920 697 Christus
934 623 1029 693 mui-

40 727 232 803 titudinem
253 728 293 796 in
317 728 450 820 populo
467 727 535 798 Dei
559 740 752 812 errantem,
776 727 853 797 sine
873 725 1029 797 doctori-

38 832 114 915 bus,
140 843 338 902 sectantem
353 830 468 902 cultus
479 828 656 901 Mosaicos
671 830 746 900 sine
762 828 891 900 noticia
907 826 1028 897 Evan-

38 932 124 1023 gelii.
180 931 283 1003 Sicut
305 945 416 1003 totum
436 955 547 1022 genus
568 928 763 1002 humanum
791 931 867 1000 sine
883 925 1027 1000 Christo

39 1047 105 1105 erat
124 1035 167 1103 in
185 1035 295 1102 densa
313 1032 481 1121 caligine,
505 1056 627 1104 carens
645 1057 726 1103 vcra
742 1033 874 1103 noticia
888 1032 966 1112 Dei,
993 1045 1028 1104 et

39 1136 114 1231 quia
131 1130 246 1206 habet
264 1135 416 1227 aliquam
433 1135 519 1225 legis
536 1136 723 1220 noticiam,
749 1135 889 1228 quaerit
911 1134 1027 1205 cultus

39 1252 68 1309 et
83 1260 218 1329 opera,
252 1237 383 1330 quibus
405 1237 518 1327 placet
538 1234 676 1322 Deum,
708 1249 884 1307 ettamen
907 1248 1027 1307 manet

39 1338 71 1409 in
86 1339 338 1421 dubitatione,
371 1363 445 1407 non
468 1339 606 1410 invenit
630 1338 930 1423 consolationem,
956 1361 1025 1429 qua

40 1442 214 1512 eluctetur
244 1465 285 1509 ex
314 1441 530 1521 terroribus,
574 1455 608 1512 et
638 1441 757 1511 vincat
786 1453 966 1531 peccatum
991 1451 1026 1508 et

39 1558 201 1616 mortem.
265 1539 316 1612 lta
340 1566 419 1611 cum
443 1542 540 1613 videt
562 1542 735 1635 populum
762 1543 839 1611 sine
863 1540 1025 1611 doctrina

40 1644 199 1725 melesti,
234 1656 270 1712 ct
290 1644 379 1715 sicut
399 1644 487 1713 alibi
513 1644 659 1715 dicitur:
693 1659 862 1737 tanquam
886 1666 1024 1733 gregem

40 1746 107 1817 tine
123 1760 269 1838 pastore
289 1770 426 1831 errare,
452 1747 605 1817 afficitur
625 1744 886 1828 misericordia,
912 1759 944 1814 et
967 1768 1025 1813 ar-

40 1848 120 1945 deus
140 1847 278 1938 ingenti
296 1861 395 1917 motu
420 1847 547 1938 incipit
566 1849 769 1918 concionari
795 1850 839 1915 de
865 1848 938 1916 suis
962 1848 1025 1914 be·

40 1950 189 2035 nefrciis,
230 1963 371 2020 revocat
398 1951 567 2041 populum
597 1950 737 2021 abillis
762 1949 916 2020 cultibus
939 1947 1025 2037 legis

43 2054 77 2123 sd
91 2074 189 2137 sese,
216 2052 319 2122 docet
335 2051 427 2139 apud
444 2075 517 2121 sese
540 2055 777 2145 quaerendam
802 2072 873 2121 esse
897 2074 1024 2119 conso-

38 2152 228 2237 lationem,
255 2176 328 2221 nou
345 2153 383 2221 in
399 2152 490 2243 lege,
517 2176 624 2247 quare
648 2149 706 2223 hic
726 2154 830 2222 etiam
854 2155 1025 2222 admoue-

43 2278 113 2326 mur
133 2256 180 2325 de
206 2254 411 2324 discrimine
440 2256 527 2344 legis
549 2269 582 2325 et
606 2254 813 2345 Evangelii,
851 2269 890 2326 ut
924 2277 1026 2345 saepe

44 2358 119 2429 dias
134 2356 300 2427 doctrina
317 2358 403 2447 legis
420 2380 493 2425 non
509 2358 637 2427 liberat
652 2381 671 2426 a
685 2358 893 2430 terroribus.

136 2489 210 2562 Sed
247 2490 329 2583 quia
362 2491 537 2576 ostendit,
584 2505 620 2560 et
655 2493 799 2561 damnat
831 2502 1025 2581 peccatum,

44 2596 131 2689 quud
152 2590 276 2661 haeret
297 2592 335 2659 iu
357 2605 502 2677 natura,
534 2616 623 2685 quae
651 2616 834 2685 vttanuam
858 2592 1025 2661 satisfacit

10 2752 12 2777 ,
44 2694 120 2784 logi,
155 2694 268 2784 adigit
293 2709 425 2763 mentes
452 2696 495 2763 ad
518 2695 817 2784 desperationem,
858 2717 928 2786 qua
960 2718 1025 2783 op-

10 2824 12 2865 ε
44 2820 198 2889 pressae,
236 2808 346 2864 ruunt
371 2797 408 2863 in
431 2813 608 2865 aeternam
643 2810 804 2869 mortem.
870 2795 1024 2867 licentra

10 2947 12 2962 .
39 2886 122 2969 laec
138 2911 193 2969 est
209 2897 351 2988 propria
362 2894 549 2987 Evangelii
566 2922 653 2983 vox,
681 2922 787 2990 quam
802 2912 905 2969 sonat
918 2893 1025 2967 Chri-

10 3046 12 3051 ·
43 3014 123 3073 ttus:
147 2998 189 3073 si
204 2999 284 3092 quis
299 2999 389 3083 sitit,
415 3000 531 3068 veniat
547 2998 590 3067 ad
606 3023 678 3083 me,
705 3013 738 3069 et
754 3000 864 3072 bibat.
915 2997 1027 3068 Vocat

41 3096 236 3193 hessipsos,
275 3102 338 3192 qui
366 3101 603 3192 perterrefacti
634 3101 708 3191 lege
740 3101 922 3173 luctantur
944 3125 1023 3169 cum

43 3205 250 3293 pavoribus,
293 3198 349 3271 his
378 3203 552 3292 promittit
574 3217 609 3273 et
629 3203 786 3273 ostendit
811 3202 1025 3273 consolatio-

41 3298 136 3392 nem,
160 3328 233 3400 qua
252 3303 396 3375 vincant
411 3318 563 3375 terrores
584 3306 735 3399 peccati,
762 3320 798 3376 ct
820 3304 945 3375 mortis
966 3329 1026 3375 ae-

41 3422 171 3483 ternae.
554 3423 558 3429 '

139 3522 191 3597 Ut
206 3539 325 3613 autem
340 3524 430 3594 alibi
446 3525 696 3605 admonemur,
722 3525 760 3593 in
776 3527 906 3595 talibus
922 3526 1026 3596 dictis

40 3651 174 3720 semper
199 3626 462 3717 respiciendum
481 3650 557 3698 esse
577 3629 622 3697 ad
647 3628 854 3717 particulam
876 3629 1027 3697 exclusi-

40 3754 133 3814 vam,
161 3725 307 3813 Gratis,
332 3753 438 3821 quam
461 3729 647 3820 praecipue
669 3729 707 3797 in
722 3730 883 3800 doctriua
899 3726 1026 3800 iustifi-

40 3831 188 3903 cationis
202 3845 304 3920 urget
321 3830 472 3916 Paulus,
499 3830 582 3923 quia
606 3825 672 3899 hac
695 3832 839 3923 proprie
854 3831 935 3903 facit
953 3830 1026 3901 dis-

344 236 352 249 ·
441 140 1410 289 stt.usanaar1o1unvane.1ouvu1s
1461 198 1565 278 cav.
1594 200 1676 277 vu.
1765 188 1769 193 ·
1834 258 1837 267 .

2000 204 2075 279 102

1079 375 1196 464 cium,
1221 398 1301 447 cum
1318 374 1452 469 inquit:
1486 373 1560 463 Qui
1575 373 1685 444 credit
1703 372 1741 442 in
1758 398 1834 462 me,
1859 375 2009 445 flumina
2025 378 2071 446 de

1081 494 1208 550 ventre
1225 480 1299 549 eius
1321 479 1444 548 fluent.
1496 479 1549 547 Ac
1571 501 1612 546 ex
1635 477 1711 563 ipso
1738 492 1902 549 contextu
1926 480 2070 547 concio-

1079 584 1136 651 nis
1150 584 1253 652 facile
1267 580 1416 670 intelligi
1435 594 1567 673 potest,
1593 579 1681 673 quid
1698 594 1797 649 vocet
1812 581 1927 650 fidem.
1966 578 2069 653 Clare

1078 684 1252 774 significat
1290 682 1424 777 requiri
1458 683 1581 765 fidem,
1628 704 1718 774 quae
1757 683 1906 753 audiens
1942 706 2067 752 vocem

1077 784 1263 875 Evangelii
1290 788 1333 854 de
1356 786 1506 875 gratuita
1535 782 1758 864 remissione,
1794 784 2003 869 assentitur,
2030 796 2067 854 et

1077 890 1202 979 accipit
1220 889 1536 973 condonationem,
1562 900 1596 955 et
1620 885 1730 955 vincit
1755 887 2014 957 dubitationem
2031 900 2066 956 et
2129 924 2136 941 ·

1077 1003 1249 1075 terrores,
1275 1005 1307 1060 et
1325 990 1432 1081 paulo
1447 1003 1526 1081 post
1541 989 1694 1070 additur,
1720 982 1785 1057 hac
1800 989 1867 1056 fade
1882 983 2066 1059 Christum

1077 1093 1250 1162 efficacem
1266 1115 1338 1161 esse
1356 1093 1394 1159 in
1408 1087 1483 1176 his,
1517 1091 1577 1184 qui
1605 1092 1773 1172 credunt,
1800 1104 1835 1159 et
1852 1092 1935 1158 dare
1951 1089 2065 1179 Spiri-

1077 1208 1152 1264 tum
1165 1207 1324 1263 sanctum
1332 1244 1343 1277 ‚
1373 1218 1451 1263 cum
1470 1194 1517 1263 ait
1544 1207 1675 1274 textus,
1702 1190 1883 1263 Christum
1906 1191 2065 1261 locutum

1076 1318 1150 1366 esse
1179 1298 1222 1364 de
1246 1296 1384 1388 Spiritu
1421 1308 1561 1378 sancto,
1606 1318 1711 1386 quem
1743 1294 1920 1384 accepturi
1950 1308 2066 1366 essent
2181 1347 2185 1354 ·

1076 1400 1269 1467 credentes.
1319 1396 1401 1465 Non
1423 1397 1530 1483 igitur
1554 1396 1638 1465 fades
1653 1394 1825 1481 significat
1840 1409 1978 1466 tantum
1997 1419 2064 1463 no-
2120 1454 2124 1471 ‚

1076 1499 1194 1571 tisiam
1214 1495 1401 1580 historiae,
1427 1513 1488 1568 aut
1504 1498 1755 1588 professionem
1773 1497 1974 1575 doctrinae,
2001 1498 2064 1565 sed

1076 1601 1180 1672 talem
1196 1617 1350 1685 motum,
1377 1624 1482 1693 quem
1500 1598 1767 1690 efficitSpiritus
1783 1614 1923 1669 sanctus
1942 1599 1978 1666 in
1996 1594 2065 1684 his,

1075 1703 1137 1795 qui
1155 1704 1396 1774 assentiuntur
1411 1700 1626 1791 Evangelio,
1657 1725 1727 1792 quo
1745 1700 1816 1768 vivi
1863 1715 1969 1770 antur
1984 1724 2067 1770 cor·

1075 1807 1140 1890 da,
1166 1818 1199 1873 et
1214 1805 1407 1875 vincuntur
1430 1826 1594 1895 pavores,
1619 1802 1710 1873 sicut
1729 1804 1774 1871 de
1798 1796 1832 1871 h¹
1884 1802 1953 1871 lide
1969 1801 2065 1871 Pau-
2103 1862 2108 1869 .

1075 1909 1131 1976 lus
1163 1906 1230 1977 ait:
1284 1905 1463 1977 lustificati
1502 1905 1570 1975 lide
1607 1928 1727 1994 pacem
1766 1896 1938 1973 hahemus
1967 1905 2064 2002 apud

1075 2005 1203 2081 Deum.
1254 2006 1520 2078 Consideranda
1535 2020 1585 2077 est
1601 2007 1706 2075 etiam
1724 2005 1954 2090 universalis,
1979 2006 2065 2097 quia

1076 2106 1241 2181 Christus
1257 2133 1380 2179 omues
1397 2125 1516 2194 vocat,
1541 2132 1605 2177 nec
1626 2107 1708 2175 facit
1725 2106 1926 2178 discrimen.
1978 2104 2064 2179 ldeo

1076 2213 1172 2281 enim
1204 2212 1343 2282 tollitur
1368 2211 1528 2281 conditio
1555 2210 1658 2299 legis,
1698 2221 1737 2278 ut
1757 2231 1882 2277 omnes
1907 2222 2065 2282 statuant

1076 2339 1149 2384 sese
1171 2314 1298 2404 recipi,
1329 2315 1436 2383 modo
1461 2314 1529 2404 ipsi
1555 2335 1626 2381 non
1650 2324 1866 2401 repugnent,
1894 2326 1926 2381 et
1952 2310 2063 2383 sciant

1076 2418 1276 2486 universale
1292 2416 1498 2485 mandatum
1515 2412 1581 2483 Dei
1596 2436 1687 2497 esse,
1713 2425 1752 2481 ut
1772 2435 1896 2481 omnes
1916 2415 2063 2485 credaut

1075 2514 1159 2589 huic
1176 2518 1253 2587 voci
1269 2516 1472 2606 Evangelii,
1498 2540 1602 2609 quam
1618 2528 1719 2583 sonat
1735 2515 1827 2583 filius
1843 2510 1922 2582 Dei.

1178 2620 1286 2709 Quod
1314 2620 1378 2689 ait:
1428 2617 1595 2687 Flumina
1623 2619 1667 2684 de
1690 2629 1813 2685 ventre
1845 2615 1920 2683 eius
1951 2615 2063 2687 fluent

1076 2746 1189 2815 oquae
1219 2723 1340 2805 vivae,
1384 2721 1513 2790 usitata
1543 2713 1750 2808 metaphora
1778 2716 1971 2807 scripturae
2000 2733 2062 2803 est,

1075 2849 1165 2918 quae
1189 2818 1346 2892 hicnon
1370 2835 1508 2892 tantum
1536 2820 1708 2909 significat
1731 2819 2002 2888 vivificationem
2028 2834 2063 2891 et

1076 2926 1378 3011 consolationem,
1403 2927 1461 2992 sed
1481 2922 1726 3012 complectitur
1748 2922 1869 2990 omnia
1884 2921 2063 2999 ,beneficia

1075 3025 1227 3110 Christi,
1253 3027 1315 3120 qui
1330 3040 1379 3096 est
1396 3026 1515 3095 efficax
1539 3024 1838 3105 incredentibus,
1869 3023 2063 3095 satietificat

1076 3153 1136 3199 eos
1151 3131 1232 3199 dato
1246 3129 1384 3220 Spiritu
1407 3142 1548 3209 saneto,
1577 3139 1612 3194 et
1632 3124 1790 3214 impertit
1802 3123 1979 3193 Ecclesiae
1995 3149 2064 3193 uo·

1076 3256 1155 3301 vam
1173 3232 1304 3321 luceru,
1331 3244 1365 3300 et
1381 3230 1448 3298 alia
1465 3228 1623 3317 ingentia
1647 3228 1757 3307 dona,
1784 3227 1914 3317 quibus
1930 3250 2063 3317 propa·

1076 3348 1178 3423 gatur
1198 3333 1328 3402 noticia
1351 3329 1435 3417 Dei,
1475 3331 1634 3399 defendit
1660 3342 1693 3398 et
1716 3341 1832 3397 servat
1855 3323 2064 3410 Ecclesiam,

1075 3438 1245 3527 usquead
1262 3435 1366 3502 finem
1382 3432 1528 3513 mundi,
1550 3434 1717 3501 adversus
1741 3430 1936 3527 potentiam
1954 3431 2064 3502 etin.

1075 3537 1183 3607 sidias
1206 3534 1360 3620 diaboli,
1396 3533 1569 3603 mirandis
1591 3530 1874 3604 liberationibus.
1924 3532 1982 3601 De
2006 3526 2065 3602 his
2100 3530 2109 3543 “

1076 3639 1254 3709 beneficiis
1282 3624 1395 3707 multo
1427 3648 1509 3705 ante
1532 3633 1713 3703 vaticinati
1748 3646 1830 3704 saint
1852 3628 2063 3724 Prophetae,

1075 3743 1119 3813 sd
1152 3764 1302 3833 quorum
1326 3740 1420 3808 dicta
1442 3736 1570 3807 alludit
1588 3730 1771 3814 Christus,
1815 3747 1848 3805 et
1870 3735 1919 3805 sit
1943 3737 1986 3804 de
2006 3730 2064 3807 his

1076 3844 1163 3937 ipsis
1179 3840 1358 3912 beneficiis
1379 3840 1516 3911 locutos
1539 3861 1613 3907 esse
1630 3832 1825 3926 Prophetas
1847 3836 2064 3906 concionan-

39 3934 172 4003 crimen
191 3931 280 4021 legis
293 3946 327 4001 et
340 3931 544 4023 Evangelii:
576 3933 625 4005 iu
645 3945 680 4002 et
704 3930 789 4002 haec
810 3934 936 4003 contio
950 3948 1026 4003 tum
1076 3958 1127 4017 tes
1142 3948 1187 4013 de
1200 3967 1308 4034 regno
1318 3938 1463 4015 Christi.
1515 3939 1615 4012 Sicut
1630 3939 1757 4029 passim
1774 3951 1893 4007 estant
1909 3937 2063 4028 promis·

12 4036 183 4139 jfltfflssm
224 4034 423 4119 (iustam-'ia
475 4034 507 4104 δῖ
544 4034 808 4105 ⁰⁰⁰⁸5d0f⁰m¹¹⁸
842 4031 1027 4106 Christum
1076 4048 1193 4118 siones
1209 4046 1362 4117 traditae
1384 4038 1450 4114 hac
1472 4042 1546 4134 ipsa
1570 4043 1679 4131 figura
1704 4038 1893 4122 sermonis,
1920 4064 1987 4132 qua
2004 4035 2063 4110 hie

40 4138 147 4218 velte,
176 4149 218 4205 ut
231 4149 327 4204 certo
340 4131 433 4206 hanc
449 4137 726 4207 consolationem
741 4149 934 4217 teneamus,
961 4161 1029 4206 no-
1077 4142 1385 4232 utitarchrisaus‚
1418 4159 1458 4217 ut
1478 4142 1603 4214 Esaiae
1630 4140 1705 4215 aa:
1737 4136 1930 4209 Effundam
1954 4164 2064 4234 aquas

40 4239 92 4309 δὴ
111 4238 252 4309 'emilii
277 4252 439 4328 Ρθΰΰθῑθ,
487 4262 529 4309 ⁸⁶
555 4239 685 4308 d⁰¹¹³tl
707 4239 816 4309 '⁵1³⁰‘
840 4250 1028 4323 stimma
1076 4275 1184 4343 super
1197 4250 1394 4334 sitientem,
1429 4263 1463 4320 et
1483 4246 1616 4317 fluenta
1638 4267 1745 4334 super
1767 4240 1920 4322 aridam,
1946 4242 2064 4313 effun-

40 4336 181 4425 (ἶῐῑῑῑδ,
208 4340 612 4433 ΡΐθΡῑθῑῖΡδΰῐῦἦῙῖΰῐῺ
627 4338 714 4424 Del,
740 4341 827 4427 fide,
851 4362 1028 4431 11οηΡΜ·
1076 4356 1159 4425 dam
1174 4351 1338 4443 spiritum
1356 4375 1471 4420 meum
1489 4370 1593 4438 super
1611 4368 1730 4415 semen
1753 4356 1872 4429 tuum,
1898 4357 1962 4416 etc.
2014 4341 2064 4421 Et

40 4457 114 4535 pler
147 4443 285 4531 legem,
325 4465 386 4513 ³01¹
407 4442 588 4534 propriam
611 4443 841 4531 (lignium,
879 4457 913 4512 el
936 4439 1029 4512 hanc
1051 4488 1053 4501 ·
1076 4454 1155 4527 41.;
1182 4452 1295 4543 Egeni
1319 4467 1352 4523 et
1376 4472 1545 4544 pauperes
1574 4459 1749 4541 quaerunt
1771 4467 1900 4539 aquas,
1931 4459 1964 4516 et
1987 4470 2063 4516 non

41 4566 111 4617 Μ
133 4541 208 4617 Dei
231 4544 470 4629 V⁰¹¹¹¹¹i⁸¹0ffl2
498 4556 751 4617 ὓῑίίὸῑῦὸῐΰῦθ
775 4559 870 4616 cerm
893 4568 1028 4615 ΜΗΘ·
1078 4572 1178 4629 sunt:
1219 4552 1298 4645 Ego
1317 4554 1483 4625 dominus
1506 4550 1690 4620 exaudiam
1720 4569 1800 4633 eos,
1846 4548 2000 4637 aperiam
2024 4548 2064 4621 in

13 4644 126 4739 *fils
183 4644 344 4716 ⁶¹²¹¹dlfl
378 4660 414 4717 ⁶²
446 4645 576 4719 “Emi
618 4661 764 4739 P¹'⁰Pter
798 4648 1029 4716 ¹¹¹²d3³¹⁰f²m
1078 4640 1407 4732 collibus‘llumina.
1457 4652 1504 4725 Et
1528 4652 1672 4745 quidem
1691 4649 1843 4720 loannes
1867 4650 1941 4742 ipse
1964 4651 2065 4721 addit
2113 4638 2119 4649 ¹

13 4742 242 4833 Quietum,
289 4746 429 4819 etiamsi
462 4770 586 4818 sumus
621 4748 772 4841 indigni.
836 4748 1029 4843 Nunquam
1078 4757 1408 4852 interpretationem
1433 4757 1517 4826 dicti
1544 4749 1696 4837 Christi,
1729 4751 1778 4821 ait
1801 4776 1881 4820 eum
1907 4752 2065 4822 locutum

46 4852 135 4921 ‘nim
155 4849 395 4945 fitqsslestestl
416 4872 534 4935 mem,
565 4872 632 4921 ¹¹⁰⁰
657 4865 775 4942 Ρῡῦδθῑ
794 4850 938 4922 vincere
960 4852 1031 4921 du·
1078 4888 1153 4935 csse
1168 4866 1213 4935 de
1227 4860 1364 4955 Spiritu
1385 4871 1524 4945 sancto,
1550 4880 1656 4953 quern
1681 4853 1857 4947 accepturi
1872 4865 1974 4925 erant
1990 4877 2065 4923 cre.

46 4952 269 5037 titutionem,
308 4952 339 5020 si
366 4953 594 5023 sentiendum
625 4968 732 5034 esset,
777 4967 854 5025 tum
885 4955 1030 5023 demum
1079 4968 1201 5039 dentes
1217 4962 1253 5031 ῐῃ
1272 4963 1402 5054 ipsum,

45 5076 103 5127 vos
126 5053 300 5148 consequi
320 5048 408 5125 haee
433 5053 621 5136 beneficia,
660 5055 691 5127 si
713 5051 924 5128 haberemus
947 5053 1032 5127 sotis
1183 5064 1350 5137 Miranaa
1383 5062 1451 5134 fate
1481 5054 1569 5132 baec
1596 5053 1719 5129 concio
1743 5052 1895 5135 Christi,
1933 5077 1998 5125 nec
2022 5056 2068 5127 ah
2109 5118 2114 5129 .

46 5157 263 5229 Μῑῑθῐΰῐῦ·
1079 5168 1186 5263 ipsis,
1218 5168 1280 5261 qui
1309 5167 1520 5245 audierunt,
1560 5159 1738 5231 intellecta
1759 5170 1843 5227 sunt
1868 5156 1950 5226 talia
1975 5155 2069 5249 dicta

56 5306 60 5311 ·
137 5273 255 5347 Addit
267 5266 568 5358 antem,Christns
585 5273 662 5365 ipse
678 5288 712 5345 et
727 5275 871 5345 aiteram
894 5287 1031 5368 partem
1079 5267 1298 5362 prophetica,
1345 5267 1495 5338 Prorsus
1509 5262 1811 5334 enimfaseinatus
1827 5270 1901 5329 erat
1916 5259 2070 5350 populus

48 5376 242 5462 doetrinae,
281 5374 464 5469 quomodo
484 5400 526 5448 co
614 5398 744 5453 mmor
764 5374 878 5472 ipsius
898 5377 1033 5453 henefi-
1080 5372 1246 5453 ludoicus
1263 5370 1517 5463 imaginatione
1533 5366 1577 5437 de
1593 5386 1702 5456 regno
1718 5359 1870 5435 Messias
1885 5361 2075 5461 corporali,

88 5484 273 5553 Mutum
299 5480 406 5551 oen.
429 5481 513 5552 va..
527 5398 619 5552 Ἠ
1537 5469 1587 5559 tt
