4522 5782
88 210 136 305 Β]
199 131 343 296 ,ΙΧΙῙι
392 206 431 285 2.
464 200 829 307 coumuumn
857 201 907 279 ΙΝ
931 197 1266 291 autumnum
1290 202 1360 280 att
1385 200 1650 285 ROMANOS.
1702 204 1810 290 CAP.
1835 212 1867 290 1.
2004 209 2082 292 ⁶6⁰
2168 205 2173 213 ’

88 393 162 451 tum
187 403 243 465 ss¹
251 377 456 473 posteritate
477 373 626 467 David,
661 375 758 449 iusta
790 375 1039 467 promisiones,
1092 399 1149 447 cas
1191 378 1482 469 superstitiones,
1535 378 1795 454 invocationem
1842 396 2078 475 mortuorum,

93 482 215 551 divina
233 485 475 573 potentianus
492 479 768 550 sanctificantem
794 478 868 549 vita
885 491 1041 554 aeterna.
1090 478 1343 551 idolomaniam
1368 480 1609 567 manifestam,
1646 499 1679 553 et
1708 480 1872 558 horribili
1894 488 2076 581 impietate

88 608 136 655 tec
150 584 311 669 membra
327 582 506 672 copiosius
521 581 617 650 inira
638 581 932 653 declarabuntur.
1090 577 1406 679 prophanaverunt
1424 608 1567 654 coenam
1582 584 1740 661 Domini.

142 683 227 755 ldeo
244 699 362 756 autem
371 684 503 754 Paulus
519 683 624 752 initio
640 683 759 754 statim
775 682 963 774 proposuit
977 684 1041 753 ds-
1191 682 1287 754 Haec
1309 686 1435 774 partim
1457 687 1724 784 superstitione,
1750 688 1878 779 partim
1900 706 2076 787 quaestus,

88 785 251 870 itionem,
266 787 482 857 utsciremus
493 784 1040 879 quidprofessussit,ctdiligen-
1090 784 1218 875 partim
1250 788 1463 857 muniendae
1496 791 1697 882 tyrannidis
1720 814 1842 876 causa,
1882 796 2074 887 excogitata

88 889 387 959 :discerneremus
397 889 510 979 legem
527 882 791 977 abEvangelio,
814 887 916 981 quasi
933 887 1038 971 dicat,
1089 903 1181 956 sunt.
1233 885 1301 957 Hic
1316 903 1434 959 coetera
1457 890 1645 980 impiorum
1670 893 1875 984 pontificum
1894 909 1928 967 et
1948 892 2075 968 mona·¹

88 990 175 1061 tulus
195 990 369 1061 divinitus
401 995 545 1059 v'ocatus
575 990 619 1057 ad
648 991 847 1059 docendum
866 984 1038 1077 Evange·
1088 982 1237 1058 chorum
1261 1012 1331 1058 nou
1364 1004 1413 1059 est
1439 988 1593 1063 Ecclesia
1619 991 1771 1081 Christi,
1810 1021 1919 1090 quare
1940 974 2075 1073 iniuste

88 1116 128 1159 tm
150 1093 195 1161 de
216 1087 388 1179 Christo,
429 1115 503 1161 non
535 1091 578 1160 ad
605 1091 806 1161 docendum
830 1091 942 1181 legem
976 1103 1038 1162 aut
1088 1084 1185 1160 hunc
1207 1087 1492 1161 honestissimum
1520 1093 1661 1165 titulum
1684 1098 1752 1168 sibi
1776 1114 1961 1191 arrogant,
1991 1126 2073 1172 cum

88 1190 315 1286 iilosophiam.
1088 1213 1186 1260 suam
1212 1195 1433 1264 autoritatem
1459 1198 1756 1285 commentitiam,
1787 1224 1862 1270 non
1885 1226 1989 1272 verae
2006 1202 2074 1275 Ec-

1086 1293 1212 1365 clesiae
1228 1297 1472 1381 autoritatem,
1498 1298 1602 1368 nobis
1616 1315 1815 1391 opponunt.
1866 1300 1993 1375 Monet
2007 1304 2074 1394 igi-

1086 1405 1146 1466 tor
1160 1394 1292 1467 Paulus
1315 1392 1383 1467 hoc
1407 1398 1503 1485 loco,
1528 1424 1573 1469 ne
1597 1401 1672 1471 sine
1696 1404 1905 1473 testimoniis
1922 1406 2073 1496 scriptu·
2196 1408 2202 1418 “

88 1588 90 1595 Ι
142 1500 229 1575 ldeo
254 1499 400 1586 inserit,
425 1513 467 1571 ut
489 1500 616 1571 tacitae
642 1497 837 1568 obiectioni
862 1509 1034 1569 occurrat.
1085 1520 1145 1567 eae
1170 1497 1313 1569 divinae
1345 1501 1507 1589 dogmata
1538 1503 1774 1595 recipiantur,
1815 1521 1937 1579 monet
1964 1508 2070 1578 etiam

88 1628 134 1675 nn
156 1628 290 1675 novum
313 1624 424 1692 genus
450 1602 634 1671 doctrinae
657 1600 902 1693 profiteretur,
936 1597 1032 1671 baud
1085 1613 1126 1670 ut
1140 1598 1429 1672 veraeEcclesiae
1441 1605 1632 1674 sententias
1646 1609 1879 1703 requiramus,
1901 1624 1935 1682 et
1952 1633 2072 1687 veram

88 1706 151 1779 tbie
173 1706 427 1796 obstrepebant
449 1698 644 1773 Pharisaei.
707 1698 798 1772 Cum
826 1724 965 1793 semper
987 1702 1032 1772 ab
1083 1696 1415 1776 Ecclesiamalalsa
1432 1708 1685 1780 discernamus.
1742 1700 1746 1709 ’

88 1809 146 1881 itio
167 1807 297 1878 mundi
319 1806 437 1900 aliqua
462 1805 571 1875 suerit
591 1798 749 1874 Ecclesia
773 1800 858 1888 Dei,
891 1825 1032 1873 necesse
1587 1869 1594 1889 ‚

88 1934 93 1983 :
117 1934 197 1981 eam
220 1908 375 1979 tenuisse
396 1906 594 1977 doctrinam
617 1904 849 1976 necessariam
872 1907 917 1974 ad
935 1905 1031 1975 salu·
1436 1866 1499 1939 D‘
1527 1865 1615 1963 mm
1644 1895 1725 1948 ⁸¹¹⁰·

88 2036 121 2081 n.
150 2010 379 2101 Quaerebant
389 2009 498 2098 igitur
511 2005 705 2093 Pharisaei,
720 2031 766 2077 an
777 2004 1032 2099 Apostolorum
1187 1995 1354 2093 Opponit
1378 2017 1412 2075 et
1434 1999 1527 2074 hanc
1550 2007 1759 2098 particulam
1784 2008 1989 2100 vulgaribus
2012 2009 2072 2082 lu-

88 2114 241 2185 ctrinam
266 2113 458 2185 tenuerint.
507 2110 547 2181 Si
573 2134 648 2180 non
674 2122 881 2194 tenuerunt,
907 2108 1033 2178 clami·
1083 2102 1254 2173 dacorum
1269 2107 1567 2196 persuasionibus.
1601 2108 2072 2202 ludaeiexpectabantMes-

88 2230 117 2287 rt
126 2212 322 2300 Pharisaei,
345 2237 474 2286 novam
493 2225 526 2282 et
541 2210 817 2283 commentitiam
833 2234 917 2285 esse.
955 2208 1032 2282 Re·
1083 2203 1191 2295 Ιῖθῐῐῐ,
1223 2207 1287 2299 qui
1312 2231 1385 2277 ¹¹⁰ss
1411 2223 1498 2279 ²⁸⁵ss
1520 2224 1645 2281 sstlffl'a
1668 2212 1772 2283 filim
1790 2211 1877 2299 Del,
1903 2216 1964 2285 Sed
1988 2228 2072 2285 1³¹¹·

88 2317 359 2389 oudetPaulus:
394 2314 471 2385 lmo
493 2338 606 2384 unum
631 2328 665 2386 et
686 2315 779 2382 idem
798 2309 1032 2402 Evangelium
1086 2319 1162 2377 tum
1191 2303 1319 2395 homo,
1357 2312 1501 2382 caeteris
1525 2307 1713 2404 Prophetis
1741 2315 1885 2401 similis,
1917 2310 1986 2387 hoc
2005 2330 2071 2399 est,

88 2421 154 2491 tde
173 2418 324 2503 Massia,
350 2420 444 2512 quod
457 2415 621 2486 Patribus
634 2415 868 2514 promissum,
893 2412 1032 2485 etPro·
1081 2408 1295 2481 antecellens
1322 2414 1447 2503 vulgus
1474 2414 1672 2506 sapientia.
1703 2416 1862 2503 iusticia,
1903 2433 1937 2489 et
1957 2418 2071 2491 felici·

88 2522 161 2593 tetis
176 2536 431 2604 monstratum,
457 2531 492 2589 et
504 2541 601 2587 nunc
615 2514 812 2587 exhibitum
832 2529 895 2589 est.
949 2513 1032 2585 Non
1081 2523 1154 2583 tate
1171 2510 1210 2579 iu
1229 2516 1336 2585 rebus
1356 2517 1536 2604 gerendis,
1569 2533 1608 2588 ut
1633 2518 1735 2608 facile
1760 2520 1858 2589 orbis
1879 2519 2068 2612 imperium

89 2624 235 2695 ierimus
250 2625 447 2697 doctrinam
466 2621 623 2710 ignotam
641 2618 805 2689 Patribus
817 2632 852 2703 et
871 2617 1033 2709 Prophe-
1082 2628 1281 2704 occuparet.
1331 2617 1380 2685 At
1406 2615 1528 2688 Patres
1550 2632 1585 2690 et
1600 2616 1797 2713 Prophetae
1820 2637 1951 2693 norant
1972 2620 2070 2692 Mes·

88 2750 110 2809 t,
132 2727 193 2794 sed
218 2750 237 2793 a
263 2726 365 2794 vobis
387 2725 551 2794 obrutam
571 2745 635 2813 per
656 2716 829 2790 humanas
845 2720 1033 2811 opiniones
1082 2716 1171 2784 siam
1196 2739 1270 2785 esse
1293 2716 1406 2787 hlium
1428 2716 1515 2805 Dei,
1546 2734 1632 2791 tunc
1660 2747 1801 2816 quoque
1823 2725 1917 2815 ipsos
1941 2726 2069 2814 guber·

88 2827 243 2897 tinsticia
263 2828 367 2914 legis,
393 2828 437 2895 de
454 2846 563 2914 regno
579 2824 721 2915 politico
741 2821 905 2897 Messias.
960 2820 1034 2890 Vos
1082 2830 1227 2888 nantem
1244 2831 1278 2887 et
1293 2820 1485 2890 iuvantem.
1540 2820 1794 2917 lacobinquit:
1826 2825 1985 2916 Angelus
2007 2826 2069 2920 qui

88 2929 260 2999 >ecramini
286 2925 354 2999 hoc
376 2949 486 3017 genus
509 2926 690 2995 doctrinae
713 2937 882 3017 tanquam
899 2946 1033 2992 novum
1083 2918 1214 3009 cripuit
1229 2942 1286 2987 me
1303 2944 1343 2988 ex
1360 2923 1527 2992 omnibus
1544 2925 1667 3006 malis,
1696 2926 1882 2997 benedicat
1905 2923 1959 2998 his
1981 2948 2070 3018 pue·
2187 2970 2189 2976 ·

102 3032 405 3115 commentitium,
439 3029 523 3121 quia
544 3051 618 3096 non
639 3026 864 3114 intelligitis,
895 3027 940 3093 de
962 3047 1032 3117 qua
1083 3019 1154 3104 ris,
1184 3021 1248 3089 uhi
1270 3021 1443 3109 significat
1469 3049 1505 3093 se
1531 3025 1630 3118 loqui
1655 3028 1699 3095 de
1723 3027 1931 3113 liberatore,
1964 3053 2069 3124 quem

88 3134 259 3203 hcratione
284 3130 406 3202 Patres
437 3145 471 3201 et
493 3125 689 3219 Prophetae
723 3126 924 3196 concionati
953 3125 1036 3194 sint.
1083 3136 1186 3192 norat
1201 3125 1413 3213 promissum
1433 3148 1517 3201 esse.
1560 3127 1652 3197 Nam
1669 3123 1775 3196 huius
1791 3130 1975 3220 proprium
1991 3154 2070 3201 mu-

88 3235 201 3326 ingitis
226 3259 290 3303 vos
314 3256 387 3302 esse
412 3232 524 3301 iustus
540 3232 632 3319 lege,
660 3228 827 3298 Messiam
842 3241 1032 3299 venturum
1083 3245 1151 3294 nus
1175 3239 1227 3295 est
1251 3224 1401 3295 liberare
1424 3252 1465 3296 ex
1486 3230 1654 3299 omnibus
1670 3230 1783 3299 malis.
1833 3227 1886 3302 Ac
1902 3232 2070 3323 viderunt

88 3360 141 3422 se,
168 3348 209 3406 ut
223 3350 368 3426 occupet
382 3333 506 3402 mundi
528 3332 734 3422 imperium,
759 3329 863 3400 vobis
876 3331 935 3401 det
951 3354 1036 3422 pro·
1084 3350 1164 3396 eum
1175 3325 1291 3411 lacob,
1300 3324 1419 3398 Moses
1432 3344 1467 3402 et
1476 3328 1613 3400 Daniel.
1642 3329 1726 3400 ldeo
1739 3330 1900 3418 loannes,
1916 3348 1955 3404 ut
1966 3348 2069 3406 teste-

90 3439 184 3508 neias
199 3441 380 3528 regendas,
405 3448 446 3505 ut
462 3433 589 3524 opibus
604 3448 640 3504 et
654 3433 895 3523 voluptatibus
910 3433 1036 3502 alllua-
1083 3442 1144 3498 tur
1165 3428 1333 3498 Messiam
1357 3454 1429 3501 esse
1453 3432 1565 3502 lilium
1591 3434 1681 3520 Dei,
1706 3448 1741 3504 et
1759 3458 1898 3532 semper
1918 3437 2071 3507 adfuisse

88 3565 112 3611 s:
133 3538 232 3611 Haec
248 3555 300 3610 est
315 3538 496 3620 liberatio,
523 3556 629 3628 quam
649 3558 712 3603 vos
732 3535 917 3604 temulenti
941 3556 1036 3603 som-
1085 3532 1256 3624 patribus,
1272 3531 1408 3624 inquit:
1434 3532 1475 3603 ln
1491 3536 1667 3626 principio
1683 3550 1758 3605 erat
1771 3539 1931 3621 verbum,
1950 3538 2071 3608 omnia

88 3638 169 3713 istis.
220 3639 269 3713 At
288 3643 342 3710 illi
365 3639 593 3731 expectabant
610 3635 795 3720 Messiam,
827 3637 889 3729 qui
914 3635 1036 3705 divina
1084 3631 1565 3729 peripsumiactasuntetc.
1619 3636 1829 3725 significans
1851 3664 1975 3710 omnes
1995 3640 2071 3728 glo-

88 3745 207 3817 stentia
238 3745 378 3813 aboleat
407 3752 586 3833 peccatum
612 3751 646 3808 et
678 3752 851 3822 mortem,
892 3738 955 3832 qui
975 3739 1038 3807 de-
1087 3735 1200 3805 riosas
1222 3736 1406 3821 victorias,
1439 3736 1555 3820 Noae,
1583 3735 1769 3823 Abrahae,
1794 3735 1939 3832 loseph,
1964 3740 2073 3827 Mosi,

88 3861 165 3918 ruat
188 3869 337 3934 regnum
361 3843 513 3914 diaboli:
543 3841 581 3910 id
603 3839 744 3909 volebat
766 3840 975 3931 promissio,
999 3838 1038 3906 in
1088 3834 1289 3917 Samuelis,
1329 3835 1499 3919 Davidis,
1538 3836 1684 3926 Esaiae,
1725 3839 1914 3926 Ieremias,
1955 3856 2072 3933 partas

88 3972 126 4019 ua
144 3948 368 4041 promittitur
381 3968 524 4028 semen,
550 3943 644 4036 quod
661 3953 818 4011 conteret
838 3954 943 4031 caput
964 3963 1041 4012 ser·
1088 3959 1162 4007 esse
1192 3933 1260 4006 hoc
1285 3939 1376 4009 duce
1405 3954 1439 4010 et
1468 3956 1729 4032 propugnatore
1754 3958 1876 4014 nostro
1906 3944 2074 4014 adversus

88 4052 177 4122 entis.
233 4047 368 4123 Eodem
393 4051 499 4117 modo
523 4068 619 4114 ntrnc
642 4042 746 4113 nobis
768 4057 954 4134 opponunt
971 4042 1039 4111 Pa-
1088 4038 1287 4115 diabolum.
1335 4039 1454 4130 Quare
1476 4056 1512 4114 et
1532 4039 1600 4113 hoc
1623 4044 1848 4116 locoPaulus
1870 4048 1914 4114 de
1935 4046 2075 4117 duabus
2119 4048 2137 4089 f

88 4148 388 4225 istaeEcclesiam:
420 4147 671 4218 Vociferautur
690 4166 757 4214 uos
777 4145 918 4214 adferre
930 4166 1041 4233 genus
1088 4141 1226 4211 naturis
1251 4143 1290 4211 in
1309 4140 1439 4213 Messia
1456 4146 1704 4217 concionatur:
1740 4162 1843 4218 vocat
1865 4147 1977 4216 filium
1993 4145 2075 4231 Dei,

88 4257 236 4327 octrinae
254 4255 414 4343 ignotum
431 4247 619 4321 Ecclesiae.
667 4243 741 4317 Nos
757 4224 1039 4316 reclamamus'et
1088 4254 1130 4313 ut
1144 4239 1355 4314 ludaeorum
1372 4270 1526 4316 errorem
1546 4262 1649 4332 taxet,
1673 4221 1764 4319 sicut
1779 4244 1983 4320 etChristus
1999 4249 2075 4341 ipse

88 4372 225 4429 alamur
247 4357 385 4425 fulsisse
416 4352 615 4422 doctrinam
646 4361 802 4418 nostram
824 4348 862 4415 in
885 4343 1041 4417 Ecclesia
1089 4345 1223 4415 taxavit
1246 4344 1393 4421 loamd.
1418 4363 1452 4419 et
1473 4372 1575 4441 saepe
1598 4350 1695 4423 alias.
1754 4350 1932 4443 Loquitur
1955 4365 2075 4423 autem

88 4475 224 4544 atrum,
257 4451 536 4547 Prophetarum,
571 4448 846 4542 Apostolorum,
880 4471 920 4518 ac
939 4448 1050 4517 dein-·
1090 4444 1224 4517 Paulus
1245 4449 1289 4515 de
1310 4472 1481 4538 persona,
1514 4466 1548 4521 et
1569 4463 1648 4542 apte
1670 4453 1795 4525 tribuit
1821 4476 1990 4543 personae
2011 4477 2076 4546 ap·

88 4586 135 4654 eps
156 4562 253 4654 apud
279 4559 367 4651 pios.
418 4556 623 4644 Allegamus
638 4546 817 4621 Ecclesiae
832 4549 1043 4632 testimonia,
1092 4548 1492 4638 pellationemhlii·Dei.
1544 4550 1625 4620 Non
1651 4554 1747 4621 enim
1771 4567 1907 4626 tantum
1932 4556 2076 4626 divinae

88 4663 224 4735 idelicet
245 4656 526 4752 Prophetarum,
557 4652 810 4745 Apostolorum
837 4665 871 4723 et
893 4651 1043 4720 aliorum
1067 4662 1071 4741 Ι
1093 4662 1241 4718 naturae
1264 4652 1452 4721 tribuenda
1471 4665 1524 4722 est
1543 4648 1628 4721 haec
1642 4655 1849 4746 appellatio,
1874 4659 1933 4727 sed
1955 4681 2077 4749 perso·

88 4768 214 4840 iorum.
274 4762 423 4835 Nullum
446 4758 555 4828 einim
583 4779 692 4846 genus
724 4754 906 4825 doctrinae
936 4751 1043 4843 recipi
1067 4746 1071 4793 ²
1094 4774 1163 4818 nae
1178 4748 1322 4823 Christi.
1348 4750 1455 4822 Hunc
1473 4770 1589 4825 autem
1605 4768 1750 4827 testatur
1763 4773 1921 4829 constare
1939 4761 2077 4829 duabus

88 4872 181 4951 rhet,
207 4866 303 4962 quod
323 4887 425 4934 verae
438 4860 615 4930 Ecclesiae
630 4853 765 4928 Christi
789 4877 929 4946 semper
943 4853 1046 4944 igno·
1095 4853 1252 4937 naturis,
1276 4853 1324 4923 ait
1344 4850 1441 4925 hunc
1456 4856 1568 4925 filium
1583 4861 1778 4928 secundum
1797 4885 1936 4928 carnem
1954 4875 2077 4928 natum
2182 4907 2184 4911 ψ

88 4998 133 5045 un
154 4971 237 5043 tuit.
287 4966 358 5039 Sed
380 4964 502 5034 multis
524 4963 593 5031 iam
621 4960 747 5030 seculis
768 4960 955 5027 obscurata
977 4954 1046 5025 fuit
1096 4977 1170 5024 esse
1191 4979 1232 5023 ex
1257 4957 1390 5026 semine
1402 4956 1536 5029 David:
1571 4956 1733 5030 Affirmat
1757 4963 1864 5051 igitur
1877 4963 1915 5030 in
1937 4955 2078 5033 Christo

88 5099 161 5147 erae
177 5070 355 5144 Ecclesiae
371 5065 580 5136 sententiae:
607 5061 697 5133 Nam
714 5060 916 5157 pontifices,
940 5057 1048 5126 sacri·
1097 5078 1171 5125 esse
1187 5050 1378 5127 humanam
1396 5075 1569 5131 naturam.
1607 5056 1654 5131 Et
1669 5056 1727 5132 hic
1743 5064 1841 5132 locus
1857 5065 1983 5132 refutat
1997 5060 2080 5131 Ma-

88 5178 178 5263 ruli,
204 5166 391 5253 monachi,
423 5177 629 5257 sparserunt
652 5163 690 5229 iu
710 5159 869 5231 Ecclesia
888 5159 993 5227 falsas
1016 5173 1051 5230 et
1099 5152 1266 5228 nichaeos
1281 5174 1314 5230 et
1330 5161 1516 5255 plerosque
1539 5163 1646 5248 alios,
1677 5166 1738 5256 qui
1762 5161 1953 5232 humanam
1975 5177 2080 5271 natu-

88 5274 285 5351 harasaicas
307 5271 515 5362 opiniones,
540 5270 584 5337 de
600 5262 736 5334 iusticia
758 5282 926 5355 operum,
949 5282 1052 5329 exco—
1100 5284 1177 5330 ram
1193 5255 1335 5333 Christo
1360 5267 1604 5350 detraxerunt,
1629 5280 1690 5334 aut
1711 5278 1883 5355 negarunt
1905 5279 2081 5358 acceptam

136 1357 211 1435 Per
224 1355 432 1460 Prophetas
449 1357 490 1432 ies
505 1356 701 1460 scripturis
717 1355 860 1430 sanctis
877 1364 941 1434 sic.

88 5383 264 5457 iuverunt
288 5364 618 5470 ἔθελοθρησκείας,
642 5364 914 5437 tumuldverunl
934 5355 1053 5432 elbai·
1103 5384 1232 5434 esteex
1248 5366 1419 5457 sauguine
1434 5367 1729 5538 matargspirginis.
1780 5366 1918 5441 Deinde
1942 5368 2083 5440 concio-
