4522 5782
88 163 99 235 t
207 126 313 242 'xru
364 160 400 235 r.
424 121 725 243 suasurum
752 159 1622 247 urtsr.ruroutsaor1uorrmuu.--
1652 166 1756 245 car.
1777 171 1808 275 r.
1937 174 2038 249 sno

88 335 129 419 ri,
155 338 252 430 quod
275 335 322 408 sit
339 350 521 428 peecatum
541 336 801 411 irremissibile.
855 336 974 412 Paulo
1038 340 1158 413 licam.
1223 337 1323 414 Haec
1363 341 1569 415 discrimina
1612 355 1836 434 peccatorum
1878 343 2031 416 iudicari

88 441 142 510 ted
165 439 357 512 discrimen
379 439 536 524 iudicat,
562 464 644 513 curn
667 442 738 514 ait:
769 438 865 532 Quia
884 443 969 535 iguo
1038 458 1156 534 postea
1174 459 1340 533 possunt,
1364 469 1445 517 curu
1462 446 1624 517 videmus
1640 446 1782 538 aliquos
1801 435 2051 538 indulgentes*

100 542 179 617 teci.
1036 546 1108 618 suis
1124 546 1308 619 furoribus
1324 549 1370 619 ad
1388 547 1643 640 poenitentiam
1659 549 1776 619 redire
1792 548 1961 626 uoluisse.

98 641 169 715 Sed
191 640 250 716 hic
270 644 438 716 oriuntur
457 644 699 739 quaestiones,
739 647 885 735 Aaron,
917 647 985 720 Pe·

88 803 91 827 ,
122 744 324 833 Manasses,
350 771 425 818 non
450 762 685 838 peccaverunt
705 749 924 839 ignorantia,
951 766 986 824 et
1910 806 1933 821 ..

88 872 115 916 u
141 851 273 942 recepti
307 863 410 937 sunt,
441 864 476 921 et
505 873 580 921 esse
612 852 758 945 aliquod
793 856 983 925 discrimen
1135 850 1251 944 Supra
1267 852 1311 921 de
1328 850 1421 942 Lege
1436 852 1668 923 concionatus
1683 864 1754 936 est,
1780 875 1877 923 nunc
1898 852 2025 945 inserit

88 953 152 1042 tpla
192 954 397 1024 ostendunt.
471 947 588 1024 Aliter
628 955 781 1050 deliquit
821 958 985 1028 diabolus
1032 977 1204 1024 summam
1214 952 1419 1044 Evangelii,
1444 958 1504 1024 sed
1522 954 1625 1024 valde
1641 955 1817 1039 breviter,
1835 955 1918 1047 quia
1935 955 2023 1025 seri-

92 1075 108 1122 s
130 1068 165 1124 et
182 1052 344 1145 superbe
357 1055 555 1144 despiciens
568 1058 705 1140 Deum,
733 1058 836 1129 aliter
855 1056 983 1142 Adam,
1032 1057 1086 1128 bit
1101 1057 1147 1125 ad
1167 1058 1384 1142 auditorem,
1417 1057 1480 1149 qui
1502 1059 1616 1129 leserat
1640 1056 1751 1147 ipsius
1775 1081 1892 1127 comes
1912 1057 2021 1149 longo

88 1179 138 1239 m,
171 1157 341 1242 seientes,
374 1158 437 1227 sed
458 1160 612 1249 superati
633 1159 867 1231 infirmitate?
911 1161 981 1234 Sed
1031 1172 1208 1249 tempore,
1242 1174 1276 1228 et
1292 1162 1383 1228 bene
1401 1172 1615 1248 cognoverat
1629 1171 1740 1229 totam
1756 1159 1940 1230 doctrinae
1958 1183 2023 1228 vo·

88 1259 289 1329 omittamus
308 1254 372 1329 has
395 1260 638 1352 quaestiones,
663 1276 699 1333 et
720 1263 917 1335 iudicemus
938 1268 982 1334 de
1030 1284 1117 1335 cern.
1168 1259 1222 1331 Ac
1239 1261 1344 1334 initio
1365 1261 1575 1331 asseveratio
1594 1262 1797 1352 potitust,
1824 1255 2022 1343 Certus=esl

88 1373 176 1428 ntate
192 1363 258 1435 Dei
273 1362 372 1431 iuxta
391 1363 540 1431 verbum
557 1363 692 1454 ipsius:
728 1364 980 1438 Htrncaudite.
1031 1386 1147 1432 sermo
1168 1377 1202 1434 et
1224 1365 1426 1434 firmissime
1451 1364 1728 1455 amplectendus.
1779 1361 1857 1449 Hac
1880 1385 2019 1433 asseve-

88 1461 124 1528 tis
141 1464 201 1556 qui
216 1464 327 1534 credit
343 1464 379 1531 in
395 1464 520 1547 filium,
539 1460 647 1537 habet
663 1467 771 1537 vitam
788 1484 981 1559 aeternam,
1029 1466 1227 1534 rationein
1249 1467 1354 1536 nobis
1377 1490 1519 1559 quoque
1540 1467 1646 1535 fidem
1670 1464 1939 1546 confirmemus,
1979 1478 2021 1537 ut

90 1565 245 1635 feramus
277 1564 391 1635 lilium
424 1564 512 1650 Dei,
554 1580 590 1638 et
624 1569 872 1663 iusiurandum
915 1574 981 1643 toti
1031 1591 1072 1635 ex
1097 1569 1383 1637 dubitationibus
1407 1569 1620 1652 eluctemur,
1658 1581 1692 1639 et
1718 1590 1800 1637 vere
1824 1580 2019 1645 statuamus

88 1668 261 1757 speccati.
315 1666 475 1739 Sciamus
493 1668 598 1739 etiam
619 1673 886 1744 anteferendum
908 1697 981 1744 esse
1030 1692 1097 1738 nos
1117 1670 1228 1761 recipi
1249 1682 1288 1739 et¹
1307 1670 1477 1739 exaudiri.

88 1792 106 1837 u
124 1766 191 1837 Dei
214 1769 296 1839 voci
317 1769 420 1861 legis:
447 1768 512 1840 etsi
528 1784 644 1842 autem
662 1768 749 1845 haec
771 1798 887 1866 pugna
910 1777 980 1847 dit.
1130 1771 1200 1841 Hic
1216 1786 1331 1841 antem
1348 1785 1481 1863 repetat
1496 1771 1742 1865 unusquisque
1756 1772 1850 1863 apud
1870 1794 1944 1842 sese
1958 1772 2018 1844 iu·

88 1894 94 1936 t
111 1884 144 1939 et
159 1895 285 1959 magna
302 1887 372 1952 est,
395 1885 513 1942 tamen
532 1869 597 1943 hae
611 1876 753 1964 regulae
769 1902 872 1948 verae
887 1891 981 1965 sunt,
1028 1886 1159 1962 tegram
1181 1875 1381 1944 doctrinam
1403 1876 1449 1944 de
1465 1872 1740 1958 lustiticatioue,
1766 1876 1811 1943 de
1832 1897 1901 1966 qua
1924 1897 2019 1943 sem·

1265 722 1268 727 ’
1346 704 1478 789 Certus
1505 721 1558 787 est
1580 736 1709 787 sermo.

92 1996 114 2039 n
133 1974 379 2063 negligendae,
412 1974 509 2043 iuxta
526 1975 616 2046 illud
632 1975 752 2073 Moysi
768 1981 883 2073 capite
903 1984 979 2057 18.:
1029 1999 1090 2065 per
1109 1977 1356 2044 eodemmodo
1374 1976 1547 2056 dicimus,
1578 1990 1612 2046 et
1630 1976 1815 2046 exordium
1833 1976 2017 2046 doctrinae

88 2097 161 2142 non
186 2076 340 2145 audierit
354 2074 488 2162 lilium,
515 2099 578 2166 ego
599 2080 696 2150 ultor
719 2105 792 2152 ero.
1027 2101 1069 2146 ex
1084 2078 1202 2146 verbis
1216 2075 1362 2148 Domini
1378 2079 1570 2147 sumimus:
1599 2076 1649 2146 lte
1668 2078 1909 2166 praedicantes
1931 2101 2017 2169 poe-

91 2174 193 2246 Hanc
218 2176 498 2247 consolationem
519 2203 657 2266 veram,
682 2195 722 2252 ut
739 2185 834 2272 dixi,
860 2198 980 2258 tenea·
1027 2180 1213 2251 nitentiam
1236 2193 1270 2249 et
1287 2180 1528 2249 remissionem
1554 2192 1777 2271 peccatorum
1804 2178 1842 2246 in
1868 2180 2016 2250 nomine

125 2291 158 2347 et
183 2302 248 2348 nos
273 2281 367 2370 ipsos
389 2280 640 2367 extiscitemus,
686 2297 720 2354 et
742 2289 831 2359 alios
856 2313 980 2360 omnes
1026 2305 1117 2354 meo.
1155 2279 1808 2373 llaeclierioportetinconversione.
1852 2279 2015 2350 Primum

88 2403 176 2449 emur
199 2384 242 2450 ad
268 2380 522 2472 poenitentiam
546 2386 647 2454 etad
671 2386 796 2471 fidem,
828 2390 919 2463 sicut
946 2405 980 2463 et
1025 2397 1166 2473 oportet
1180 2385 1280 2473 argui
1299 2397 1499 2472 peccatum,
1524 2383 1758 2475 perterrelieri
1774 2384 1898 2466 corda,
1924 2382 2015 2455 sicut

91 2482 155 2552 toli
187 2480 252 2552 hos
287 2484 383 2575 ipsos
412 2479 603 2555 hortantur
631 2489 675 2556 ad
706 2493 979 2581 poenitentiam,
1025 2500 1060 2555 et
1075 2487 1255 2557 Dominus
1279 2485 1417 2578 inquit,
1443 2484 1554 2556 Marc.
1573 2488 1605 2556 1.
1628 2478 1723 2575 cap:
1759 2484 1864 2572 Agite
1888 2483 2014 2574 poeni-

88 2582 467 2658 nanneticam:
503 2585 611 2658 Hunc
633 2603 750 2661 autem
777 2595 891 2665 lesum
915 2619 979 2665 vos
1026 2589 1186 2658 tentiam.
1235 2581 1572 2663 Etzcorintba.
1593 2587 1743 2657 dieitur:
1772 2584 1935 2659 Tristitia
1957 2609 2014 2655 se·

88 2686 220 2763 fixistis.
261 2682 309 2757 Et
335 2687 440 2757 multi
463 2713 504 2758 ex
526 2683 584 2759 his
606 2715 687 2761 vere
709 2696 872 2767 conversi
895 2711 979 2768 sunt
1025 2692 1182 2760 cundum
1206 2687 1322 2760 Deum
1346 2691 1601 2782 poenitentiam
1632 2688 1742 2759 efficit
1773 2690 1817 2757 ad
1851 2690 2011 2758 salutem.

88 2790 197 2859 teum.'
235 2786 282 2858 Et
305 2791 376 2859 sint
398 2791 506 2871 nobis
535 2793 573 2859 in
602 2813 791 2887 conspectu
820 2801 977 2891 exempla
1024 2788 1070 2861 Et
1087 2788 1212 2862 Esaiae
1228 2792 1376 2862 ultimo:
1418 2789 1476 2860 Ad
1501 2815 1607 2883 quem
1631 2790 1841 2882 respiciam?
1865 2792 1909 2858 ad
1925 2813 2012 2860 con-

87 2914 140 2981 n,
180 2889 284 2960 Pauli
306 2906 342 2962 et
366 2892 559 2963 multorum
584 2896 765 2985 aliorum,
803 2901 867 2995 qui
895 2926 976 2972 eum
1024 2895 1148 2965 tritum
1173 2907 1207 2964 et
1233 2890 1477 2975 humiliatum,
1528 2907 1563 2963 et
1593 2905 1801 2963 trementem
1830 2914 2011 2961 sermones

88 3007 134 3062 mt
151 3007 407 3084 persecutores,
435 3008 553 3084 postea
572 3000 733 3068 conversi
756 3018 852 3075 sunt.
1024 3019 1132 3066 meos.
1182 2992 1231 3066 Et
1253 2996 1500 3066 iusiurandum
1525 2994 1661 3082 flagitat
1677 2993 1714 3062 in
1732 2993 1836 3064 nobis
1861 3017 2011 3065 conver-

88 3090 127 3165 si
150 3096 212 3186 qui
235 3119 318 3165 vero
344 3096 476 3168 nolunt
498 3098 622 3169 audire
646 3095 739 3170 hanc
762 3105 977 3191 consolatio.
1024 3098 1159 3167 sionem
1178 3121 1257 3167 cum
1274 3098 1410 3190 inquit,
1438 3092 1566 3169 Erech.
1586 3096 1645 3168 18.
1664 3110 1700 3166 et
1716 3096 1793 3166 Sd:
1819 3092 1914 3164 Vivo
1931 3118 2009 3185 ego,

121 3198 207 3288 quid
223 3198 348 3267 attinet
365 3199 409 3267 de
430 3198 480 3267 eis
502 3200 698 3291 disputare,
730 3230 809 3276 cum
835 3234 876 3279 eo
898 3208 975 3299 ipso
1023 3202 1107 3269 nolo
1135 3214 1286 3269 mortem
1320 3200 1531 3289 peccatoris,
1572 3201 1631 3266 sed
1662 3212 1702 3269 ut
1724 3209 1950 3267 convertatur
1974 3211 2010 3266 et

89 3299 208 3367 biliter
239 3313 402 3391 peccent,
447 3303 543 3393 quod
575 3317 660 3374 tunc
691 3323 820 3397 negant
853 3335 974 3379 vocem
1023 3303 1129 3371 vival·
1187 3298 1235 3371 Et
1267 3296 1443 3391 Exempla.
1471 3314 1688 3386 metuunt,
1733 3297 1869 3383 Adam,
1908 3296 2008 3383 Evae

88 3402 189 3489 getii,
218 3399 342 3474 Gratia
367 3404 536 3473 exuberat
558 3427 662 3496 supra
686 3426 877 3499 peceatum,
928 3410 974 3483 Et
996 3454 998 3461 -
1021 3402 1157 3483 David,
1184 3416 1392 3472 accusantur
1408 3414 1442 3472 et
1458 3396 1680 3471 horribiliter
1694 3415 1940 3491 expavescunt.

88 3505 179 3574 *dent
196 3505 299 3587 odio,
326 3515 364 3574 ut
380 3505 498 3593 potius
513 3508 640 3576 malint
662 3511 738 3580 fieri
754 3501 973 3584 aeterni'ho-
1123 3503 1199 3576 Hos
1224 3528 1371 3596 pavores
1392 3519 1426 3574 et
1441 3527 1582 3575 sensum
1605 3500 1767 3573 iraenei
1793 3515 2009 3590 vocaverunt

88 3602 162 3688 tei,
183 3631 293 3698 quam
319 3606 507 3693 confugere
525 3610 567 3676 ad
586 3609 711 3682 filium.
762 3615 845 3686 Hoc
867 3619 973 3687 modo
1019 3608 1150 3687 usitate
1175 3607 1444 3690 contritionem,
1475 3609 1520 3675 de
1541 3630 1610 3698 qua
1637 3618 1731 3676 recte
1751 3604 1904 3676 docendi
1924 3619 2009 3675 sunt

88 3719 133 3775 tnt
148 3709 251 3776 multi
269 3708 436 3777 omnibus
454 3710 645 3795 aetatibus,
670 3729 711 3786 ut
728 3712 835 3802 Saul,
861 3715 974 3789 Aehi.
994 3740 997 3785 t
1021 3704 1201 3796 homines,
1235 3733 1281 3777 ne
1299 3708 1355 3778 vel
1374 3708 1478 3778 nobis
1493 3708 1562 3800 ipsi
1583 3706 1812 3777 blandiamur
1830 3730 1934 3777 coeca
1952 3728 2008 3774 se-

88 3808 127 3891 l,
154 3806 273 3894 ludas,
292 3806 419 3894 Arius,
442 3822 475 3880 et
490 3826 612 3881 nostro
628 3826 787 3906 tempore
802 3816 972 3890 Latomue
994 3796 996 3847 t
1020 3812 1187 3897 curitete,
1215 3811 1271 3881 vel
1297 3832 1441 3880 ruamus
1465 3811 1503 3877 in
1529 3810 1828 3899 desperationem,
1854 3809 1911 3876 vel
1933 3807 2007 3878 lae·

88 3911 237 3995 niensis,
257 3909 512 3996 Hoffmeister,
539 3927 573 3984 et
589 3916 790 4002 altimum,
816 3947 970 4014 quotum
993 3916 996 3963 ῑ
1019 3915 1125 3984 datur
1150 3915 1262 4005 gloria
1285 3912 1350 3981 filii
1374 3908 1459 3995 Dei,
1497 3924 1531 3981 et
1562 3911 1723 3981 deleatur
1748 3905 2006 3998 Evangelium‚

88 4013 224 4102 plorum
244 4013 457 4100 cogitatione
473 4035 793 4105 expavescamus‚et
810 4038 970 4114 petamus
993 4006 995 4023 ²
1017 4016 1106 4095 sicut
1133 4009 1299 4085 monachi
1326 4028 1436 4084 tetros
1467 4036 1603 4083 errores
1631 4013 1850 4095 linxerunt,
1873 4010 2006 4104 quibus

89 4115 142 4202 egi
162 4128 195 4184 et
217 4117 419 4185 confirmari
437 4115 574 4208 Spiritu
589 4134 723 4192 saneto.
766 4122 866 4196 Sient
882 4126 970 4196 scri.
992 4108 994 4118 ’
1016 4113 1252 4206 Evangelium
1271 4138 1414 4208 prorsus
1427 4117 1654 4185 obscuratum
1675 4129 1744 4199 est,
1771 4125 1805 4182 et
1821 4136 1904 4183 vera
1919 4135 2006 4182 con-

111 4230 164 4285 est
193 4216 277 4302 Luc,
303 4220 376 4287 11.:
417 4216 563 4307 Quanto
591 4223 702 4311 magis
728 4238 829 4315 pater
854 4243 971 4298 vestet·
991 4226 994 4311 J
1017 4220 1143 4288 solatio
1161 4221 1229 4309 piis
1245 4219 1424 4289 mentibus
1442 4231 1559 4307 erepta
1575 4232 1639 4290 est.
1676 4213 1891 4307 Quanquam
1908 4215 2005 4284 enim

88 4317 140 4386 stis
163 4320 261 4389 dabit
283 4319 459 4410 Spiritum
482 4336 643 4393 sanctum
667 4328 885 4415 petentibus.
920 4327 968 4401 Ει
990 4363 992 4421 i
1015 4344 1139 4390 verum
1156 4337 1226 4402 est,
1251 4334 1417 4412 oportere
1432 4321 1471 4387 in
1488 4318 1593 4389 nobis
1608 4341 1682 4388 esse
1697 4318 1851 4410 aliquam
1868 4315 2006 4387 contri-

88 4420 179 4490 ssudio
204 4421 381 4493 discamus
409 4423 614 4511 veritatem,
658 4440 692 4498 et
715 4452 900 4502 caveamus
923 4457 968 4502 ne
989 4426 992 4457 ⁵
1014 4423 1166 4506 tionem,
1201 4425 1340 4517 aliquos
1361 4444 1524 4511 pavores,
1559 4435 1592 4489 et
1611 4421 1751 4491 dolores
1773 4421 1868 4511 quod
1888 4418 2005 4488 Deum

88 4545 334 4611 appugnemus.
1015 4525 1311 4609 offenderimus,
1339 4538 1456 4592 tamen
1488 4519 1525 4592 hi
1555 4527 1627 4593 duo
1659 4544 1795 4591 errores
1824 4519 2004 4590 falsissimi

88 4622 266 4694 Caeterum
290 4640 373 4697 sunt
390 4625 596 4699 discrimina
614 4630 707 4701 inter
728 4646 843 4704 errata
864 4635 966 4725 igno.
987 4698 990 4719 1
1015 4641 1117 4711 sunt,
1157 4630 1252 4721 quod
1277 4638 1434 4717 oporteat
1465 4626 1697 4693 sufficientem
1719 4646 1792 4692 esse
1817 4622 2003 4692 contritio·

88 4749 124 4807 te,
139 4740 172 4794 et
191 4727 318 4797 delicta
333 4742 455 4798 contra
474 4732 738 4818 conscientiam,
752 4760 842 4829 quae
860 4738 965 4808 etiam
987 4748 990 4761 ·
1014 4753 1116 4812 nem,
1144 4744 1178 4800 et
1194 4732 1289 4823 quod
1307 4727 1488 4797 sufficiens
1506 4726 1672 4798 contritio
1689 4737 1864 4795 mereatur
1877 4723 2003 4793 remis·

88 4827 189 4918 plicia
211 4843 301 4902 sunt.
355 4828 446 4900 Nam
464 4844 497 4901 et
513 4833 669 4904 affectata
686 4835 887 4925 ignorantia
904 4842 965 4908 de.
986 4846 989 4923 j
1012 4831 1148 4900 sionem
1178 4845 1411 4923 peccatorum.
1465 4826 1624 4899 Primum
1648 4828 1742 4898 enirn
1764 4826 1862 4897 nulla
1885 4837 2002 4919 potest

88 4945 183 4999 rest
207 4945 327 5000 contra
355 4933 622 5005 conscientiam:
664 4951 698 5005 et
721 4938 902 5010 interdum
925 4940 964 5011 [it
985 4996 988 5001 Α
1012 4956 1086 5002 este
1104 4934 1286 5003 sufficiens
1302 4932 1491 5014 contritio,
1515 4945 1644 5002 etcum
1662 4931 1786 5000 crescit
1803 4926 1907 4995 dolor
1924 4925 2001 4995 sine

88 5045 136 5101 sta
154 5033 352 5121 ignorantia
369 5031 660 5122 blasphemia‚ut
675 5039 712 5107 in
731 5042 852 5111 multis
867 5037 962 5110 Pha.
984 5048 988 5153 p
1012 5036 1276 5120 consolatione,
1318 5033 1490 5122 mergitur
1515 5028 1622 5103 homo
1646 5033 1684 5100 in
1713 5044 1862 5099 mortem
1898 5040 1933 5099 et
1958 5027 1998 5095 in

88 5156 116 5216 s,
150 5158 228 5202 cum
254 5135 417 5207 videlicet
440 5139 544 5206 corda
566 5140 725 5211 convicta
749 5143 962 5212 testimoniis
1010 5151 1194 5208 aeternum
1225 5138 1387 5222 exitium,
1429 5136 1524 5206 iuxta
1553 5135 1643 5204 illud
1678 5131 1805 5205 Roma.
1833 5129 1887 5203 3.:
1924 5128 1999 5200 Lex

91 5260 125 5319 s,
157 5248 273 5306 tamen
299 5240 424 5308 ardent
449 5240 551 5324 odio,
584 5255 618 5311 et
644 5256 819 5313 conantur
842 5245 960 5316 delere
982 5324 984 5329 Ι
1009 5239 1099 5308 iram
1122 5241 1242 5314 efficit.
1296 5238 1407 5323 ltem,
1432 5240 1467 5307 2.
1492 5230 1653 5309 Corinth.
1676 5234 1727 5307 3.:
1754 5232 1827 5304 Lex
1854 5231 2001 5302 occidit.

87 5334 204 5407 rDei:
237 5353 271 5410 et
288 5339 368 5410 aliis
385 5343 613 5432 persuadere,
645 5367 718 5417 esse
740 5347 959 5419 eamdiabo·
981 5350 984 5407 l
1008 5341 1146 5413 Deinde
1179 5343 1411 5414 certissimum
1445 5359 1497 5411 est
1533 5337 1665 5409 remitti
1699 5350 1838 5430 peccata
1875 5332 1998 5405 Gratis
