4522 5782
164 222 213 297 ,9
379 266 383 277 ,
738 158 879 281 ‘rure
907 207 1024 283 scen
1050 205 1260 284 scurra
1287 203 1593 287 uxuonuca.
1733 256 1736 261 -
2158 223 2220 296 so

166 392 237 465 llic
251 390 371 463 abolet
390 399 570 481 peccatum
596 396 630 454 et
652 395 827 467 mortem,
861 383 957 454 etin
982 383 1164 453 mentibus
1215 380 1418 452 meminisse
1435 385 1523 456 utile
1538 400 1609 471 est,-
1634 388 1679 459 sd
1695 389 2217 481 refutandumfflosatenum,

168 494 388 569 credentium
404 513 534 560 novam
556 488 690 570 lucem,
724 487 856 566 idest,
888 486 1056 557 noticiam
1082 483 1165 570 Dei,
1216 497 1256 554 ut
1275 487 1536 574 posteadicam.
1992 552 1996 563 .
2053 550 2058 559 .

169 599 363 679 iusticiam,
390 610 426 665 et
448 593 557 663 vitam
583 602 761 659 aeternam
782 589 972 666 exuscitat.
996 602 1029 658 et
1047 589 1165 670 elficit,
1319 582 1458 658 Deinde
1474 591 1600 682 repetit
1624 594 1805 686 querelam
1826 599 1871 668 de
1894 600 2051 671 tenebris
2074 602 2218 687 mundi,

170 681 230 773 dat
250 698 426 789 Spiritum
455 707 616 764 sanetum
645 688 895 764 vivificantem.
958 688 1054 759 Haec
1075 692 1167 761 liunt
1217 688 1314 782 quod
1330 693 1487 762 mundus
1501 715 1575 763 non
1598 696 1711 769 credit
1722 694 1922 787 Deo,'irno
1944 704 2039 796 quod
2063 702 2128 773 ille
2141 704 2218 794 ipse

172 806 210 873 in
224 803 330 872 nobis
345 802 432 884 fide,
455 795 524 867 hoc
545 809 614 874 est,
639 794 769 864 fiducia
791 793 921 885 ipsius,
947 816 1019 862 non
1037 794 1164 863 fiducia
1217 792 1388 884 populus,
1423 794 1486 888 qui
1508 797 1639 869 dicitur
1661 802 1814 892 populus
1828 799 1918 888 Dei,
1948 803 1998 875 ita
2024 806 2219 878 fascinatos

171 904 289 988 Mosi,
321 901 444 991 Eliae,
478 897 676 989 Baptistae,
710 893 827 975 Petri,
861 911 923 967 aut
957 896 1164 989 cuiusquam
1217 893 1264 963 sit
1278 896 1433 987 propriis
1449 900 1739 987 persuasionibus
1760 906 1805 974 de
1828 905 1966 977 iusticia
1989 907 2079 998 legis
2095 922 2130 978 et
2146 910 2217 977 im-

172 1009 328 1079 alterius.
379 1002 434 1074 De
454 997 522 1072 hoc
544 997 748 1070 discrimine
772 998 960 1092 aliquoties
974 999 1166 1067 conciona-
1217 996 1319 1087 perio
1332 1000 1479 1087 mundi,
1518 1005 1615 1096 quod
1645 1020 1746 1094 putat
1766 1005 1933 1078 Messiam
1957 1026 2217 1101 occupaturum

140 1110 147 1129 ¹
173 1126 233 1181 tur
247 1111 321 1200 ipse
338 1105 496 1198 Baptista
520 1103 559 1172 in
583 1115 698 1173 textu:
734 1097 810 1189 Ego
826 1122 889 1170 vos
906 1099 1046 1192 baptizo
1061 1125 1167 1194 aqua,
1218 1121 1310 1183 esse,
1337 1115 1375 1171 ut
1392 1096 1476 1171 huic
1491 1104 1564 1174 filio
1581 1103 1649 1176 Dei
1671 1110 1860 1179 accerrime
1882 1112 2107 1200 adversetur,
2132 1113 2217 1206 quia

174 1214 235 1282 ille
255 1235 318 1282 vos
343 1206 535 1302 baptizabit
556 1203 695 1295 Spiritu
725 1216 846 1272 sancto
870 1217 903 1273 ct
928 1203 1014 1292 igni.
1069 1201 1167 1274 llaec
1219 1224 1294 1270 non
1325 1203 1386 1274 dat
1409 1205 1599 1298 imperium
1624 1212 1721 1302 quod
1745 1211 1813 1304 ipsi
1841 1216 2091 1305 expectabant,
2127 1217 2216 1287 item

175 1317 268 1386 dicta
286 1316 451 1384 observet
468 1311 595 1398 lector,
621 1307 716 1375 etad
735 1299 803 1374 hoc
818 1305 1010 1393 discrimen
1028 1307 1168 1387 celerat,
1219 1304 1367 1394 abrogat
1381 1306 1512 1396 legem,
1539 1324 1574 1380 et
1590 1314 1634 1379 de
1650 1312 1720 1381 alia
1736 1317 1889 1403 quadam
1910 1317 2050 1387 iusticia
2070 1319 2217 1387 concio·

177 1419 272 1512 quod
293 1415 449 1487 breviter
469 1407 529 1480 hic
549 1407 647 1499 volui
673 1408 858 1497 attingere.
917 1404 1102 1480 Caeterum
1124 1411 1169 1480 de
1220 1420 1338 1479 natur.
1388 1406 1686 1485 Admonemuret
1701 1410 1769 1485 hoc
1785 1417 1888 1487 brevi
1910 1419 2005 1490 dicto
2018 1417 2215 1490 Ecclesiam

177 1520 351 1613 baptismo
367 1513 512 1587 loannis
528 1513 687 1581 dicemus
704 1510 887 1604 aliquanto
904 1523 993 1602 post.
1220 1521 1254 1579 et
1284 1509 1444 1598 exiguam
1475 1537 1549 1583 esse
1574 1530 1607 1585 et
1630 1520 1830 1610 oppugnari
1854 1522 1899 1589 ab
1923 1522 1995 1591 illis
2017 1521 2122 1613 ipsis,
2153 1523 2219 1614 qui

228 1685 331 1787 m
366 1684 438 1758 o
591 1704 686 1781 ,a
712 1678 908 1753 um
1102 1675 1170 1752 s-
1222 1614 2220 1819 ts:‘tasufflata..tsanuvuuuz

278 1814 425 1864 mmm·
612 1880 617 1893 ,
1223 1829 1263 1886 ut
1279 1834 1416 1892 vocant.
1455 1817 1546 1891 Cum
1563 1823 1672 1912 igitur
1686 1825 1815 1895 similis
1832 1831 2022 1898 certamina
2040 1828 2220 1915 incidunt,

280 1927 413 1999 lterum
439 1923 594 1994 inculcat
615 1921 729 1991 filium
750 1916 819 1991 Dei
841 1942 916 1990 esse
937 1920 1072 2002 lucem,
1107 1942 1180 1989 neo.
1223 1913 1292 1989 hoc
1317 1920 1413 1991 dicto
1434 1917 1682 2013 Evangelistae
1704 1929 1977 2016 confirmemur,
2002 1955 2049 2001 ne
2070 1946 2219 2022 propter

62 2034 66 2043 '
177 2030 342 2121 ambigue
365 2030 580 2118 interpretor
600 2025 734 2107 lucem,
771 2037 831 2093 aret
860 2022 1008 2092 verbum
1033 2022 1171 2091 illumi·
1223 2023 1461 2108 adversarios,
1494 2028 1558 2118 qui
1590 2022 1785 2099 autoritate¹
1801 2033 2039 2118 antecellunt,
2074 2033 2219 2103 delicia·

177 2159 274 2205 nare.
327 2132 459 2203 Lucem
483 2152 591 2208 voco,
624 2126 707 2220 quia
730 2125 824 2195 filius
842 2123 908 2195 Dei
928 2122 1172 2214 perEvange-
1223 2146 1302 2193 mus
1317 2126 1363 2195 ab
1376 2122 1586 2218 Evangelio.

178 2238 286 2319 lium,
317 2237 412 2330 quod
440 2257 481 2301 ex
503 2232 585 2301 sinu
609 2228 718 2321 patris
741 2226 879 2310 attulit,
913 2229 974 2298 dat
996 2225 1169 2318 Spiritum
2027 2301 2035 2320 ι
2093 2303 2102 2322 ⁹

177 2352 357 2418 metum,
391 2349 426 2405 et
450 2335 488 2402 in
510 2332 615 2401 nobb
636 2332 770 2415 lucem,
803 2324 871 2399 hoc
891 2342 963 2407 m,
1000 2327 1169 2398 nondam
1221 2284 1410 2390 Quotquot
1436 2305 1559 2367 autem
1587 2310 1792 2397 receperunt
1820 2324 1920 2391 eum,
1946 2297 2048 2377 dedu
2065 2328 2132 2393 ess,
2158 2315 2219 2377 stc.

176 2441 263 2527 Dei,
287 2428 484 2522 iusticiam,
509 2448 544 2505 et
565 2434 876 2527 vitamxaeternam
902 2430 1026 2516 elficit,
1052 2430 1089 2500 id
1106 2456 1169 2501 vo·
1324 2426 1443 2500 Antea
1459 2432 1505 2501 de
1519 2456 1669 2524 persona
1685 2435 1796 2522 dixit,
1821 2461 1919 2508 nunc
1932 2440 2091 2511 addit-ds
2106 2441 2218 2512 bene-

177 2542 462 2616 mitluminm,
689 2530 693 2537 “
810 2536 813 2543 “
1220 2526 1321 2612 ficio,
1347 2534 1444 2625 quod
1460 2530 1628 2625 perhanc
1646 2561 1831 2629 personam
1855 2543 1980 2623 datur,
2012 2544 2217 2637 etquidem

279 2644 351 2717 Sed
373 2667 437 2715 cur
458 2641 580 2712 addita
600 2652 651 2708 est
674 2636 846 2729 particula
867 2636 1098 2719 universalis,
1124 2635 1169 2705 il·
1221 2635 1386 2719 modum,
1413 2658 1484 2728 quo
1501 2629 1569 2707 hoc
1583 2639 1792 2711 beneficium
1808 2644 2071 2736 consequimur,
2096 2660 2219 2716 osten·

174 2748 329 2821 luminat
351 2768 494 2816 ornnem
517 2738 726 2813 hominem?
778 2736 873 2828 Quia
888 2740 1034 2810 verbum
1052 2739 1171 2807 omni·
1220 2734 1285 2808 dit.
1328 2734 1444 2830 Atque
1459 2738 1508 2808 ita
1522 2762 1696 2811 summam
1712 2764 1773 2813 seu
1790 2746 2015 2838 praeeipuam
2029 2743 2221 2839 Evangelii

175 2853 243 2923 hus
275 2848 444 2943 proponit
466 2840 559 2916 hauc
588 2868 718 2914 novam
752 2842 885 2926 lucem,
925 2843 1063 2914 tametsi
1097 2866 1170 2912 non
1221 2840 1431 2910 sententiam
1452 2853 1488 2911 et
1507 2867 1628 2913 vocem
1652 2847 1840 2937 proponit,
1873 2861 1908 2920 et
1931 2848 2044 2920 multa
2059 2850 2221 2923 breviter

163 2948 300 3025 'omnes
341 2949 531 3041 accipiunt.
608 2945 668 3017 Sic
708 2945 946 3033 intelligatur,
990 2944 1173 3015 illuminat
1222 2941 1485 3034 complectitur,
1511 2946 1599 3038 quid
1615 2946 1739 3018 afferat
1754 2943 1938 3036 Christus,
1965 2950 2095 3045 quibus
2117 2947 2222 3023 exhi-

94 3074 102 3083 ·
175 3080 318 3127 omnem
346 3050 552 3133 homiuem,
577 3049 727 3132 scilicet,
751 3046 983 3137 accipientem
1006 3042 1171 3136 Evange-
1221 3044 1322 3129 beat,
1348 3047 1528 3138 quomodo
1547 3071 1824 3142 consequamur,
1851 3054 1937 3145 quid
1954 3053 2222 3148 inaccipienti·

174 3160 285 3239 lium,
302 3180 374 3251 -per
395 3155 491 3246 quod
513 3153 592 3235 lox,
622 3151 763 3221 iusticia
783 3163 817 3218 et
840 3149 909 3218 vita
934 3149 1105 3220 illucescit
1131 3151 1169 3218 in
1223 3147 1289 3216 bus
1303 3147 1372 3217 fiat.

176 3261 368 3333 mentibus.
399 3255 497 3325 llaec
513 3255 587 3346 ipsa
604 3251 850 3344 interpretatio
865 3252 1026 3323 additur:
1051 3250 1170 3339 Quot·
1324 3248 1381 3320 sit
1404 3250 1512 3339 igitur
1527 3252 1681 3340 primum
1699 3256 1785 3349 quid
1801 3257 1944 3338 afferat,
1972 3259 2139 3331 videlicet
2154 3282 2221 3351 po-

175 3366 264 3457 quot
285 3371 495 3452 receperunt
516 3379 616 3439 eum,
656 3353 755 3425 dedit
778 3354 826 3421 eis
846 3366 1053 3444 potestatem
1079 3355 1170 3425 filios
1221 3362 1380 3422 testatem
1394 3352 1569 3430 filiosllei
1589 3355 1677 3430 beri.
1717 3356 1796 3429 Hoc
1811 3384 1893 3431 cum
1909 3361 2052 3432 brevius
2067 3362 2221 3442 dicetur,

173 3462 243 3536 Dei
264 3463 359 3550 lieri3
385 3475 418 3531 et
446 3460 629 3554 aliquanto
652 3470 747 3547 post:
772 3454 825 3526 Ex
849 3456 1072 3546 plenitudine
1093 3458 1170 3528 eius
1223 3477 1329 3546 quam
1349 3456 1557 3544 magnitudo
1579 3459 1632 3528 rei
1658 3462 1829 3552 postulat,
1855 3464 2040 3534 addendae
2057 3477 2142 3536 suut
2157 3486 2220 3535 cx·-

174 3590 298 3638 omnes
328 3564 544 3653 accepimus;
579 3584 621 3630 ac
652 3562 698 3630 de
726 3555 781 3627 his
812 3559 1073 3628 universalibus
1104 3583 1169 3630 suo
1221 3556 1429 3647 plicationes
1444 3582 1485 3627 ex
1501 3560 1579 3628 aliis
1596 3561 1703 3649 locis,
1728 3565 1900 3655 significat
1916 3562 2219 3659 enimApostolus

174 3669 254 3739 loco
271 3670 374 3760 plura
390 3666 559 3737 dicemus.
1220 3679 1331 3746 genus
1360 3654 1555 3731 humanum
1578 3687 1785 3756 oppressum
1808 3692 1881 3738 esse
1900 3684 2058 3760 peccato,
2087 3682 2219 3760 morte,

1220 3761 1274 3831 ira
1289 3758 1376 3842 Dei,
1403 3776 1437 3833 et
1452 3765 1577 3854 poenis
1592 3769 1764 3853 aeternis,
1797 3794 1862 3841 nec
1881 3794 1984 3864 posse
1997 3773 2042 3842 ab
2056 3765 2115 3841 his
2131 3784 2215 3843 tan·

1219 3864 1265 3935 tis
1279 3865 1382 3934 malis
1400 3888 1464 3956 per
1481 3868 1593 3957 legem
1607 3885 1670 3942 aut
1691 3872 1803 3942 ullam
1823 3874 2052 3965 sapientiam,
2077 3889 2141 3947 aut
2156 3874 2217 3945 iu·

1218 3967 1354 4038 sticiam
1371 3963 1563 4039 humanam
1582 3971 1746 4060 liberari,
1775 3975 1849 4045 imo
1873 3979 1972 4047 nulla
1995 4000 2033 4047 re
2058 3977 2219 4069 potuisse

190 4132 193 4139 ,
270 4078 386 4171 Supra
411 4074 600 4147 affirmavit
625 4071 825 4164 perfilium
846 4066 914 4141 Dei
937 4072 1057 4142 omnia
1081 4099 1167 4145 con·
1217 4070 1350 4163 placari
1374 4070 1463 4140 iram
1479 4070 1567 4158 Dei,
1596 4076 1666 4145 nisi
1691 4071 1758 4147 hac
1781 4102 1852 4149 una
1868 4080 2030 4162 victima,
2066 4079 2217 4169 scilicet,

171 4184 245 4255 dita
260 4204 352 4264 esse,
377 4195 412 4250 et
432 4200 571 4270 semper
583 4174 725 4246 affuisse
739 4198 820 4246 eum
838 4170 1027 4248 Ecclesiae.
1061 4173 1166 4248 Nunc
1217 4178 1300 4244 dato
1316 4172 1390 4243 filio
1408 4172 1475 4246 Dei
1493 4199 1558 4266 pro
1572 4200 1700 4266 genere
1722 4175 1892 4252 humano.
1945 4180 2071 4275 ltaque
2083 4180 2216 4253 ineffa-

170 4283 333 4381 loquitur
346 4285 389 4353 de
405 4281 541 4352 visibili
562 4277 779 4371 praesentia,
805 4278 887 4370 quia
904 4277 1034 4347 diserte
1049 4281 1164 4351 addit:
1217 4277 1281 4347 bili
1298 4275 1448 4346 consilio
1472 4278 1645 4352 divinitus
1665 4277 1724 4351 hic
1738 4283 1832 4352 lilius
1847 4286 2043 4375 promissus
2061 4300 2096 4355 et
2112 4278 2216 4355 exhi-

169 4386 215 4459 In
227 4387 364 4460 mundo
379 4399 472 4472 erat,
497 4380 699 4473 significans
724 4379 902 4450 visibilem
925 4382 1166 4452 conversatio-
1214 4379 1313 4450 bitus
1328 4392 1391 4464 est,
1416 4380 1479 4473 qui
1495 4405 1618 4453 rursus
1634 4386 1695 4457 dat
1710 4399 1916 4477 potestatem
1931 4387 2023 4458 filios
2038 4383 2108 4457 Dei
2123 4387 2216 4468 lieri,

167 4482 251 4562 nem
269 4513 351 4561 curu
367 4484 586 4559 hominibus.
637 4483 708 4557 Sed
722 4504 873 4578 sequeus
895 4483 1066 4574 particula
1082 4485 1165 4554 dili·
1215 4482 1253 4550 id
1269 4496 1339 4568 est,
1364 4483 1423 4552 dat
1441 4477 1508 4553 hoc
1524 4507 1672 4573 munos,
1698 4502 1738 4560 ut
1754 4488 1864 4559 simus
1879 4491 1945 4560 lilii
1961 4487 2048 4574 Dei,
2073 4502 2109 4559 et
2130 4514 2214 4561 cum

168 4608 293 4683 genter
315 4591 536 4662 observanda
561 4600 632 4671 est,
667 4610 758 4679 quae
787 4585 972 4680 perspicue
1003 4599 1163 4670 testatur,
1214 4585 1307 4654 lilios
1344 4585 1525 4669 nominat,
1579 4591 1827 4679 complectitur
1878 4593 1999 4663 omnia
2036 4592 2213 4665 beneficia

223 3835 275 3910 In
302 3831 441 3909 mundo
468 3842 567 3914 erat,
593 3842 624 3902 et
641 3825 803 3901 mundus
816 3828 1016 3929 peripsum
1035 3830 1168 3932 sactus

275 3949 347 4029 est,
374 3949 407 4011 et
433 3930 595 4009 mundus
620 3959 700 4005 eum
725 3957 800 4004 non
827 3934 1005 4030 cognovit.

48 4708 55 4729 ⁸
169 4696 208 4765 in
224 4692 369 4768 Christo
386 4696 475 4764 duas
495 4714 569 4761 esse
584 4701 747 4771 naturas,
774 4702 810 4758 et
828 4689 997 4773 verbum,
1025 4691 1069 4759 de
1090 4715 1162 4783 quo
1213 4683 1413 4778 Evangelii.
1471 4688 1557 4758 Filii
1580 4691 1779 4781 significant
1809 4717 1885 4780 eos,
1918 4695 2051 4789 quibus
2072 4697 2214 4786 placata

167 4823 275 4899 supra
307 4797 416 4882 dixit,
448 4793 601 4883 intelligi
625 4803 790 4884 oportere
820 4814 1020 4884 personam.
1079 4791 1181 4865 Nou.
1213 4802 1265 4862 est
1282 4793 1333 4862 ira
1348 4791 1434 4878 Dei,
1459 4792 1526 4885 qui·
1546 4792 1724 4865 iustificati
1747 4811 1851 4879 sunt,
1875 4813 1911 4870 et
1933 4798 2016 4869 lacti
2039 4790 2214 4869 haeredes

167 4901 265 4974 enim
288 4900 438 4972 dubium
461 4911 513 4969 est
534 4891 595 4967 hic
616 4896 662 4965 de
676 4888 819 4968 Christo
843 4892 931 4963 dici:
959 4890 1002 4963 ln
1025 4898 1162 4968 mondo
1212 4894 1306 4965 vitae
1321 4910 1494 4967 aeternae.

168 5018 262 5088 erat,
288 5016 322 5073 et
340 5003 496 5073 mundus
510 5024 574 5092 per
588 5022 669 5069 eum
688 4996 801 5069 factos
823 5004 885 5066 esf.
934 4993 1082 5068 Constat
1097 5022 1162 5069 au·
1314 4995 1360 5067 Et
1374 4997 1504 5065 diserte
1521 4990 1626 5081 dicit,
1652 5001 1735 5085 lilii,
1759 5014 1799 5072 ut
1820 5003 1997 5074 discernat
2010 5000 2211 5073 Ecclesiam

166 5120 236 5174 tem
267 5107 444 5176 mundum
474 5126 548 5173 non
578 5123 651 5172 esse
674 5099 858 5171 conditum
881 5122 946 5192 per
965 5093 1159 5171 humanam
1211 5098 1358 5170 electam
1375 5123 1395 5168 a
1411 5099 1546 5191 populo
1569 5101 1667 5193 legis.
1725 5100 1795 5173 Hic
1814 5106 1909 5174 enim
1934 5104 2067 5176 dicitur
2088 5126 2213 5196 popu-

166 5221 329 5277 naturam
344 5203 500 5290 Christi,
525 5204 609 5294 e'rgo
625 5226 763 5272 necesse
780 5216 833 5273 est
847 5202 885 5270 in
904 5225 947 5270 eo
964 5214 999 5271 et
1012 5202 1160 5274 alteram
1209 5200 1285 5286 lus,
1311 5201 1394 5294 quia
1412 5201 1449 5270 io
1468 5216 1610 5273 aeterna
1629 5205 1756 5295 politia
1769 5209 1878 5278 servit
1893 5206 1989 5291 Deo,
2020 5220 2056 5291 et
2077 5206 2213 5299 accipit

165 5318 329 5378 naturam
357 5333 430 5380 esse
459 5309 614 5402 priorem
644 5305 854 5378 conditione
883 5304 1032 5390 muudi,
1071 5330 1160 5400 quae
1209 5303 1464 5398 promissiones
1481 5308 1700 5399 corporales,
1732 5306 1872 5381 etiamsi
1893 5309 2072 5382 iusticiam
2093 5322 2129 5381 et
2152 5312 2210 5381 vi·

161 5430 244 5481 cum
261 5422 361 5500 patre
374 5425 518 5483 aeterno
534 5432 590 5483 res
605 5408 778 5483 condidit.
819 5404 898 5479 Hoc
914 5405 1159 5482 testimoninm
1208 5420 1280 5481 tem
1295 5421 1475 5481 aeternam
1490 5408 1597 5480 multi
1613 5434 1687 5481 non
1702 5412 1936 5512 accipiebant,
1959 5413 2020 5483 sed
2036 5410 2105 5483 lilii
2122 5434 2211 5503 prs·
