4522 5782
78 215 101 294 6
934 204 1239 284 PRAEFATIO.
2081 215 2112 291 0

72 387 290 471 bitationem,
321 385 475 479 ideoque
497 384 603 454 fidem
629 406 703 452 esse
727 381 895 453 fiduciam
916 378 1058 451 miseri·
1109 376 1203 449 Nam
1228 402 1318 470 opus
1345 391 1398 449 est
1423 373 1555 481 scholis
1578 363 1661 451 sede
1683 380 1803 476 aliqua
1833 382 2037 469 doctrinae,
2072 395 2108 454 et

10 572 12 585 .
71 509 222 592 cordiae,
247 518 460 583 statuentem
476 503 674 573 nosaDeo
691 502 819 594 recipi,
841 526 886 603 ρο
902 501 1057 593 praecipi
1109 495 1270 568 Psalmus
1294 495 1355 569 46.
1377 499 1512 592 inquit:
1552 497 1669 570 Deum
1692 500 1796 571 valde
1826 503 1991 589 exaltari,
2023 525 2106 574 cum

70 624 153 699 hanc
169 625 337 696 fiduciam
360 625 398 693 in
422 621 479 694 his
501 623 620 694 dictis:
655 620 746 691 Fide
771 620 967 706 iustificati,
994 644 1056 712 pa·
1109 613 1294 709 Principes
1304 619 1521 711 populorum
1538 633 1799 710 congregantur
1813 620 1978 693 cumDeo
1988 620 2106 694 Abra-

67 772 134 818 cem
157 740 334 816 habemus
362 745 455 835 apud
477 743 610 818 Deum.
670 740 714 811 ln
737 734 794 811 his
818 755 853 814 et
880 740 1057 810 similibus
1107 735 1212 817 ham,
1240 737 1324 830 quia
1345 736 1450 807 multi
1473 738 1633 831 exemplo
1650 753 1856 826 moventur,
1887 753 1921 811 et
1942 741 2106 813 doctrina

68 866 365 958 disputationibus
380 887 437 934 res
451 863 608 935 ostendit
629 885 753 933 vocem
778 860 829 952 pii
853 858 1056 951 interpretis
1108 857 1298 947 propagari
1316 857 1456 927 facilius
1472 869 1604 949 potest,
1631 873 1665 929 et
1679 859 1814 928 maiore
1829 860 2014 932 severitate
2030 861 2106 950 regi

66 984 100 1051 in
114 979 275 1052 Ecclesia
290 1005 365 1050 non
382 981 546 1051 inutilem
560 1002 646 1052 esse.
697 976 788 1064 Sed,
814 992 855 1050 ut
869 977 954 1061 dixi,
979 999 1053 1044 non
1108 974 1310 1066 disciplina.
1372 973 1514 1048 Deinde
1540 973 1637 1047 hunc
1658 979 1819 1050 animum
1843 980 1910 1050 tibi
1931 981 2105 1069 gratulor,

66 1104 106 1171 sit
126 1101 372 1194 interpretatio
395 1100 502 1171 ludus
525 1099 773 1189 ingeniorum,
805 1078 929 1166 verum
951 1096 997 1164 sit
1014 1118 1054 1163 ex
1108 1096 1204 1187 quod
1226 1094 1376 1182 gloriam
1393 1095 1468 1168 Dei
1491 1120 1639 1179 ornare,
1671 1111 1706 1168 et
1728 1099 1920 1169 multarum
1944 1100 2104 1190 gentium
2215 1202 2218 1207 ‚

64 1222 220 1291 fontibus
236 1235 369 1302 sumta,
396 1235 430 1291 et
445 1232 617 1309 congruat
638 1221 682 1289 ad
699 1216 880 1313 symbola,
905 1229 940 1285 et
956 1234 1056 1285 mens
1108 1213 1216 1285 saluti
1229 1214 1416 1286 consulere
1431 1217 1562 1302 studes,
1589 1241 1628 1286 ac
1645 1242 1772 1308 precor
1787 1217 1901 1289 Deum
1920 1233 2103 1292 aeternum

64 1341 264 1431 interpretis
293 1341 364 1431 pii,
412 1339 601 1430 diligenter
634 1353 668 1409 et
699 1338 820 1413 dextre
842 1333 1055 1406 conferentis
1106 1332 1249 1405 Patrem
1265 1333 1416 1407 Domini
1441 1337 1557 1407 nostri
1574 1333 1816 1424 lesuChristi‚
1842 1353 1883 1410 ut
1900 1354 1934 1410 te
1949 1353 2047 1431 regat
2064 1363 2105 1410 ac

62 1458 150 1524 dicta
173 1458 320 1544 divina,
356 1470 391 1527 et
415 1458 682 1551 antiquitatem,
714 1455 832 1525 aDeo
855 1454 1055 1524 adiuvatur.
1107 1466 1232 1524 servet.
1273 1442 1321 1523 Et
1338 1478 1418 1525 cum
1436 1452 1571 1524 Paulus
1588 1479 1668 1525 vere
1687 1456 1797 1528 dicat:
1822 1453 1939 1529 Deum
1955 1459 2105 1541 efficere,

65 1573 244 1645 Praeterea
264 1577 387 1648 sintin
402 1572 562 1648 Ecclesia
587 1577 693 1647 etiam
717 1574 851 1647 iudices
876 1587 911 1645 et
932 1595 1054 1643 censo-
1106 1585 1147 1643 ut
1167 1586 1203 1644 et
1220 1574 1372 1644 velimus
1395 1587 1431 1645 et
1452 1575 1673 1666 perficiamus
1695 1577 1850 1649 salutare
1874 1579 2106 1666 curriculum,

60 1717 117 1763 res
141 1695 466 1787 interpretationis,
500 1711 541 1768 ut
561 1694 694 1768 Paulus
716 1694 850 1788 iuquit:
885 1693 1055 1765 Sedeutes
1106 1705 1147 1761 ut
1162 1691 1282 1786 aliqua
1302 1693 1372 1785 ipsi
1395 1710 1492 1785 grata
1508 1694 1613 1779 liant,
1642 1708 1681 1766 tu
1696 1718 1858 1790 quoque,
1884 1721 2134 1795 cumaccem.

58 1810 227 1886 iudicent.
1106 1810 1200 1881 derit
1214 1809 1312 1882 Dens
1329 1813 1444 1883 lucem
1461 1813 1500 1882 in
1519 1828 1661 1905 pectore
1678 1826 1753 1899 tuo,
1779 1827 1876 1905 petes
1893 1828 1927 1886 et
1943 1796 2105 1911 expects*-
2163 1909 2167 1919 .
2188 1852 2190 1857 ·

160 1929 260 2001 Haec
276 1932 451 2023 praefatus
467 1955 566 2017 sum,
600 1945 641 2002 ut
655 1932 725 2001 mei
740 1931 851 2003 studii
865 1944 898 2001 et
912 1930 1053 2001 consilii
1107 1928 1163 1997 bis
1186 1930 1358 2001 auxilium
1384 1930 1568 2023 deinceps,
1608 1945 1648 2003 nt
1669 1945 1730 2016 tua
1757 1934 1967 2025 gubernatio
1990 1936 2105 2011 fausta

56 2053 232 2122 rationem
262 2052 431 2123 omuibus
460 2053 655 2123 ostendam.
715 2048 866 2122 Etiamsi
892 2050 1054 2120 ridemur
1108 2047 1171 2134 sit,
1205 2062 1240 2120 et
1259 2049 1344 2121 felix
1369 2048 1436 2122 tibi
1461 2064 1496 2121 et
1516 2046 1718 2139 Ecclesiae,
1752 2056 1853 2124 etad
1878 2048 2105 2129 hunelinem

55 2171 101 2240 ab
124 2166 257 2256 atheis,
298 2186 416 2241 tamen
445 2194 568 2242 omnes
600 2173 637 2240 in
664 2166 822 2241 Ecclesia
845 2170 917 2241 Dei
940 2169 1054 2239 sciant
1107 2181 1187 2238 tuos
1203 2168 1342 2239 labores
1357 2170 1508 2260 dirigas,
1533 2173 1628 2265 quod
1649 2186 1684 2242 et
1699 2173 1803 2245 multi
1820 2174 1872 2267 pii
1895 2174 2105 2263 ardentibus

57 2289 254 2358 necessario
277 2290 542 2378 cognoscendos
570 2311 643 2359 esse
667 2284 796 2358 Libros
821 2280 1053 2378 Propheticos
1106 2287 1198 2358 votis
1225 2311 1289 2378 pro
1316 2300 1357 2361 te¹
1372 2302 1509 2382 petunt.
1562 2285 1742 2363 Provehet
1764 2305 1885 2365 autem
1907 2290 2005 2366 Deus
2026 2296 2105 2388 pios

57 2420 91 2475 et
106 2403 346 2498 Apostolicos.
399 2406 539 2476 Deinde
561 2432 641 2478 cum
665 2431 762 2476 nunc
782 2405 928 2500 quidem
954 2418 1053 2497 parte
1107 2419 1274 2493 conatus,
1299 2422 1340 2478 ut
1359 2408 1478 2503 aliqua
1493 2409 1564 2500 ipsi
1578 2423 1675 2500 grata
1698 2411 1797 2484 fiant.
1849 2411 1967 2487 Nimis
1988 2415 2105 2486 mults

59 2524 172 2617 aliqua
199 2525 391 2597 ministerii
405 2524 614 2623 Evangelici
635 2526 781 2618 fungar,
808 2549 864 2597 res
884 2524 978 2616 cogit
994 2525 1051 2594 in·
1106 2525 1146 2596 in
1181 2538 1256 2597 tota
1291 2549 1421 2616 genere
1464 2523 1623 2598 humano
1656 2530 1749 2603 fiunt
1782 2533 2039 2605 contumeliosa
2064 2533 2105 2603 in

59 2646 194 2714 terdum
237 2645 587 2739 interpretationem,
628 2660 689 2718 aut
720 2658 814 2718 certe
848 2668 1052 2715 commone·
1105 2641 1234 2716 Deum.
1293 2640 1481 2738 Epicurei,
1514 2643 1810 2738 Mahometistae,
1846 2665 1881 2723 et
1908 2652 2014 2724 multi
2040 2650 2105 2723 alii

59 2763 244 2835 factionem
264 2767 421 2860 aliquam
437 2769 569 2840 addere
588 2764 758 2838 brevibus
776 2763 881 2837 dictis
903 2764 943 2834 in
967 2788 1052 2834 nar·
1105 2778 1275 2859 tanquam
1299 2766 1398 2837 coelo
1419 2766 1556 2838 bellum
1577 2767 1787 2856 inferentes,
1813 2796 1888 2843 non
1911 2770 2028 2843 solum
2045 2752 2104 2843 in·
2131 2804 2136 2821 =

58 2882 193 2953 ratione
208 2885 342 2980 aliqua.
1104 2897 1202 2975 grata
1219 2885 1301 2956 Deo
1317 2885 1470 2974 faciunt,
1495 2889 1557 2957 sed
1574 2888 1680 2961 etiam
1694 2891 1928 2962 audacissime
1943 2893 2050 2963 falsas
2069 2904 2113 2962 st.
2200 2870 2203 2875 Ι

160 3000 336 3075 Profiteor
367 3018 484 3076 autem
523 3018 599 3079 toto
627 3016 771 3097 pectore
796 3028 854 3076 me
886 3002 1051 3095 amplecti

58 3124 255 3194 doctrinam
279 3123 534 3220 symbolorum
555 3124 756 3218 Apostolici
779 3138 813 3196 et
835 3122 982 3206 Niceni,
1017 3137 1050 3195 et

57 3265 266 3314 consensum
288 3239 492 3316 Catholicae
515 3244 691 3318 Ecclesiae
714 3241 801 3330 Dei,
835 3269 940 3338 quem
970 3245 1051 3338 qui-

56 3362 136 3429 dem
158 3377 193 3433 et
213 3360 393 3434 Ecclesiae
413 3359 540 3436 harum
562 3362 859 3451 Academiarum,
883 3361 1052 3436 Witem-

55 3481 237 3572 bergensis
254 3498 287 3554 et
300 3480 466 3577 Lipsicae
481 3498 699 3577 sequuntur,
726 3507 813 3579 quas
828 3483 934 3555 etiam
955 3483 1052 3555 iudi·

56 3622 111 3667 ces
126 3622 201 3668 esse
216 3624 380 3670 meorum
395 3599 610 3693 scriptorum
627 3601 722 3675 volo.

155 3717 264 3807 Quod
295 3733 414 3791 autem
444 3716 538 3791 hanc
568 3745 683 3792 meam
719 3723 981 3793 enarrationem
1012 3722 1052 3791 in

55 3832 227 3906 Iohannis
244 3832 480 3928 Evangelinm
503 3839 557 3907 tui
579 3838 737 3909 nominis
760 3839 919 3932 auspicio
941 3838 1051 3922 edidi,

52 3949 139 4024 haec
152 3956 343 4054 praecipua
359 3978 463 4027 causa
478 3970 549 4042 est,
575 3971 616 4029 ut
640 3981 721 4027 cum
743 3961 911 4029 ostendas
930 3973 966 4055 te
987 3982 1050 4028 ve-

51 4098 129 4144 ram
156 4073 226 4143 Dei
253 4075 517 4146 invocationem
548 4077 717 4148 omuibus
745 4078 852 4149 rebus
881 4073 1049 4149 humanis

53 4194 247 4279 anteferre,
282 4209 316 4265 et
340 4218 459 4265 amare
480 4191 677 4267 Ecclesiam
700 4196 787 4288 Dei,
821 4196 978 4291 primum
1008 4197 1047 4266 in

52 4308 120 4384 boc
140 4314 288 4405 publico
313 4315 445 4405 scripto
462 4315 538 4387 Deo
563 4318 693 4407 gratias
717 4339 836 4408 agam,
868 4318 965 4412 quod
981 4317 1049 4386 ali-

57 4457 206 4525 quorum
224 4432 432 4526 Principum
449 4449 590 4527 pectora
606 4439 649 4506 ad
667 4433 855 4527 Evangelii
872 4449 907 4507 et
924 4431 1046 4507 Eccle-

52 4554 123 4627 siae
136 4577 295 4623 amorem
312 4554 442 4640 flectit,
469 4555 599 4625 deinde
616 4570 657 4628 nt
678 4556 745 4627 tibi
768 4579 910 4650 qnoque
932 4579 1046 4626 meam

54 4673 310 4763 gratitudinem
328 4687 364 4745 et
378 4674 537 4744 studium
554 4678 751 4751 ostendam.

151 4790 232 4883 Ago
249 4794 370 4887 itaque
386 4793 515 4884 gratias
526 4792 605 4864 Deo
621 4808 765 4867 aeterno
782 4790 879 4866 Patri
894 4794 1048 4865 Domini

52 4913 165 4983 nostri
184 4909 263 4982 lesu
281 4907 438 5000 Christi,
463 4918 559 5009 quod
582 4915 698 4986 lucem
720 4914 907 5006 Evangelii
930 4915 987 4986 sui
1009 4915 1048 4984 in

53 5042 86 5102 te
100 5044 135 5103 et
151 5031 234 5102 aliis
258 5034 472 5128 quibusdam
487 5033 718 5128 Principibus
742 5036 921 5123 accendit,
947 5050 983 5109 et
998 5039 1049 5107 ef·
1073 5056 1079 5077 ·

55 5150 142 5234 teis.
178 5166 219 5225 nt
246 5153 388 5247 aliquas
417 5155 562 5249 politiae
592 5151 747 5251 hospitia
771 5155 843 5227 sint
863 5151 1051 5228 Ecclesiae.

1105 3015 1212 3074 tetras
1236 3004 1427 3096 opiniones
1450 3009 1495 3077 de
1515 3009 1596 3079 Deo
1620 3010 1836 3095 defendunt,
1863 3024 1897 3083 et
1919 3011 2102 3117 saevitiam

1104 3123 1145 3191 in
1158 3144 1219 3192 eos
1234 3137 1415 3205 exercent,
1426 3198 1429 3202 Α
1442 3125 1504 3218 qui
1523 3123 1640 3195 Deum
1658 3150 1741 3197 vere
1755 3129 1961 3218 celebrant„
1987 3125 2103 3200 Dein-

1105 3241 1169 3326 de,
1202 3263 1309 3334 quam
1343 3241 1450 3312 multi
1478 3216 1728 3331 ambitionem,
1761 3244 1951 3331 libidines,
1984 3246 2103 3316 avari-

1104 3358 1190 3428 tiam
1214 3381 1316 3428 suam
1340 3357 1417 3429 Deo
1440 3360 1669 3457 anteferunt?
1718 3356 1768 3431 Hi
1787 3388 1867 3435 cum
1885 3386 2009 3434 omnes
2023 3363 2101 3436 Deo

1103 3475 1240 3565 ingrata
1257 3476 1409 3562 faciant,
1435 3477 1514 3547 vult
1528 3490 1647 3548 tamen
1664 3474 1763 3549 Deus
1785 3480 1941 3578 aliquam
1963 3493 2100 3574 partem

1103 3590 1242 3683 generis
1263 3587 1434 3680 humani,
1458 3582 1607 3683 scilicet,
1633 3590 1826 3668 Ecclesiam
1845 3611 1944 3689 grata
1966 3598 2036 3692 ipsi
2047 3604 2102 3669 fa·
2196 3658 2199 3663 .

1103 3736 1202 3796 cere,
1227 3735 1319 3806 quae
1336 3712 1501 3785 videlicet
1516 3738 1598 3786 eum
1614 3729 1709 3787 recte
1732 3716 1895 3803 invocat,
1920 3732 2021 3791 curat
2039 3741 2102 3807 ve-

1103 3856 1179 3904 ram
1199 3833 1399 3903 doctrinam
1421 3835 1629 3927 propagari,
1654 3849 1689 3907 et
1704 3830 1853 3907 honeste
1873 3837 2101 3928 disciplinam

1101 3952 1211 4044 regit,
1237 3953 1366 4047 quoin
1380 3974 1551 4041 numero,
1576 3968 1617 4028 ut
1630 3978 1772 4048 semper
1787 3958 1854 4041 sis,
1880 3968 1915 4026 et
1933 3956 2102 4028 salutaria

1101 4087 1136 4145 et
1159 4082 1257 4164 grata
1283 4069 1362 4144 Deo
1386 4097 1527 4167 semper
1548 4098 1649 4167 agas,
1687 4077 1794 4147 faciat
1816 4089 1980 4146 aeternus
1996 4068 2102 4178 Pater

1100 4192 1250 4264 Domini
1273 4194 1388 4266 nostri
1417 4192 1496 4265 lesu
1518 4191 1665 4270 Christi.
1722 4193 1835 4267 Datae
1851 4176 2102 4291 Witebergqe,
2156 4204 2160 4211 '

1100 4337 1196 4384 anno
1225 4308 1337 4384 1546.
1360 4314 1419 4384 die
1448 4313 1509 4389 ta.
1532 4310 1740 4401 Februarii,
1779 4340 1851 4410 quo
1882 4331 1965 4387 ante
1985 4338 2100 4389 annos

1103 4435 1202 4510 1708
1237 4433 1415 4507 Nicanore
1453 4436 1664 4518 interfecto,
1723 4453 1970 4531 recuperatum
2008 4451 2101 4508 tem-

1099 4558 1220 4649 plum,
1257 4568 1292 4626 et
1315 4555 1477 4625 restituta
1504 4549 1626 4626 schola
1657 4557 1843 4628 doetrinae
1870 4557 2032 4629 coelestis
2060 4558 2101 4627 in

1101 4676 1191 4747 urbe
1207 4673 1442 4770 ierosolyma,
1468 4698 1540 4769 qno
1564 4676 1727 4769 exemplo
1751 4679 2022 4751 commonefacti
2038 4702 2101 4772 pe-

1101 4812 1221 4867 tamus
1242 4808 1277 4865 et
1297 4807 1520 4889 expectemus
1541 4818 1640 4866 nunc
1661 4820 1803 4891 quoqne
1823 4822 1842 4868 a
1869 4799 1949 4870 Deo
1974 4793 2100 4879 Eccle-

1102 4917 1195 5004 siae,
1221 4930 1255 4988 et
1269 4915 1349 5010 piae
1363 4915 1546 4988 doctrinae
1565 4915 1821 4993 defensionem.

1522 5060 1678 5146 Finis.
