4522 5782
279 398 460 477 Lazarus
477 413 642 476 mortuus
657 413 730 507 est,
755 413 816 480 etc.

153 561 240 635 Non
261 565 379 635 solum
404 563 622 634 resuscitatio
644 562 776 631 factum
802 576 853 632 est
876 583 1045 650 superans

54 668 148 739 vires
173 680 374 750 creaturae,
405 670 465 736 sed
493 668 599 737 etiarn
623 660 708 734 haec
730 664 857 734 notitia
885 677 1043 747 eventus,

52 771 112 863 qui
129 771 257 862 procul
271 769 463 847 acciderat,
494 761 845 859 superassmminum
870 780 1043 837 naturam.

52 873 146 945 Sunt
160 873 272 962 igitur
286 873 350 943 uni
366 873 538 941 miraculo
554 869 665 940 multa
682 871 884 948 coniuncta,
911 883 944 937 et
961 864 1056 935 haec·

52 975 173 1046 omnia
191 974 437 1067 principaliter
453 975 547 1044 edita
563 987 667 1056 sunt,
693 987 732 1042 ut
749 985 921 1042 testentur
931 971 1042 1041 Deum

51 1100 126 1149 sese
159 1077 367 1168 patefecisse
396 1077 517 1167 generi
549 1071 728 1159 humano,
764 1089 798 1144 et
819 1075 1043 1142 confirmasse

52 1181 254 1252 doctrinam
268 1181 434 1249 traditam
450 1179 490 1247 in
506 1176 663 1248 Ecclesia
681 1199 754 1250 sua.
808 1175 961 1269 ldeoque
975 1171 1044 1243 Ec-

51 1282 156 1354 clesia
200 1277 305 1356 babet
336 1282 480 1374 propria
520 1282 692 1372 quaedam
723 1281 909 1363 miracula,
956 1301 1045 1370 quae

53 1386 153 1457 nulle
168 1398 329 1456 creatura
347 1398 459 1475 potest
475 1384 627 1467 imitari,
653 1396 693 1452 ut
712 1383 796 1453 certi
821 1383 932 1449 simus
951 1376 1043 1448 harre

55 1488 257 1559 doctrinam
288 1488 455 1579 scriptam
484 1510 548 1576 per
570 1480 766 1576 Prophetas
788 1499 823 1554 et
844 1482 1047 1570 Apostolos,

54 1590 118 1659 Dei
137 1614 262 1660 vocem
287 1603 322 1661 et
342 1591 555 1660 sententiam
579 1611 663 1664 esse.
714 1585 931 1656 Habuerunt
953 1580 1045 1654 Eth-

54 1694 123 1762 nici
138 1693 331 1777 miracula,
365 1705 406 1762 ut
424 1689 586 1781 Arusper
608 1690 773 1760 dissecuit
796 1705 909 1758 cotem
935 1710 1045 1755 nova·

55 1796 152 1876 cula,
189 1795 355 1864 vaticinia
385 1794 565 1864 interdum
590 1816 691 1863 veros
722 1794 834 1860 exitus
864 1791 1046 1882 praedixe-

53 1911 158 1979 runt,
185 1899 248 1968 sed
264 1893 352 1968 haec
366 1898 470 1986 longe
487 1896 656 1966 inferiora
678 1909 762 1965 sunt
776 1893 953 1963 Ecclesiae
976 1892 1045 1960 cni-

54 2000 205 2080 nentis,
230 1999 499 2069 resuscitatione
513 2013 734 2068 mortuorum
757 1998 896 2082 crebra,
932 2009 964 2064 et
989 2018 1045 2064 re-

53 2102 177 2173 iocato
204 2125 310 2173 cursu
333 2101 447 2188 Solis,
479 2115 520 2172 ut
542 2102 580 2169 in
600 2096 746 2171 historia
765 2097 887 2168 losuae
909 2112 942 2168 et
959 2094 1046 2166 Eze-

55 2203 172 2290 chiae,
199 2217 235 2274 et
249 2217 419 2294 conceptu
435 2204 533 2273 anili.
586 2202 688 2273 Talia
711 2226 784 2270 non
803 2215 948 2293 possunt
964 2200 1047 2266 irni-

56 2309 123 2380 tari
148 2320 352 2396 creaturae,
394 2330 457 2375 nec
484 2308 614 2376 frustra
645 2305 824 2396 proposita
848 2317 930 2374 sunt
962 2297 1047 2371 haec

55 2410 278 2494 testimonia,
310 2410 387 2480 vult
409 2433 447 2478 ea
473 2406 569 2478 Deus
600 2407 757 2498 conspici
791 2420 825 2476 et
857 2405 1045 2496 cogitacio

10 2524 12 2529 '
54 2513 176 2595 uobis,
201 2525 243 2581 ut
259 2513 469 2582 confirment
483 2512 588 2581 fidem
606 2511 643 2578 in
666 2510 789 2589 nobis,
817 2511 1048 2602 quemadmo-

56 2617 137 2686 dum
153 2610 225 2684 boc
239 2614 316 2704 ipso
342 2616 419 2684 loco
443 2614 561 2706 inquit
576 2609 753 2684 Christus:
788 2609 938 2680 Gaudeo
961 2634 1046 2702 pro·

54 2731 129 2810 pter
141 2740 222 2801 vos,
248 2730 288 2787 ut
306 2717 468 2789 credatis.
522 2712 629 2785 ltem:
657 2714 807 2805 Propter
822 2716 962 2784 turbam
978 2714 1048 2782 cir·

56 2831 290 2891 cumstantem
315 2818 400 2891 haec
421 2818 515 2897 dixi,
548 2830 589 2888 ut
613 2819 777 2902 credant,
813 2820 908 2910 quod
932 2831 969 2886 tu
993 2838 1049 2883 me

57 2923 210 3005 miseris,
235 2922 272 2990 id
292 2935 365 3007 est,
391 2934 425 2992 te
441 2921 592 3003 invoco,
618 2932 657 2989 ut
673 2933 809 2989 constet
823 2919 1049 2988 invocatione

20 3058 24 3071 ·
58 3024 214 3095 nominis
226 3019 294 3091 Dei
311 3018 397 3094 baec
412 3024 582 3094 miracula
601 3022 693 3105 fieri,
719 3045 829 3115 eaque
847 3021 1048 3092 testimonia

61 3149 149 3211 esse,
183 3126 282 3219 quod
304 3119 365 3193 hic
386 3128 558 3194 invocans
575 3123 652 3193 Deo
681 3125 835 3216 placeat,
866 3124 911 3195 sit
934 3124 1049 3193 aDeo

61 3230 203 3309 missus,
229 3227 275 3296 sit
292 3250 397 3296 verax
412 3230 556 3314 doctor,
582 3242 646 3300 etc.

104 3410 191 3486 Scio
207 3408 311 3584 quippi
324 3423 484 3508 resurget
510 3412 551 3483 in
568 3411 842 3500 resurrectione,
870 3409 910 3481 in
929 3410 1051 3482 novis-

156 3540 255 3587 simo
296 3539 340 3589 te.

127 3672 295 3763 Longum
327 3620 547 3765 colloquium
579 3686 631 3742 est
652 3667 816 3743 Marthae
848 3687 880 3744 et
905 3666 1051 3756 Christi,

65 3777 195 3871 inquo
222 3771 368 3845 Martha
393 3774 566 3874 significat
594 3775 801 3866 petitionem
826 3777 870 3844 de
891 3798 1049 3844 resurre-

67 3880 195 3964 ctione,
216 3892 252 3948 et
269 3878 374 3948 initio
396 3877 567 3962 affirmat,
601 3878 758 3966 potuisse
782 3875 964 3948 Christum
988 3878 1050 3946 de·
1083 3943 1087 3950 .

65 3982 188 4073 pellere
203 3982 388 4065 morbum,
426 3980 568 4048 vivente
590 3979 745 4067 Lazaro,
777 3995 810 4050 et
831 4005 927 4049 nunc
951 4004 1051 4071 posse

48 4106 220 4160 ,morare
237 4088 418 4152 mortuum
435 4081 471 4149 in
489 4083 616 4163 vitam,
651 4077 737 4152 baec
762 4083 877 4175 prima
899 4096 949 4152 est
966 4106 1051 4151 con-

64 4184 156 4258 fessio
171 4188 217 4255 de
232 4184 389 4275 potentia
406 4178 551 4255 Christi.
603 4186 752 4256 Accedit
766 4186 875 4275 igitur
896 4187 1049 4276 promis-

64 4289 109 4360 sio
121 4290 166 4360 de
185 4288 389 4372 voluntate,
413 4311 519 4380 quam
541 4288 670 4357 mulier
686 4312 761 4356 non
778 4289 896 4357 statim
915 4287 1051 4357 intelli·

64 4393 120 4482 git:
146 4388 326 4479 Resurget
342 4391 450 4459 irater
466 4403 558 4463 tuus.
592 4388 695 4461 Hanc
710 4415 830 4460 vocem
847 4391 975 4459 mulier
994 4390 1050 4458 in·
1081 4478 1084 4482 Δ

63 4495 181 4584 telligit
205 4494 252 4563 de
277 4491 533 4562 resurrectione
556 4493 674 4562 futura
701 4493 740 4560 in
762 4493 958 4562 novissimo
981 4493 1050 4566 die.

63 4591 129 4668 lltsi
149 4608 271 4668 autem
288 4589 348 4664 bic
369 4609 546 4688 quaerunt
562 4595 692 4687 aliqui,
728 4599 824 4665 unde
847 4596 977 4665 mulier
997 4608 1050 4664 te·

62 4714 131 4771 neat
155 4697 370 4769 sententiam
394 4698 439 4765 de
462 4699 721 4767 resurrectione
751 4688 962 4783 universali,
1004 4721 1050 4767 an

62 4797 250 4876 uchrisci
272 4798 505 4870 concionibus
527 4824 647 4869 recens
672 4801 856 4886 didicerit,
891 4824 935 4869 an
965 4824 1049 4869 vero

62 4928 191 5003 temper
218 4902 259 4971 in
291 4901 425 4992 populo
455 4899 567 4972 lsra’e'l
595 4903 736 4992 publice
761 4898 848 4972 baec
875 4903 1049 4972 sententia

60 5007 243 5090 manserit,
294 5005 451 5074 futuram
488 5007 781 5076 resurrectionem
824 5019 1048 5074 mortuorum

59 5108 310 5193 universalem,
336 5119 371 5176 et
386 5103 502 5175 Deum
519 5108 760 5178 iudicaturum
778 5132 851 5176 esse
867 5111 911 5176 de
927 5108 1048 5178 omni-

58 5211 113 5284 bus
128 5209 364 5288 hominibus,
391 5223 425 5277 et
441 5210 608 5280 daturum
627 5207 806 5280 Ecclesiae
822 5234 905 5280 suae
920 5213 1048 5300 gaudia

57 5332 213 5394 aeterna,
258 5325 293 5382 et
323 5311 442 5403 impiis
476 5336 623 5402 poenas:
666 5326 787 5381 tamen
819 5313 1049 5384 manifestum

10 5424 12 5429 ’
56 5434 98 5490 est
113 5440 261 5509 semper
276 5409 534 5506 hominespios
551 5417 589 5485 in
615 5415 748 5508 populo
764 5412 874 5485 lsra'e’l
897 5415 947 5484 sie
966 5440 1047 5485 sen·
1072 5485 1075 5495 ,

407 274 411 280 .
459 215 541 291 aar.
594 210 896 293 melantho
924 214 974 326 tn·
999 207 1180 291 staua.
1209 205 1427 292 loannis.
1478 217 1582 294 car.
1611 217 1674 291 xi.
1781 301 1787 308 ,

1094 389 1199 474 sisse,
1232 391 1387 460 futuram
1420 413 1492 459 esse
1521 390 1814 461 resurrectionem
1846 404 2085 470 mortuorum,

1095 507 1128 562 et
1152 494 1311 561 futurum
1336 493 1521 567 iudicium.
1574 493 1662 562 Nam
1682 489 1879 591 Prophetae.
1902 493 2085 561 manifeste

1095 598 1139 664 de
1174 596 1430 664 resurrectione
1465 597 1742 681 concionantur,
1785 610 1825 665 ut
1855 594 1982 666 Esaiae
2004 595 2084 666 36.:

1096 697 1227 766 Vivent
1263 700 1413 778 mortui,
1460 699 1632 768 interfecti
1669 700 1738 777 mei
1776 713 1970 788 resurgent.
2037 695 2085 766 Et

1096 797 1175 873 Esa.
1193 796 1274 873 25.:
1307 800 1354 870 tit
1374 825 1470 870 rnors
1494 802 1722 871 devorabitur
1745 802 1905 870 omnino.
1958 793 2084 868 Ezech.

1095 901 1173 976 37.:
1200 901 1291 972 Ecce
1306 926 1369 993 ego
1387 905 1539 995 aperiam
1555 906 1710 972 tumulos
1727 917 1872 978 vestros.
1924 900 2085 973 Danielis

1100 1007 1173 1079 12:
1199 1005 1246 1076 Et
1260 1005 1361 1075 multi
1379 1009 1422 1074 de
1440 1004 1494 1075 his
1511 1009 1569 1100 qui
1596 1009 1778 1076 dormiunt
1803 1008 1840 1074 in
1868 1021 1982 1075 terrae
2002 1003 2086 1094 pul-

1098 1133 1195 1193 vere,
1230 1110 1468 1197 evigilabunt,
1507 1111 1566 1177 alii
1592 1111 1628 1177 in
1655 1111 1762 1177 vitam
1788 1123 1988 1189 aeternam,
2022 1104 2085 1172 alii

1097 1212 1134 1278 in
1150 1213 1403 1302 opprobrium,
1430 1225 1469 1279 ut
1492 1214 1635 1281 videant
1659 1236 1811 1301 semper,
1846 1207 2084 1280 etl’sal.'16.:

1098 1315 1191 1383 Caro
1209 1338 1282 1382 mea
1300 1315 1487 1406 requiescit
1507 1315 1543 1382 in
1559 1338 1637 1405 spe,
1664 1338 1737 1382 non
1757 1314 1982 1406 derelinquas
2006 1311 2085 1378 ani-

1096 1440 1190 1486 mam
1209 1441 1322 1484 meam
1337 1416 1374 1483 in
1394 1417 1550 1502 inferno,
1585 1442 1650 1484 nec
1677 1418 1778 1485 dabis
1801 1431 1959 1485 sanctum
1983 1428 2084 1482 tuum

1098 1520 1220 1589 videre
1242 1520 1517 1610 corruptionem.
1568 1517 1666 1588 Hiob
1692 1519 1766 1589 19.:
1805 1520 1886 1589 Scio
1912 1518 2005 1609 quod
2031 1538 2104 1582 re-·

1098 1624 1237 1690 demtor
1261 1645 1361 1691 meus
1382 1623 1488 1708 vivit,
1520 1622 1614 1692 etin
1640 1622 1830 1690 novissima
1854 1619 1910 1690 die
1926 1623 1970 1688 de
1992 1632 2085 1687 terra

1096 1737 1358 1794 resurrecturus
1385 1749 1481 1808 snm,
1519 1738 1552 1795 et
1579 1747 1702 1793 rursus
1725 1725 1973 1793 circumdabor
1995 1719 2088 1811 pelle

1099 1851 1194 1907 mea,
1220 1828 1307 1896 etin
1325 1851 1523 1896 carneruea
1549 1829 1677 1895 videbo
1692 1825 1828 1911 Deum,
1862 1849 1966 1919 quem
1990 1824 2087 1890 risu·
2183 1876 2191 1885 ⁴,

1098 1952 1252 2013 scissum
1270 1951 1332 2017 ego
1349 1930 1441 2028 ipse,
1476 1944 1511 2000 et
1534 1931 1629 1998 oculi
1657 1930 1725 1996 mei
1750 1927 1970 2019 conspecturi
1995 1937 2088 2002 sunt,

1099 2045 1133 2102 et
1153 2056 1228 2099 non
1250 2032 1352 2102 alius.
1419 2030 1515 2101 llaec
1538 2045 1609 2100 tarn
1635 2033 1785 2101 illustria
1814 2029 2015 2101 testimonia
2037 2027 2089 2116 pii

1097 2159 1171 2202 non
1188 2135 1486 2225 aspernabantur,
1521 2148 1555 2203 et
1579 2136 1689 2205 multa
1715 2147 1797 2204 sunt
1820 2133 1946 2224 passim
1970 2151 2089 2220 sparsa
2209 2212 2214 2222 ι

1098 2240 1225 2307 intuta
1248 2237 1421 2327 scriptura
1447 2232 1670 2329 prophetica,
1703 2260 1895 2329 quaecum
1919 2230 1975 2302 bis
2002 2254 2088 2301 con·
2189 2248 2194 2255 ·

1098 2350 1249 2430 gruunt,
1277 2340 1357 2408 ideo
1380 2353 1414 2408 et
1430 2335 1631 2423 Pharisaei,
1657 2340 1718 2433 qui
1736 2340 1798 2408 etsi
1816 2339 1884 2408 alia
1900 2336 2010 2405 multa
2026 2334 2090 2403 de·

1098 2442 1179 2511 liria
1195 2442 1473 2540 profitebantur,
1499 2455 1617 2511 tamen
1633 2438 1730 2511 berne
1743 2443 1942 2514 articulum
1966 2450 2089 2508 contra

1099 2543 1322 2614 Sadducaeos
1336 2545 1505 2613 acerrime
1518 2547 1774 2628 defendebant,
1807 2544 1970 2612 videlicet
1991 2542 2089 2609 futu-

1098 2672 1173 2716 ram
1196 2671 1269 2716 esse
1293 2648 1588 2716 resurrectionem
1610 2661 1854 2729 mortuorum,
1891 2658 1930 2713 ut
1954 2649 2098 2712 constat

1099 2774 1140 2818 ex
1176 2746 1273 2820 Actis
1296 2775 1371 2840 cap.
1391 2750 1453 2822 23.
1506 2749 1667 2820 Tenebat
1697 2750 1805 2840 igitur
1828 2743 1972 2817 Martha
1999 2741 2091 2812 hanc

1099 2854 1309 2923 sententiam
1328 2877 1368 2921 ex
1385 2856 1511 2922 usitata
1529 2854 1690 2922 doctrina
1708 2853 1848 2943 piorum
1874 2855 1912 2920 in
1937 2852 2003 2919 isto
2025 2871 2091 2938 po·
2132 2870 2139 2877 ·

1100 2958 1204 3044 pulo,
1231 2967 1398 3024 ettamen
1414 2957 1582 3024 credibile
1599 2969 1668 3040 est,
1695 2980 1771 3023 eam
1788 2968 1822 3025 et
1844 2956 1886 3022 de
1908 2948 1976 3021 hnc
2002 2949 2090 3019 arti·
2135 3037 2143 3050 ἱ

1099 3058 1178 3127 culo
1196 3072 1230 3126 et
1245 3056 1410 3126 universa
1433 3057 1595 3126 doctrina
1613 3054 1801 3148 Evangelii
1823 3080 1925 3147 saepe
1948 3069 1983 3125 et
2006 3053 2090 3122 dilia

1099 3176 1223 3249 genter
1238 3159 1415 3230 audivisse
1430 3154 1627 3230 Christum.

1266 3325 1353 3422 Ego
1367 3353 1448 3399 sum
1466 3327 1678 3399 resurrectio
1700 3336 1737 3397 ‘et
1761 3325 1836 3397 vita
1860 3336 1923 3402 ete.

1202 3460 1302 3533 Duae
1318 3478 1400 3535 sunt
1416 3464 1571 3553 insignes
1587 3467 1793 3550 sententiae,
1819 3464 2091 3554 complectentes

1099 3590 1272 3635 summam
1295 3568 1403 3637 totius
1419 3564 1616 3655 Evangelii.
1676 3569 1787 3659 Saepe
1809 3581 1926 3637 autem
1949 3565 2092 3635 monni-

1099 3693 1178 3738 mus
1203 3669 1389 3760 praecipue
1415 3670 1475 3737 illa
1499 3672 1700 3739 testimonia
1730 3672 1951 3740 observanda
1975 3684 2008 3740 et
2031 3692 2092 3738 ex-

1101 3773 1274 3861 cerpenda
1291 3795 1382 3857 esse,
1417 3773 1605 3864 inquibus
1627 3797 1763 3843 summa
1787 3772 1972 3860 Evangelii
1994 3793 2093 3841 corn-

1100 3869 1273 3966 prehensa
1297 3888 1358 3944 est.
1410 3872 1535 3946 Voluit
1558 3877 1653 3944 enim
1679 3873 1843 3946 Christus
1864 3887 1955 3943 certa
1977 3886 2012 3943 et
2033 3897 2093 3941 er-

1099 3977 1228 4067 plicata
1255 3978 1412 4058 tradere,
1455 4000 1528 4045 non
1554 3980 1667 4049 voluit
1692 3979 1873 4065 ambiguas
1898 3989 1932 4046 et
1955 3976 2094 4045 flexilo-

1101 4103 1187 4173 quas
1202 4080 1458 4170 disputationes
1475 4104 1607 4166 serere,
1642 4105 1731 4174 quae
1754 4081 1957 4149 animorum
1983 4078 2094 4148 dubi·

1098 4181 1250 4252 tatiunes
1278 4196 1311 4251 et
1346 4184 1574 4252 confusiones
1599 4197 1777 4275 parerent:
1828 4179 1906 4271 Ego
1932 4204 2010 4250 sum
2034 4205 2093 4250 re·

1099 4286 1271 4355 surrectio
1286 4301 1319 4354 et
1333 4286 1426 4367 vita,
1458 4286 1495 4353 id
1520 4300 1590 4369 est,
1624 4286 1851 4355 resuscitator
1867 4297 1901 4352 et
1918 4286 2020 4353 dator
2039 4283 2093 4354 vi·
2175 4345 2177 4349 ,

1099 4401 1174 4466 tae,
1200 4401 1240 4457 ut
1255 4390 1348 4478 apud
1358 4384 1500 4456 Esaiam
1515 4388 1664 4459 dicitur:
1693 4385 1799 4457 Pater
1814 4389 1907 4457 vitae
1921 4401 2095 4467 aeternae,

1100 4503 1133 4560 et
1150 4490 1338 4582 aliquoties
1367 4513 1471 4578 supra
1496 4487 1598 4559 dicit:
1634 4489 1754 4560 Vitam
1772 4505 1950 4561 aeternam
1970 4491 2015 4557 do
2031 4491 2094 4574 eis,
2215 4516 2219 4520 ⁴

1099 4607 1164 4666 etc.
1217 4592 1266 4664 Ut
1288 4607 1404 4663 autem
1435 4592 1626 4662 discrimen
1651 4593 1798 4680 sciatur,
1840 4594 1934 4662 inter
1956 4616 2016 4661 eos
2031 4592 2093 4686 qui

1099 4695 1308 4764 beneficium
1332 4690 1465 4762 Christi
1495 4710 1779 4792 consequuntur,
1822 4710 1856 4766 et
1887 4695 1981 4764 inter
2004 4697 2095 4765 alios
2123 4750 2127 4759 .

1099 4799 1160 4890 qni
1182 4822 1256 4866 non
1272 4811 1557 4890 consequuntur,
1585 4801 1700 4869 addit:
1735 4799 1808 4888 Qui
1831 4798 1942 4868 credit
1964 4799 2002 4867 in
2026 4798 2093 4882 me,

1100 4900 1236 4969 etiarnsi
1253 4913 1415 4969 mortuus
1430 4900 1556 4986 feeerit,
1583 4902 1697 4971 vivet]

1201 5001 1312 5071 Plana
1344 5015 1377 5071 et
1407 5003 1499 5071 clara
1533 5004 1709 5075 sententia
1736 5019 1804 5090 est,
1852 5004 1921 5073 lide
1951 5014 2095 5093 propter

1099 5099 1281 5176 Christum
1299 5129 1363 5174 nos
1376 5105 1522 5174 liberari
1545 5123 1694 5179 amorte
1716 5120 1878 5192 aeterna,
1911 5119 1945 5175 et
1969 5128 2096 5174 conse-

1101 5207 1164 5299 qui
1183 5209 1290 5278 vitam
1315 5221 1507 5280 aeternam.
1560 5208 1634 5279 Nec
1657 5232 1746 5301 opus
1762 5223 1813 5279 est
1830 5207 2016 5277 sententiis
2032 5233 2096 5300 per

1097 5333 1172 5380 sese
1186 5311 1383 5381 manifestis
1396 5323 1430 5380 et
1439 5312 1634 5404 perspicuis
1653 5315 1784 5381 addere
1799 5311 1979 5401 longiores
1992 5335 2096 5380 enar-

1097 5414 1272 5486 rationes.
