4522 5782
545 1104 644 1213 xn.
705 1122 1184 1213 nuuunnnruntns
1221 1123 1286 1207 nu
1320 1120 1693 1213 nvnucnnnt.

968 1290 1276 1386 (courruuansu)

492 1492 885 1585 „uuunaunro
923 1495 984 1570 ru
1024 1489 1425 1568 nvuucumuu
1471 1491 1746 1570 rolucus·

118 1659 193 1720 edita
216 1655 337 1738 quidem
360 1664 408 1720 est
429 1675 450 1718 a
464 1654 558 1739 casp.
582 1655 802 1738 crucigero
826 1676 881 1719 suo
904 1652 1042 1731 nomine,
1065 1654 1120 1714 sed
1141 1653 1257 1733 scripta
1279 1651 1674 1736 aPlnilippoMelantlone,
1696 1650 1749 1738 qui
1769 1674 1850 1719 anno
1872 1655 1974 1736 1⁶36,
1995 1675 2065 1741 enm
2086 1657 2147 1722 iter

116 1746 146 1807 in
165 1743 372 1806 Palatinatum
394 1743 528 1822 faceret,
551 1743 676 1807 chartas
697 1762 717 1806 a
738 1763 773 1806 se
794 1741 983 1824 perscriptas
1005 1737 1172 1820 crucigero
1200 1738 1281 1801 dedit
1308 1740 1429 1821 publice
1457 1741 1681 1824 praelegendus
1710 1743 1744 1806 in
1771 1741 1878 1806 schola
1905 1741 2145 1828 Wrtebergensi.

117 1832 182 1908 Quo
203 1831 293 1892 modu
313 1830 373 1892 hae
396 1829 619 1911 praelectiones
642 1827 818 1893 conradum
838 1827 1049 1891 cordatum
1076 1824 1270 1888 occasionem
1296 1826 1432 1889 dederint
1454 1829 1621 1893 accusandi
1642 1838 1672 1892 et
1694 1827 1895 1911 crucigerum
1916 1836 1947 1890 et
1968 1828 2147 1896 Melantho·

113 1937 181 1979 nem
203 1918 283 1996 apud
304 1915 489 1995 Lnthcrum,
524 1916 611 1999 quasi
640 1915 819 1978 deflexerint
840 1934 860 1978 a
882 1914 1015 1996 genuina
1033 1911 1162 1975 Lutlneri
1183 1910 1322 1975 doctrina
1342 1915 1379 1975 de
1400 1913 1617 1979 iustificatione
1640 1935 1680 1978 ex
1701 1915 1771 1980 sola
1797 1914 1875 1995 fide,
1911 1913 1988 1979 setis
2015 1924 2147 1999 apparet

113 2024 150 2065 ex
174 2001 339 2083 Epistolis,
361 2005 400 2066 ad
422 2023 535 2066 annum
559 2002 643 2068 1536
668 2011 698 2065 et
721 2002 815 2066 1537.
837 2000 1074 2083 pertinentibus,
1095 2018 1172 2079 quae
1198 2018 1293 2080 snpra
1313 1997 1383 2062 Vol.
1404 1999 1475 2078 lll.,
1497 2022 1527 2083 p.
1552 2002 1614 2064 159
1628 2021 1694 2084 sqq.
1717 2011 1799 2083 etp.
1822 2001 1888 2065 347
1901 2022 1967 2083 sqq.
1998 2003 2156 2085 dedimus,
2214 2011 2220 2021 '

110 2087 159 2150 Ex
181 2088 290 2150 iisdem
310 2108 383 2150 uero
406 2088 603 2171 intelligitur,
625 2087 857 2152 Melanthonem
875 2088 978 2170 utique
1003 2085 1165 2168 scripsisse
1186 2085 1266 2149 lanc
1288 2085 1531 2167 enarrationem,
1553 2090 1632 2169 qnod
1654 2087 1748 2152 etiam
1768 2086 1927 2152 confirmet
1940 2088 2147 2156 testimonium

110 2173 423 2255 llatzebergeri,
447 2176 525 2257 quud
547 2177 645 2240 lrabes
667 2173 860 2253 inEpistolis
881 2193 975 2255 supra
998 2172 1065 2236 l'ul.
1086 2170 1156 2249 lV.,
1177 2192 1208 2252 p.
1232 2171 1326 2236 1037.
1367 2172 1598 2253 Peucerum,
1620 2194 1766 2257 generum
1778 2173 2006 2254 Melanthonis,
2024 2193 2145 2258 quoquc

109 2260 253 2324 latuisse
275 2260 507 2324 Melanthonem
529 2271 686 2327 auctorem
706 2259 798 2322 huius
827 2258 1047 2337 enarrationis,
1069 2257 1154 2321 setis
1168 2258 1328 2337 professus
1350 2267 1397 2322 est
1418 2279 1472 2337 eu,
1495 2261 1574 2342 qnod
1596 2281 1665 2324 eam
1687 2261 1829 2343 operibns
1850 2260 2076 2341 Melanthonis,
2104 2263 2145 2328 alt

108 2345 171 2425 ipso
194 2346 394 2429 Witelrcrgae
418 2347 523 2427 editis,
547 2349 637 2412 Tum.
659 2346 711 2411 tt·
733 2369 764 2429 p.
782 2346 856 2413 592.
878 2345 1015 2410 inseruit.
1058 2345 1165 2427 Neque
1188 2345 1372 2408 contradixit
1392 2345 1560 2428 Hyllus,
1583 2346 1634 2430 qni
1654 2347 1687 2411 in
1708 2346 1939 2430 „chronologia
1960 2347 2146 2431 scriptorum

107 2429 160 2495 Ple
181 2431 276 2494 Mel.''
298 2435 339 2496 ad
359 2452 473 2498 annum
495 2433 592 2498 tuto:
611 2434 690 2498 laec
709 2433 819 2496 habet:
1881 2500 1891 2511 ,

188 2517 303 2595 „Edita
323 2538 343 2582 a
366 2518 534 2603 crucigero
558 2520 712 2583 enarratio
736 2519 769 2581 in
790 2518 995 2602 Evangelinm
1015 2515 1159 2580 lolnannis
1180 2515 1331 2596 Apostoli.
1374 2515 1512 2581 Extat4
1534 2518 1625 2582 Tum.
1648 2537 1774 2600 operum
1794 2517 1928 2600 Philippi
1948 2539 1979 2598 p.
1994 2517 2088 2584 592?

111 2599 230 2664 licente
258 2603 340 2666 enim
367 2604 505 2669 Lutheru
527 2605 677 2689 cruciger
704 2626 765 2668 non
791 2625 887 2670 ausus
917 2612 963 2668 est
992 2603 1072 2667 hanc
1101 2601 1326 2665 enarrationem
1351 2604 1458 2683 edere,
1490 2603 1685 2668 hauddubie
1708 2604 1833 2683 timens,
1860 2625 1899 2666 ne
1921 2602 2077 2681 Lutlrcrus
2106 2625 2146 2672 ea
2183 2640 2188 2647 ·

110 2687 314 2784 oflendoretur.
381 2690 456 2756 Post
485 2692 578 2756 huius
606 2713 680 2757 veru
712 2691 827 2755 obitum
849 2690 999 2772 cruciger
1024 2688 1109 2752 illem
1132 2687 1224 2750 edidit
1245 2707 1300 2751 suo
1322 2689 1459 2769 nomine,
1489 2711 1616 2775 eamque
1639 2690 1752 2754 dicarit
1772 2689 1918 2754 Mauritio
1939 2688 2020 2769 Dnci
2040 2690 2145 2757 Saxo·

105 2792 171 2836 ntae
192 2774 236 2837 sic
255 2775 350 2838 inseri
373 2785 452 2842 um:

228 2798 373 2944 casparl
404 2863 584 2948 crucigeri
611 2869 786 2928 enarratio
813 2869 854 2941 ἐκ
881 2862 1109 2943 Euangeliou
1130 2857 1296 2923 Iohannis
1317 2858 1484 2943 Apostoli.
1506 2904 1518 2920 ·.
1535 2862 1740 2947 Argentorati
1768 2860 1863 2927 toto.
1908 2863 1940 2926 8.
1984 2861 2021 2947 (2
2050 2864 2143 2946 atpt.

188 3029 290 3106 Quum
313 2950 444 3099 ditium
464 3057 526 3098 non
547 3035 605 3116 sit,
627 3036 859 3121 quincrueigcr
879 3054 955 3098 usus
977 3032 1017 3096 sit
1039 3029 1153 3095 chartis
1166 3029 1396 3110 Melautlunis,
1419 3032 1510 3098 ctiam
1531 3054 1588 3098 nos
1611 3035 1693 3098 lnunc
1714 3031 1939 3096 enarrationem
1962 3032 2056 3097 simul
2075 3054 2145 3101 mm

117 3115 239 3195 epistola
259 3118 421 3202 crucigeri
442 3120 594 3202 Operibus
615 3124 825 3190 Melanthonis
845 3122 982 3186 inserere
1004 3140 1065 3182 non
1085 3116 1316 3182 haesitavimus.

1134 3315 1277 3328 μ

695 3545 1026 3612 ILLUSTRISSIMO
1060 3542 1245 3611 Plttttcm
1276 3542 1335 3607 ET
1368 3541 1545 3620 DOMINO,

110 3656 251 3734 llominu
277 3660 533 3742 Mtumcto
559 3664 654 3742 Duei
688 3665 886 3759 Senoniae,
927 3667 1158 3768 Landgrerio
1196 3663 1422 3762 Turiugiae,
1453 3659 1656 3737 Marclrioni
1685 3657 1849 3758 Mysiae,
1891 3661 2044 3740 Domino
2079 3688 2145 3739 sno

568 3786 858 3884 clementissimo,
883 3792 1029 3886 carpat·
1062 3792 1255 3887 cruciger·
1276 3784 1496 3883 Theologiac
1527 3783 1676 3877 Ductor,

1056 3921 1092 3987 S.
1135 3924 1177 3989 1).

108 4025 197 4138 Eut
220 4094 332 4160 genus
356 4065 552 4143 humanum
576 4075 763 4171 praecipue
783 4073 1091 4151 bancobeausam
1141 4091 1259 4147 terum
1285 4100 1325 4147 ex
1349 4067 1528 4169 Aegypto,
1570 4076 1725 4170 denique
1749 4073 1855 4143 misso
1887 4072 1982 4145 lilios
2024 4087 2146 4145 tamen

110 4189 209 4260 allec
227 4191 413 4260 conditum
428 4204 499 4278 est,
526 4207 567 4265 ut
583 4191 697 4265 Deum
713 4211 808 4269 recte
822 4214 1007 4290 agnoscat,
1034 4199 1091 4269 in·
1139 4197 1248 4288 furor,
1268 4208 1388 4267 tantus
1410 4208 1462 4266 est
1487 4216 1635 4285 magnae
1664 4192 1909 4265 multitudinis
1941 4188 2147 4280 hominum,

112 4325 216 4400 uocet,
251 4325 286 4380 et
314 4310 483 4396 celebret,
514 4336 663 4407 eamque
687 4318 735 4386 ob
760 4341 900 4389 causam
928 4333 963 4391 et
984 4319 1090 4390 insita
1141 4329 1181 4387 ut
1197 4327 1258 4386 eut
1280 4337 1425 4407 prorsus
1439 4310 1631 4408 Cyclopico
1648 4336 1766 4398 more,
1798 4305 1896 4381 mihil
1919 4334 1993 4381 esse
2015 4309 2147 4401 Deum,

112 4424 337 4499 lnitnaturoe
369 4424 559 4501 hominnm
580 4433 641 4505 lux
665 4451 868 4507 monstrans
890 4434 1025 4525 Deum,
1057 4453 1091 4512 et
1142 4435 1281 4507 nullam
1310 4431 1593 4527 providentiam,
1634 4432 1777 4503 nullum
1807 4430 2000 4502 discrimen
2025 4432 2146 4504 virtu-

110 4536 190 4615 Deus
207 4549 286 4637 ipse
302 4549 417 4617 statim
438 4573 598 4640 expressa
626 4578 712 4622 voce
736 4556 861 4647 primis
884 4557 1091 4648 parentibus
1143 4567 1219 4625 tum
1242 4568 1277 4626 et
1297 4554 1468 4623 vitiorum
1495 4554 1623 4638 ducat,
1650 4564 1711 4623 aut
1733 4552 1861 4622 reiecta
1886 4575 1974 4622 voce
1988 4566 2023 4624 ct
2041 4565 2142 4645 pate·
2201 4574 2205 4582 ·

111 4683 138 4730 se
169 4664 350 4755 patefecit:
393 4681 511 4740 tamen
535 4685 723 4766 postquam
750 4689 829 4765 post
853 4675 1092 4749 tristissimum
1142 4674 1297 4745 factione
1321 4672 1464 4757 diuina,
1499 4672 1732 4744 audacissime
1745 4672 1855 4763 lingat
1870 4696 1965 4742 nova
1982 4671 2144 4759 numine,

64 4782 66 4871 J
110 4779 235 4874 lapsum
271 4787 471 4877 primorum
510 4805 698 4882 parentum
740 4809 867 4865 natura
905 4791 1094 4866 homiuum
1145 4808 1180 4865 et
1200 4818 1220 4863 a
1244 4790 1421 4865 veroDeo
1445 4796 1594 4869 aberret.

64 4904 66 4909 '
110 4920 229 4988 morte,
261 4920 297 4975 et
321 4905 401 4975 aliis
424 4908 527 4977 malis
547 4935 714 5009 oppressa
739 4929 809 5000 est,
841 4909 909 4986 hae
930 4919 1096 4986 tenebrae
1161 4896 1163 4901 ,
1251 4912 1476 4985 cumautem
1493 4911 1786 4986 Deusnonvelit
1808 4913 2146 5002 universumgenne

64 5090 66 5101 ,
110 5024 259 5093 omnium
279 5026 428 5096 maxime
453 5028 694 5122 deplorandae
721 5013 956 5130 suntsqnod
983 5060 1096 5130 quan·
1145 5027 1345 5104 humanum
1372 5034 1502 5124 perire,
1531 5057 1635 5126 saepe
1658 5034 1855 5105 manifestis
1879 5031 2092 5103 testimoniis
2107 5053 2146 5103 se

64 5182 66 5189 ·
109 5164 204 5232 quarn
230 5166 266 5213 se
288 5141 388 5215 Deus
421 5162 542 5239 postea
574 5174 696 5221 rursus
730 5177 891 5244 expressa
922 5180 1028 5247 voce,
1061 5170 1096 5228 et
1145 5154 1327 5245 patefecit,
1352 5167 1386 5223 et
1402 5177 1570 5223 arcannm
1587 5155 1768 5224 decretum
1783 5155 1828 5223 de
1849 5152 1924 5222 lilio
1942 5147 2145 5222 Mediatore

106 5261 220 5331 multis
240 5263 441 5338 illustribus
464 5268 679 5342 testimoniis
700 5273 884 5365 patefecit,
916 5288 956 5346 ut
978 5275 1015 5346 in
1038 5278 1096 5346 di·
1144 5273 1249 5344 nobis
1265 5272 1432 5359 tradidit,
1460 5296 1571 5366 eaque
1589 5273 1760 5344 doctrina
1779 5272 1854 5361 filio
1876 5264 2147 5357 hoereditatem,

106 5372 193 5450 lusio
209 5399 350 5455 servata
367 5387 501 5459 familia
516 5382 660 5477 Nubae,
692 5392 733 5462 in
749 5393 936 5466 eductione
954 5392 1096 5468 lsracli·
1120 5464 1122 5491 ξ
1144 5419 1185 5466 ec
1201 5389 1396 5464 Ecclesiam
1413 5392 1567 5484 colligit,
1593 5417 1684 5487 quae
1700 5375 1791 5465 laeta
1808 5384 2147 5462 consuetudineDei

153 5499 335 5574 Μιιιιτι.
352 5507 457 5578 Orsa.
484 5504 572 5582 Von.
588 5512 667 5579 XV.
1074 5499 1077 5506 ¹
1248 5558 1251 5562 .
1608 5511 1630 5583 1
