4522 5782
88 219 143 301 aa
180 174 314 307 vaue
364 221 401 298 4.
425 198 1023 294 cunctanctium-nerse:
1041 138 1192 292 rann
1217 194 1291 290 Aa
1310 160 1633 299 contuentes.
1686 222 1792 302 cae.
1820 226 1890 308 ιιι.
1958 168 2076 314 dil*

89 395 169 483 nis,
200 420 293 492 qnae
323 409 376 467 est
406 394 582 484 gratuita,
617 412 694 461 non
724 403 777 460 est
803 385 1038 473 sacrificium,
1077 388 1285 477 didi'sieutj
1308 392 1382 466 nix.
1453 389 1544 463 Cum
1569 393 1664 466 enim
1690 378 1782 472 'velit
1800 366 1969 477 Deum
1991 403 2057 483 hac

88 502 134 571 ud
158 501 238 569 aliis
258 511 447 580 mereatur,
499 496 607 577 Item,
632 514 712 562 enm
737 490 784 562 sit
799 493 890 561 ritus
902 489 1029 562 Testa·
1078 494 1170 577 vita,
1206 515 1409 586 quanquam
1431 518 1659 586 aerumnosa,
1690 522 1832 575 servare
1851 501 2044 582 Ecclesiam

88 603 149 671 suti
160 650 173 687 ‚
203 602 310 671 nobis
332 594 490 669 exhiberi
515 598 626 686 legata
649 616 670 663 a
695 592 771 663 lilio
794 605 960 672 testatur,
993 603 1028 662 et
1079 595 1216 699 mitigat
1230 618 1378 686 poenas,
1401 610 1439 666 ut
1456 598 1567 689 aliqui
1582 566 2059 702 hominesinrsupemius’

88 727 169 794 guars
190 717 246 774 est
264 701 457 802 voluntatis
480 697 545 769 Dei
569 718 650 786 erga
673 718 756 780 nos,
786 717 860 763 non
887 705 1026 765 tautum
1079 692 1307 766 conservetur
1322 697 1500 787 generatio
1522 712 1557 769 et
1578 702 1739 775 educatio
1760 708 1910 796 sobolis,
1935 727 1970 787 et
1990 669 2061 787 mi:

88 805 310 877 ,ceremonia
332 816 477 873 mutuae
505 797 709 872 dilectionis
731 795 826 869 inter
849 794 1029 882 convivas,
1079 795 1264 869 nisterium
1289 796 1472 887 Evangelii
1496 800 1699 890 publicum,
1731 818 1765 878 et
1784 809 1858 882 sint
1882 807 2061 891 Ecclesiae

91 903 347 997 Anabaptistae
368 905 505 976 dicunt.
1078 892 1232 989 hospitia
1252 899 1396 988 politiae
1413 914 1445 969 et
1464 905 1704 980 oeconomiae.
1747 905 1795 981 Et
1810 912 1960 984 sciamus
1974 942 2059 1007 pro.

141 1005 206 1079 Est
231 1004 372 1077 ethaeo
402 1001 573 1099 particula
604 995 779 1093 insignis,¹
808 998 902 1094 quod
930 991 1029 1066 hunc
1079 1014 1155 1091 pter
1170 996 1265 1073 hune
1280 1001 1385 1069 linem
1401 1000 1553 1090 mitigari
1573 1028 1719 1095 poenas,
1745 1033 1791 1082 ne
1806 1010 1962 1089 Ecclesia
1977 1022 2061 1093 iun-

88 1134 150 1181 um
164 1133 304 1181 servare
321 1111 431 1189 iubet,
446 1097 731 1178 donecGhristus
746 1101 894 1174 venerit.
931 1095 1029 1191 Haec
1079 1100 1175 1173 ditus
1196 1101 1234 1171 iu
1258 1097 1322 1171 hac
1345 1102 1418 1173 vita
1442 1103 1611 1175 deleatur.
1675 1104 1724 1181 Et
1752 1107 1849 1185 hune
1873 1118 1980 1191 linem
2003 1124 2062 1195 in.

88 1215 148 1283 rba
160 1217 253 1302 {sunt
268 1211 492 1302 perspicuum
515 1206 778 1289 testimonium,
802 1200 919 1273 Deum
935 1222 1029 1271 sem·
1079 1216 1241 1291 tuentes,
1279 1217 1440 1295 petamus
1470 1206 1744 1298 mitigationem,
1781 1214 1871 1289 sicut
1899 1239 2064 1311 precatur

88 1314 159 1384 rin
175 1310 240 1384 hac
258 1314 330 1383 vita
346 1313 518 1405 usque-ad
536 1306 841 1379 resuscitationem
865 1314 1028 1373 mortuo·
1080 1302 1240 1376 Ecclesia
1269 1305 1307 1375 in
1336 1305 1499 1379 Psalmo:
1535 1307 1618 1381 Non
1648 1314 1754 1385 nubis
1781 1314 1935 1392 Domine
1985 1350 2062 1401 non

88 1441 123 1485 m
141 1430 361 1486 servaturum
379 1437 452 1482 esse
468 1407 681 1492 Ecclesiam,
708 1406 891 1497 publicum
920 1403 1030 1472 mini·
1081 1408 1205 1493 nobis,
1230 1409 1289 1477 sed
1314 1408 1453 1476 nomini
1478 1423 1541 1481 tuo
1564 1414 1607 1481 da
1631 1413 1799 1506 gloriam,
1824 1378 2070 1503 Nonibortui
2142 1409 2144 1413 Ι

88 1519 230 1587 sterium
257 1515 587 1591 sacramentorum,
625 1509 788 1600 publicos
813 1526 1032 1595 congressus,
1081 1510 1280 1582 laudabunt
1294 1523 1327 1580 te
1343 1507 1506 1581 Domine.
1909 1504 1924 1521 ⁴

88 1619 209 1710 aliqua
226 1614 462 1687 Ecclesiarunr
480 1610 646 1705 hospitia.
698 1608 777 1680 Hae
799 1608 921 1678 dulces
946 1628 1033 1677 con·
1185 1625 1323 1698 Deinde
1345 1626 1477 1698 Paulus
1501 1633 1701 1719 generalem
1721 1637 1922 1713 doctrinam
1947 1647 1993 1717 de
2009 1650 2065 1721 al-

88 1721 234 1792 lationes
248 1720 284 1788 in
306 1715 370 1790 bac
386 1718 487 1788 brevi
502 1711 676 1809 particula
691 1711 932 1783 continentur·
1082 1716 1301 1803 ssietionibus
1315 1731 1439 1800 tradit:
1466 1728 1556 1802 Cum
1572 1734 1771 1809 iudicamur
1784 1764 1804 1811 a
1819 1739 1977 1819 Domino
1989 1773 2082 1823 cor·-

152 1854 155 1863 ,
212 1918 232 1944 M
389 1921 404 1939 .
475 1910 484 1939 Ι
677 1908 688 1937 x
748 1911 755 1939 Ι
1086 1834 1255 1923 ripimur‚
1279 1854 1325 1900 ne
1340 1856 1418 1901 cum
1437 1826 1655 1906 boemundo
1672 1837 1893 1922 damnemur.
1935 1846 2068 1925 latta-

88 1946 189 2015 ιοχος
210 1940 403 2035 cerasano
431 1937 604 2034 cursuros
626 1938 690 1986 και
712 1912 896 2030 elaturos?
931 1902 1036 1980 ΒΜ
1086 1933 1190 2004 elesia
1212 1955 1351 2002 necesse
1378 1947 1429 2002 est
1453 1934 1537 2004 sciri
1552 1959 1691 2019 causas,
1718 1966 1827 2033 quare
1847 1964 1978 2022 natura
1996 1916 2087 2027 heah·
2120 2002 2125 2007 -

270 2028 338 2091 erat
362 2042 526 2116 corpores
546 2025 580 2088 et
601 2036 817 2111 songusnrs.
1087 2058 1203 2120 mans,
1230 2058 1309 2104 cum
1327 2034 1511 2105 antecellat
1527 2039 1694 2109 omnibus
1708 2042 1960 2136 animantibus,
1982 2056 2070 2125 sub·
2189 2073 2194 2086 '

146 2148 435 2263 Magnitudinem
462 2168 591 2262 peccati
616 2168 656 2238 in
678 2168 792 2239 abusu
814 2162 1034 2239 coenaeDo·
1087 2138 1174 2208 lem
1207 2136 1254 2206 δὴ
1281 2136 1389 2205 “mni
1413 2151 1447 2208 ‘l
1476 2138 1584 2207 Μ’
1609 2145 1812 2230 ³⁰¹¹¹¹¹l¹¹l⁵³
1835 2173 1888 2219 '³⁰
1920 2154 2069 2242 (l‘lssdssa

88 2276 140 2347 ini
156 2276 347 2360 describit,
373 2299 451 2344 curn
470 2274 538 2357 ait,
564 2274 749 2342 abutentes
770 2294 850 2339 reos
868 2289 941 2339 esse
955 2288 1035 2336 cor·
1087 2262 1196 2358 Ψξθῑθ
1218 2232 1305 2307 hm
1330 2260 1428 2357 p³i⁸’
1466 2262 1555 2332 (luae
1583 2254 1634 2312 ⁶⁸¹
1658 2239 1812 2317 Eccli⁸l³
1834 2245 1920 2335 Dei,
1960 2257 2071 2348 “labl‘

91 2380 144 2448 ris
170 2391 203 2447 et
237 2376 440 2467 sanguinis,
481 2375 519 2443 id
549 2389 620 2459 est,
653 2372 866 2463 ¹contumelia
897 2370 1035 2439 allicere
1086 2350 1422 2415 ‘flamm‘ffllfflls
1874 2424 1880 2433 ,
2070 2428 2073 2433 ,

88 2502 177 2571 rpus
200 2492 233 2548 et
256 2478 462 2567 sanguinem
477 2474 644 2565 Domini,
669 2473 759 2542 sicut
779 2472 933 2546 latrones
955 2493 1036 2539 cru·
1188 2466 1398 2563 Philosophi
1429 2472 1573 2555 dieunt,
1614 2478 1705 2547 mala
1733 2486 1905 2574 quaedam
1939 2490 2073 2567 oriria
2190 2533 2194 2540 .

88 2582 226 2671 igentes
252 2579 445 2652 Dominum
475 2576 689 2646 contumelia
718 2597 799 2644 eum
826 2571 1050 2665 alliciebant.¹
1088 2573 1254 2659 materia,
1278 2576 1450 2666 quaedam
1471 2599 1490 2645 a
1514 2578 1645 2647 nostris
1660 2586 1839 2655 errorum,
1856 2602 1890 2657 ,t
1908 2592 2073 2667 volun„—

88 2685 356 2774 ‚graelussunu
406 2677 652 2749 Contumeliae
666 2689 768 2770 suut,
794 2697 873 2745 cum
896 2670 1038 2764 profani
1088 2678 1195 2751 tibus.
1245 2672 1294 2743 Hi
1312 2675 1510 2768 loquuntur
1530 2680 1576 2748 de
1593 2682 1803 2777 propinqui,
1825 2691 1949 2767 musis·
2001 2695 2073 2767 sed
2191 2682 2196 2695 .

88 2784 228 2877 cipiunt
252 2796 397 2876 propter
422 2779 735 2863 consuetudinem,
762 2776 838 2846 sine
855 2774 1039 2865 poeniten·
1089 2804 1153 2851 cur
1169 2775 1314 2847 materia
1328 2772 1485 2845 hominis
1499 2778 1652 2849 obnoxia
1667 2796 1719 2853 est
1734 2793 1978 2877 corruptioni?
2001 2794 2077 2871 Cur

88 2900 163 2957 set
188 2887 265 2954 sine
286 2884 355 2954 fide
379 2895 517 2977 petente
533 2880 790 2952 remissionem.
841 2876 910 2947 Sed
929 2874 1040 2945 malo·
1089 2895 1187 2953 tanta
1203 2877 1315 2967 caligo
1336 2877 1374 2945 in
1399 2891 1518 2949 mente
1537 2875 1719 2956 hnmana?
1743 2891 1862 2959 curin
1881 2894 2077 2972 voluntati.

88 3014 105 3058 s
130 2987 367 3058 contumeliae
392 2999 494 3072 sunt,
519 3008 598 3054 cum
620 2982 767 3071 lingitur
788 3003 873 3050 casus
888 3002 962 3048 csse
984 3000 1040 3047 sa-
1093 2987 1159 3055 bus
1175 2994 1208 3052 et
1223 2980 1329 3048 corde
1346 2993 1441 3051 tanta
1457 2985 1679 3055 contumacia
1704 2989 1780 3059 est?
1805 2988 1873 3061 Hic
1896 2997 2077 3092 principa.

88 3090 243 3174 ilicium,
268 3090 362 3183 qarod
382 3084 668 3157 -mereatnraliie
722 3081 831 3159 ltem,
856 3102 1053 3153 cumcon-¹
1094 3088 1163 3156 lem
1192 3104 1330 3152 causam
1357 3082 1430 3151 sola
1462 3108 1530 3153 voa
1553 3072 1620 3155 Ilei
1643 3086 1683 3155 in
1709 3085 1868 3163 Ecclesia
1894 3086 2065 3173 monstrat

88 3204 168 3265 rtur
185 3193 223 3259 in
242 3204 443 3284 quaestum,
467 3200 501 3258 et
521 3198 680 3255 mutatur
694 3182 732 3252 iu
750 3182 901 3255 idolum.
950 3180 1041 3250 Pro·
1081 3210 1187 3281 quae
1205 3196 1326 3253 narrat
1345 3175 1523 3273 peccatum
1540 3209 1613 3257 esse
1629 3211 1770 3260 causam
1786 3197 1911 3266 mortis
1935 3214 1968 3270 et
1989 3155 2079 3274 alia.²

91 3318 135 3363 er
175 3288 261 3362 haee
293 3288 472 3360 horrenda
510 3299 650 3378 peccata
685 3283 808 3379 multis
839 3282 1042 3375 ingentibus
1094 3313 1176 3359 rum
1200 3284 1423 3354 miseriarum
1444 3285 1484 3357 in
1508 3300 1582 3358 toto
1611 3310 1740 3377 genere
1762 3289 1920 3368 humano
1974 3316 2016 3377 ut
2038 3304 2078 3375 in

89 3394 332 3477 lumitatibus,
357 3391 461 3462 bellis
479 3402 512 3461 et
528 3386 785 3475 vastationibus
808 3398 903 3457 totae
924 3398 1043 3476 gentes
1095 3388 1225 3462 Genesi
1242 3386 1489 3476 scriptumest.
1535 3387 1582 3462 Et
1598 3389 1732 3464 Paulus
1747 3394 1886 3490 inquit:
1911 3355 1981 3474 P’er
1996 3429 2080 3499 pec-

88 3498 270 3579 aniuntur,
286 3508 318 3563 et
337 3489 373 3562 hi
390 3494 540 3585 quinon
560 3504 669 3578 agunt
685 3486 954 3580 poenitentiam,
980 3507 1044 3576 op·
1095 3507 1211 3565 catum
1232 3511 1340 3559 mors.

88 3592 258 3669 *imentur
275 3595 426 3666 aeternis
443 3593 577 3685 poenis.
630 3586 787 3661 Oramus
801 3603 919 3658 autem
934 3587 1046 3657 lilium

88 3701 123 3772 ei
151 3696 347 3771 Dominum
372 3710 534 3769 nostrum
558 3690 674 3763 lesum
692 3686 896 3774 Christum,
923 3684 1048 3758 utEc-

88 3801 201 3873 esiam
216 3822 315 3871 suam
333 3798 458 3869 liberet
476 3798 519 3866 ab
535 3795 702 3865 omnibus
719 3792 901 3863 erroribus
919 3803 952 3861 et
968 3789 1050 3858 ido·

88 3928 120 3990 s,
149 3902 329 3973 etlumen
358 3898 534 3984 veritatis,
565 3920 685 3967 veram
708 3894 987 3977 invocationem,
1017 3904 1052 3961 et

1195 3623 1380 3694 Praeterea
1413 3647 1492 3692 cnm
1518 3622 1615 3698 Deus
1638 3632 1723 3704 velit
1749 3633 1788 3702 in
1812 3634 1967 3711 Ecclesia
1994 3644 2081 3712 con·

1099 3726 1186 3820 spici
1201 3748 1300 3794 stram
1314 3726 1402 3793 iram
1414 3727 1580 3799 adversus
1590 3747 1741 3820 peccata,
1757 3748 1792 3805 et
1806 3738 1891 3808 velit
1907 3762 1970 3809 nos
1984 3765 2083 3812 com-

1100 3827 1282 3898 monelieri
1313 3828 1359 3895 de
1384 3828 1601 3917 poenitentia
1636 3845 1669 3902 et
1700 3836 1745 3904 de
1773 3838 2084 3931 promissionibus,

88 4014 165 4077 ‘ms
189 4005 305 4075 eunus
324 4002 489 4073 accendat
1101 3929 1213 4018 magis
1237 3929 1344 3998 etiam
1370 3943 1506 3999 exercet
1530 3927 1736 4011 Ecclesiam.
1802 3934 1850 4009 Et
1881 3955 1962 4013 sunt
1993 3942 2083 4016 aliae

88 4066 93 4077 .
492 4052 502 4077 ·
1003 4048 1007 4055 ·
1102 4034 1222 4124 plures
1244 4051 1386 4112 causae,
1410 4052 1499 4121 quae
1522 4054 1588 4102 suo
1613 4034 1692 4105 loco
1713 4038 1919 4116 recitantur.
1977 4042 2086 4116 Com·

1102 4133 1309 4202 munissima
1325 4143 1375 4200 est
1388 4144 1505 4200 autem
1520 4127 1624 4215 haee,
1651 4162 1757 4231 quam
1773 4138 1905 4213 Pacilus
1921 4137 1989 4214 hoc
2006 4148 2085 4220 loco

1103 4236 1243 4313 recitat,
1269 4234 1314 4300 de
1337 4255 1405 4324 qua
1430 4245 1465 4303 et
1480 4231 1609 4310 Psalm.
1627 4237 1804 4331 loquitur:
1830 4241 1973 4315 Bonum
1994 4246 2086 4321 mihi

1105 4337 1200 4428 quod
1218 4330 1414 4403 humiliasti
1431 4358 1496 4419 me,
1519 4351 1559 4409 ut
1572 4338 1703 4409 discam
1721 4342 1986 4423 iustificationes
2001 4364 2090 4425 tuas.

167 4455 271 4526 Ηἔπιε
294 4454 502 4547 ,mmm
525 4445 692 4521 monachi
721 4450 765 4518 ,d
801 4449 1057 4520 ,agigsgcaionea
1103 4434 1160 4507 Ea
1176 4431 1232 4504 his
1257 4435 1415 4505 lontibus
1437 4452 1629 4510 sumuntur
1648 4444 1859 4535 praecipuae
1875 4453 2089 4525 consolatio-

88 4561 334 4634 ’anstulerunu
388 4556 458 4628 Sed
477 4550 801 4623 manilestaconcio
819 4564 1057 4642 esttotapoe-
1105 4562 1184 4624 Μ,
1208 4538 1253 4607 ‘¹⁸
1271 4536 1400 4629 ‘llllbffi
1424 4537 1510 4606 ³¹lbl
1534 4543 1871 4633 ροΡῐθὸῑῦθάἷῑῑῑῑῐΐ·
1924 4550 1993 4625 Hic
2010 4569 2090 4625 ἴδη·

88 4663 229 4737 inentia.
289 4658 404 4729 Simul
428 4655 530 4745 culpa
552 4666 586 4725 et
611 4677 726 4746 poena
754 4667 895 4723 aeterna
912 4666 1059 4745 propter
1106 4656 1181 4713 tum
1202 4639 1399 4709 adscribam
1419 4638 1644 4713 collationem
1661 4641 1987 4740 philosophicarum
2004 4682 2091 4727 con-

87 4769 180 4838 ,ium
192 4757 647 4840 Deissmfimmmmur,
669 4755 887 4827 immund:
914 4750 1059 4824 01⁰0„
1107 4741 1338 4826 solutionum,
1378 4754 1411 4811 et
1432 4735 1737 4835 Christianarum,
1771 4775 1876 4844 qnam
1900 4750 2030 4828 habere
2052 4759 2093 4829 in

88 4893 128 4941 ro
146 4876 339 4945 morsura,
365 4859 519 4950 etpestis
538 4873 636 4930 tuao
655 4858 806 4929 inferne.
850 4854 958 4928 ltem:
985 4853 1058 4945 Qui
1107 4857 1295 4937 conspectu
1312 4842 1399 4914 1¹¹5st
1415 4855 1477 4913 ⁰⁸¹·

88 4968 180 5043 redit
197 4967 234 5033 in
253 4961 386 5047 filium,
410 4958 518 5031 habet
533 4961 641 5031 vitam
657 4973 849 5030 aeternam.
1207 4955 1541 5054 Philosophicarum
1582 4968 1866 5044 consolationum
1908 4974 1978 5046 loci
2011 4992 2096 5053 sunt

168 5064 309 5138 Deinde
325 5088 448 5135 verum
471 5077 506 5133 et
528 5058 596 5132 boc
618 5075 690 5146 est,
716 5071 914 5152 praesentes
929 5080 1061 5152 poenas
1108 5064 1277 5160 quinque.
1370 5060 1377 5069 ’

88 5184 222 5263 ‚popter
244 5182 353 5237 totam
377 5165 633 5257 poeniteutiam
653 5160 809 5252 mitigari
832 5163 889 5231 vel
902 5159 998 5245 tolli,
1021 5176 1061 5232 ut
1262 5162 1292 5238 l.
1319 5160 1523 5236 Necessitas.

88 5287 220 5347 astatur
235 5265 386 5340 historia
405 5265 523 5338 lonae.
561 5261 610 5339 Et
625 5261 752 5336 Esaiae
770 5264 803 5334 1.
819 5286 893 5354 cap.
911 5260 1060 5335 dicitur:
1263 5263 1313 5341 lt.
1340 5264 1463 5340 Virtus
1478 5270 1706 5341 anteferenda
1722 5274 1852 5352 dolori.

88 5378 106 5447 ‚i
125 5384 270 5467 peccata
288 5383 403 5441 vestra
430 5369 565 5440 fuerint
580 5380 621 5440 ut
638 5366 840 5448 coccinum,
866 5362 966 5437 eritis
979 5385 1064 5435 can-
1218 5462 1240 5504 ·
1266 5364 1335 5440 ltt.
1360 5365 1462 5440 Bona
1478 5370 1706 5446 conscientia.

1158 5469 1211 5541 71-
1511 5487 1522 5500 ·

88 4208 102 4280 ἲ
117 4200 196 4305 γὰρ
211 4198 366 4284 ἑαυτοὺς
379 4196 613 4298 διεκρίνομεν
618 4246 632 4291 ,
663 4194 732 4271 οὐκ
747 4191 794 4269 ἄν
813 4188 1052 4293 ἐκρινόμεθα.

90 4308 145 4379 Si
160 4330 227 4375 nos
246 4308 344 4401 ipsos
364 4298 629 4387 indicaremus,
650 4323 723 4368 non
738 4293 1003 4370 iudicaremur.
