4522 5782
154 174 339 251 m‹

739 161 872 241 euru
895 98 1696 265 nauscnrrrssssuancs.--
1910 188 2009 259 ‚uu
2115 188 2190 269 sss

160 365 326 446 petuam,
357 358 392 415 et
413 341 583 434 scriptum
605 351 675 410 ests
700 335 860 409 Manebo
883 338 1066 410 vobiscum
1088 360 1148 409 us·
1200 361 1300 421 rum,
1325 362 1407 410 cum
1423 365 1548 414 omnes
1569 362 1713 444 gentes,
1742 366 1884 446 prsstss
1901 361 2080 454 populum
2093 362 2192 450 luds,

160 478 229 549 que
247 451 291 519 ad
315 447 655 515 consummationem
672 443 802 525 seculi,
828 456 946 512 tamen
965 443 1147 559 sciendum

160 571 210 626 est
228 551 319 623 hauc
338 574 456 616 veram
476 543 668 617 Ecclesiam
689 570 761 611 nou
777 569 914 634 semper
932 563 1062 635 pariter
1083 544 1148 611 llo·

160 676 256 735 rere,
282 655 462 741 sedsaepe
487 651 677 717 admodum
702 647 860 730 exiguam
886 670 978 728 esse,
1005 671 1043 714 ac
1060 648 1147 764 suh·

160 762 246 829 inde
275 753 409 823 restitui
437 753 628 831 divinitus,
662 750 779 816 missis
813 749 906 815 veris
932 749 1150 819 doctoribus.

160 881 197 933 nt
217 859 313 930 Noae
336 872 494 944 tempore
512 853 580 921 fuit
603 867 748 939 angsrsta
767 846 942 928 Ecclesia,
971 865 1003 919 et
1021 875 1151 942 pauco·

161 986 241 1035 rum
261 974 391 1026 coetus.

264 1079 313 1149 lta
332 1091 409 1167 post
434 1073 610 1142 diluvium
638 1071 784 1139 retinuit
810 1094 927 1139 veram
951 1072 1150 1141 doctrinam

161 1173 445 1257 Melchisedech,
472 1176 533 1265 epu
552 1175 618 1243 luit
635 1172 738 1257 Sem,
763 1173 858 1241 tilius
879 1172 995 1256 Noae,
1021 1191 1053 1243 et
1071 1200 1150 1291 cum

161 1283 324 1355 idolatria
346 1282 438 1368 apud
464 1273 663 1346 Chaldaeos
687 1277 868 1358 crevisset,
895 1300 934 1343 ac
958 1302 1047 1367 pene
1070 1280 1152 1345 ulu-

162 1411 233 1477 que
253 1384 403 1453 extincta
434 1395 522 1447 esset
547 1402 628 1446 vera
660 1381 841 1458 doctriua,
884 1381 983 1447 Deus
1005 1394 1151 1448 renovat

161 1487 355 1559 Ecclesiam
375 1495 497 1548 vocatu
516 1475 710 1551 Abraham.
738 1479 862 1548 Postea
878 1481 1014 1549 lautitia
1033 1479 1149 1551 Abra-

162 1587 246 1672 hae,
272 1602 303 1654 et
333 1585 433 1671 pauci
456 1585 531 1651 eins
555 1582 735 1650 auditores
757 1596 841 1649 sunt
865 1578 1045 1667 Ecclesia,
1071 1607 1150 1651 curn

70 1753 77 1771 ,
161 1691 305 1760 iuterim
329 1683 501 1756 Chaldaei
526 1699 560 1753 et
578 1682 742 1777 Aegyptii
769 1684 1009 1772 gloriarentur
1027 1709 1062 1754 se
1079 1706 1153 1753 esse

162 1809 320 1885 posteros
343 1802 502 1878 patrum,
529 1810 565 1855 se
590 1788 743 1855 retinere
769 1801 908 1875 patrum
940 1786 1096 1906 exempla
1119 1800 1151 1852 et

163 1896 309 1973 cultum,
334 1905 367 1958 et
385 1891 627 1978 praedicarent
641 1914 676 1956 se
695 1911 767 1955 esse
782 1890 954 1979 populum
973 1890 1050 1970 Des,
1070 1913 1151 2006 cum

165 1999 310 2065 verbum
328 1990 392 2061 Dei
413 2016 486 2060 non
505 1992 750 2072 retinuissent,
778 1991 914 2059 etiamsi
936 2013 1152 2061 ceremonias

164 2099 404 2177 retinuerant,
439 2096 568 2186 quibus
592 2110 709 2164 tamen
739 2091 945 2162 affluxerant
976 2116 1155 2186 perversas

164 2200 371 2290 opiniones,
398 2210 434 2266 et
451 2197 661 2264 addiderant
685 2195 897 2268 idolatriam,

264 2315 442 2404 'l'empore
466 2309 586 2381 Achaz
609 2313 675 2380 suit
701 2314 738 2379 iu
761 2312 870 2382 Israiil
897 2340 987 2404 pene
1003 2315 1154 2386 extincta

162 2416 340 2499 Ecclesia,
378 2429 496 2503 postea
533 2440 594 2503 per
618 2413 735 2484 Eliam
769 2428 801 2482 et
823 2413 1002 2489 Elisaenru
1034 2438 1156 2489 sursus

161 2533 261 2592 sucta
280 2534 349 2598 est,
376 2519 505 2585 deiude
522 2517 648 2584 iterum
668 2517 821 2604 collapsa
840 2532 900 2592 est.

260 2635 351 2709 Cum
378 2649 581 2704 nasceretur
611 2630 791 2718 Christus,
824 2636 893 2705 fuit
916 2636 953 2704 in
979 2635 1065 2706 luda
1092 2638 1157 2706 ad-

160 2742 309 2811 modum
326 2739 449 2827 esigua
464 2736 642 2819 Ecclesia,
671 2736 804 2816 Maria,
841 2737 987 2828 loseph,
1021 2741 1154 2857 familia

165 2838 376 2925 Zachariae,
403 2840 561 2919 Simeon,
587 2839 712 2916 Anna,
739 2856 899 2933 pastores
912 2857 946 2910 et
964 2844 1065 2932 pauci
1082 2844 1156 2913 alis.

165 2946 304 3015 lssterea
321 2945 478 3032 regimen
504 2940 774 3010 ecclesiasticum
803 2945 872 3013 luit
902 2968 1008 3034 penes
1024 2942 1156 3013 Phari-

161 3060 307 3117 saeos-et
324 3044 541 3119 Saducaeos,
568 3050 628 3134 qui
654 3058 755 3112 erant
781 3047 896 3135 palam
922 3048 1035 3136 impii.
1089 3046 1152 3116 sa.

161 3149 282 3219 ducaei
302 3148 404 3215 etiam
422 3162 518 3215 erant
538 3145 728 3236 Epicurei,
756 3161 923 3216 ettamen
943 3150 1154 3238 arrogabant

162 3253 229 3320 sihi
247 3252 433 3342 praecipue
451 3250 593 3317 titulum
616 3249 736 3338 populi
754 3248 833 3320 Dei.

263 3384 323 3455 Sic
340 3398 373 3453 et
391 3399 548 3473 tempore
565 3378 824 3471 Prophetarum
844 3387 965 3475 exigua
988 3387 1055 3456 suit
1071 3410 1152 3456 vcra

162 3486 328 3557 Ecclesia.
379 3484 505 3554 Esaiae
532 3485 664 3575 primo:
702 3483 777 3553 b'isi
797 3485 971 3556 Dominus
989 3491 1153 3582 reliquis-

161 3604 211 3659 set
238 3612 377 3671 semeu,
406 3590 495 3655 sicut
519 3586 674 3657 Sodoma
698 3601 731 3655 et
754 3586 931 3658 G‹uuorra
956 3593 1037 3660 lacti
1062 3617 1151 3660 esse-

161 3715 252 3764 mus,
306 3688 402 3758 llaec
419 3692 524 3757 verba
545 3689 751 3778 gravissime
771 3706 916 3760 monent
937 3717 1021 3776 nos,
1047 3719 1092 3761 ue
1109 3699 1152 3762 de

162 3792 318 3863 Ecclesia
339 3793 550 3880 cogitemus,
567 3805 734 3882 tanquam
751 3796 795 3860 de
816 3798 994 3862 uirindaua
1017 3797 1153 3885 politia,

165 3921 210 3965 ne
227 3920 302 3965 eam
324 3896 545 3962 successione
561 3891 839 3983 Episcoporum,
869 3913 928 3965 aut
954 3902 1087 3985 gradu,
1119 3914 1152 3967 et

163 4001 241 4068 loco
267 3997 472 4087 pontilicum
498 3997 702 4084 metiamur,
738 4000 796 4065 sed
820 4002 912 4087 apud
938 4024 996 4066 eos
1021 4014 1152 4069 statua-

163 4124 242 4169 mus
274 4097 488 4177 Ecclesiam,
529 4098 590 4190 qui
623 4098 776 4169 retinent
809 4125 923 4168 veram
957 4104 1152 4170 doctrinam

161 4201 357 4289 Evangelii.
419 4199 457 4267 ln
483 4195 551 4268 hoc
577 4216 675 4267 coetu
702 4225 774 4267 esse
798 4204 934 4294 aliquos
970 4228 1051 4270 vere
1079 4229 1151 4271 cre-

162 4306 284 4371 dentes
298 4325 438 4370 necesse
458 4318 520 4369 est.
572 4299 661 4369 Nam
687 4306 729 4368 ad
762 4299 857 4371 hisne
882 4320 1019 4373 coetum
1045 4306 1151 4394 perti-

163 4419 248 4474 nent
274 4405 542 4495 promissiones.
606 4403 689 4471 ldeo
716 4404 841 4473 Esaias
869 4403 1153 4476 detrahitillum

162 4520 349 4595 angustum
366 4506 509 4573 titulum
526 4505 598 4573 suis
625 4508 846 4594 principibus
868 4523 902 4578 et
918 4511 1154 4599 pontificibus,

164 4624 196 4679 et
234 4609 349 4698 inquit
386 4607 547 4696 exignum
575 4631 692 4674 semen
724 4612 903 4702 reliquum
928 4634 1002 4679 esse
1029 4613 1067 4679 in
1091 4613 1153 4680 illo

164 4713 241 4803 ipso
259 4710 414 4800 populo,
441 4712 502 4802 qui
521 4712 712 4779 vocabatur
729 4714 881 4802 populns
897 4711 975 4786 Dei.

266 4824 313 4899 Et
333 4826 501 4897 leremiae
516 4840 685 4918 tempore,
711 4855 790 4899 cum
816 4844 848 4898 et
870 4856 966 4920 reges
989 4846 1022 4902 et
1043 4854 1156 4902 sacer·

1201 465 1346 535 prorsus
1371 445 1570 518 amisissent
1594 455 1763 524 noticiam
1781 456 1861 531 Dei.

1303 544 1479 616 l‘csedicit
1496 567 1530 620 et
1545 554 1720 645 scriptura
1743 560 1881 632 festucas
1902 580 1981 664 post
1999 564 2190 661 Apostolos

1202 644 1379 715 Ecclesiae
1405 649 1542 737 clades,
1583 655 1715 731 blatth.
1732 663 1810 734 24:
1846 665 1954 739 Multi
1974 677 2189 763 pseudopro-

1203 743 1328 839 phetae
1344 768 1508 839 surgent,
1530 770 1563 824 et
1579 762 1755 850 decipient
1775 768 1917 839 mssltos.
1969 770 2077 843 ltem:
2102 776 2187 849 cau

1203 851 1369 919 videbitis
1392 857 1693 929 abominationem
1726 867 1957 941 desolationis
1979 891 2132 948 stantem
2152 881 2185 951 in

1203 951 1281 1020 loco
1307 968 1440 1023 sancto.
1491 955 1561 1028 llic
1581 965 1751 1052 significat
1777 970 1814 1036 in
1831 971 2005 1061 Ecclesia,
2032 1002 2125 1071 quse
2141 982 2186 1054 sic

1203 1054 1353 1140 dicitur,
1378 1058 1549 1128 orituram
1570 1087 1644 1134 esse
1667 1068 1923 1162 idololatriam,
1949 1104 2019 1171 qua
2037 1084 2185 1155 obruss-

1204 1170 1361 1225 torsera
1384 1162 1548 1230 doctrina
1572 1180 1606 1236 et
1623 1171 1696 1236 veri
1720 1174 1856 1256 cultus,
1879 1192 1915 1248 et
1937 1181 1997 1252 liet
2013 1178 2184 1261 Ecclesiae

1206 1259 1367 1338 vastitas,
1409 1262 1540 1345 idest,
1578 1270 1734 1342 solitudo
1763 1299 1824 1344 seu
1854 1282 2041 1354 extinctio:
2088 1304 2185 1382 seque

1204 1359 1252 1429 ita
1270 1363 1410 1433 accidit.
1460 1363 1654 1461 Postquam
1669 1377 1799 1445 abusus
1816 1377 2009 1455 Missarum
2029 1401 2064 1457 et
2079 1392 2186 1461 cultus

1205 1464 1439 1533 traditionum
1463 1471 1533 1540 orti
1556 1487 1659 1558 sunt,
1697 1495 1836 1549 secutae
1858 1491 2185 1563 sunttenehraesls
2223 1586 2225 1591 Ι

1206 1566 1298 1633 reris
1314 1569 1490 1651 cultibus,
1514 1574 1559 1640 cle
1578 1576 1663 1657 tide,
1689 1585 1734 1648 de
1748 1581 1974 1659 invocatione
1987 1592 2027 1660 in
2045 1593 2125 1679 ode,
2147 1596 2185 1665 ds
2223 1618 2225 1643 ²

1205 1669 1331 1734 ofliciis
1355 1673 1562 1745 vocationis.
1626 1677 1721 1767 Quia
1751 1688 1967 1761 conscientia
1988 1693 2185 1766 intuens-is
2222 1744 2225 1797 Ξ

1207 1771 1350 1858 propria
1369 1775 1515 1857 suerita,
1540 1802 1615 1847 oon
1637 1798 1751 1871 potest
1766 1788 2011 1863 remissionem
2035 1812 2185 1887 pcccato-
2223 1806 2225 1857 !

1206 1896 1284 1939 rum
1302 1872 1518 1962 intelligere,
1544 1905 1609 1950 nec
1629 1908 1748 1954 veram
1771 1888 2056 1985 invocationem,
2080 1913 2115 1972 et
2132 1924 2183 1970 ss·
2222 1974 2225 2001 1

1206 1978 1437 2064 pectationem
1453 1983 1576 2051 auxilii
1593 1986 1709 2054 divini
1724 2002 1789 2063 etc.

1312 2075 1422 2161 ltem,
1448 2083 1575 2153 sacient
1598 2088 1696 2176 sigua
1721 2105 1755 2160 et
1779 2094 1959 2187 prodigia,
1984 2115 2046 2185 ut,
2070 2105 2100 2175 si
2115 2105 2183 2175 sert

1207 2191 1343 2266 posset,
1375 2178 1589 2256 'seducamur
1619 2193 1715 2260 enim
1746 2196 1858 2269 electi.
1930 2206 1965 2274 2.
1993 2202 2120 2282 Thess.
2140 2213 2184 2281 2:

1210 2277 1335 2349 Veniet
1358 2284 1507 2354 delectio
1527 2302 1590 2363 etc.
1660 2292 1747 2366 Luc.
1767 2298 1847 2369 18.:
1881 2297 1994 2375 Putas
2015 2312 2183 2400 quodve·

1207 2382 1308 2448 niens
1323 2382 1418 2453 lilius
1437 2381 1596 2459 hominis
1617 2393 1774 2470 inveniet
1795 2401 1913 2479 fidem,
1967 2406 2102 2485 Psalm.
2115 2412 2182 2483 bh:

1207 2481 1377 2576 Nissrquid
1409 2513 1500 2559 vane
1536 2496 1750 2568 constituisti
1784 2526 1908 2574 omnes
1943 2510 2037 2580 lilios
2079 2510 2183 2583 housi-

1207 2588 1318 2653 siuns?
1342 2602 1406 2660 etc.
1458 2590 1522 2663 Est
1548 2597 1642 2665 euim
1667 2602 1810 2693 querela
1830 2609 1876 2675 de
1899 2627 2050 2683 ventura
2074 2612 2182 2687 Ecde-

1207 2688 1278 2754 siae
1293 2689 1406 2762 ruina.
1462 2691 1558 2766 Haec
1574 2701 1666 2769 (licta
1690 2717 1881 2794 testantur,
1914 2714 2054 2784 etiamsi
2072 2713 2181 2787 Eccls·

1206 2790 1292 2856 siam
1323 2800 1525 2865 conservari
1555 2824 1694 2873 necesse
1720 2823 1789 2886 est,
1819 2823 1956 2899 tansen,
1986 2820 2182 2907 praesertin

1207 2904 1384 2982 postremo
1403 2908 1577 2989 tempore,
1604 2907 1797 2978 admodum
1821 2914 1982 3003 exiguam
2008 2932 2043 2988 et
2067 2944 2183 3007 paues-

1207 3018 1284 3061 rrrm
1302 3012 1440 3066 coetum
1458 3026 1550 3088 esse,
1576 3007 1638 3097 qui
1654 3024 1735 3079 ssent
1749 3017 1858 3100 spreti
1876 3031 1908 3087 et
1925 3021 2056 3091 abiecti
2075 3024 2113 3091 in
2129 3018 2182 3093 lns

1207 3095 1298 3180 vita,
1330 3099 1421 3170 sicut
1444 3104 1564 3196 iuquit
1587 3106 1736 3183 Paulus:
1761 3115 1850 3186 -Non
1874 3122 1979 3190 multi
2009 3127 2182 3215 sapientes

1208 3221 1279 3265 non
1298 3203 1662 3293 nsssltipotentesetc.
1847 3264 1852 3271 -
1927 3266 1930 3275 -
2058 3278 2061 3285 .
2148 3262 2180 3291 .-r

1310 3298 1408 3371 Haec
1425 3312 1627 3379 testimonia
1649 3338 1691 3384 eo
1714 3317 1839 3405 citavi,
1864 3337 1903 3392 nt
1927 3327 2087 3415 primum
2101 3328 2183 3420 esp·

1206 3414 1318 3482 tetur,
1342 3407 1428 3495 quid
1454 3413 1497 3477 sit
1523 3408 1701 3503 Ecclesia,
1733 3434 1768 3489 et
1791 3425 1991 3497 abducatur
2012 3432 2182 3503 suimus·

1205 3508 1405 3575 carnalibus
1427 3514 1682 3604 opinionibus,
1720 3546 1809 3613 quae
1836 3528 1976 3618 lingsmt
1997 3529 2182 3605 Ecclesia·

1206 3631 1279 3674 esse
1296 3610 1455 3695 politiam
1482 3619 1707 3705 pontificum,
1733 3639 1766 3694 et
1793 3627 1940 3717 alligant
1965 3657 2046 3703 eam
2071 3639 2115 3706 sd
2134 3658 2182 3707 os·

1205 3709 1384 3778 dinarium
1410 3721 1664 3788 successionem
1690 3725 1970 3819 Episcoporum,
2010 3738 2101 3807 sicut
2124 3738 2181 3807 iur-

1206 3810 1301 3901 peria
1328 3818 1524 3887 corisistunt
1549 3822 1585 3889 in
1609 3827 1789 3897 ordinaria
1814 3839 2038 3907 successione
2064 3838 2181 3933 priuci-

1331 3919 1389 3982 secl
1410 3915 1562 3990 Ecclesia
1579 3924 1682 3995 aliter
1696 3953 1732 3997 se
1758 3927 1880 4005 habet:
1914 3952 1966 4007 est
1994 3943 2093 4011 euim
2115 3964 2180 4013 oos-

1206 4032 1261 4085 tus
1277 4040 1350 4083 non
1367 4021 1529 4107 alligatus
1544 4028 1586 4092 ad
1604 4031 1822 4101 ordinariam
1840 4043 2114 4129 successionem,
2131 4042 2178 4115 ssd

1206 4122 1247 4183 ad
1280 4122 1426 4188 verbnm
1460 4125 1536 4196 Dei.
1605 4128 1659 4198 lbi
1691 4140 1888 4207 renascitur
1918 4139 2102 4228 Ecclesia,
2128 4142 2178 4217 ubl

1207 4216 1301 4288 Dens
1327 4227 1481 4294 restituit
1512 4230 1731 4319 doctrinam,
1764 4254 1797 4306 et
1825 4243 1884 4310 dat
1915 4242 2094 4334 Spiritum
2114 4268 2179 4319 ssu·

1206 4339 1312 4391 ctum·
1363 4324 1409 4394 Et
1432 4325 1499 4396 hoc
1523 4335 1629 4401 nitido
1655 4338 1727 4424 regi
1746 4355 1776 4407 et
1793 4350 1996 4415 conservari
2010 4346 2178 4429 Ecclesiss.

1207 4449 1277 4491 nem
1290 4429 1470 4497 ordinaria
1479 4437 1697 4506 successione
1710 4453 1858 4513 testatur
1868 4445 2002 4517 Pacilus
2012 4448 2177 4543 Ephesls

1207 4525 1312 4599 Dedit
1328 4537 1420 4598 dum
1439 4529 1662 4617 hominibus,
1688 4539 1891 4630 Apostolos,
1917 4548 2177 4644 prophetasse

1203 4618 1316 4700 Docet
1337 4634 1433 4701 enim
1455 4660 1531 4704 eam
1558 4664 1632 4706 esse
1652 4649 1795 4733 proprie
1814 4646 2031 4739 Ecclesiam,
2064 4657 2103 4726 in
2123 4675 2177 4749 qus

1206 4727 1368 4804 Christus
1388 4752 1439 4804 est
1454 4740 1592 4819 efficax,
1619 4757 1651 4811 et
1665 4748 1722 4812 cni
1739 4751 1800 4818 slat
1815 4776 1916 4821 veros
1933 4757 2110 4829 doctores·
2172 4806 2176 4813 ·

1308 4837 1392 4905 Ideo
1408 4862 1488 4907 cnm
1507 4844 1677 4914 obiicitur
1691 4853 1795 4918 nuliis
1812 4876 1942 4923 nomen
1970 4872 2005 4928 et
2026 4860 2178 4933 sumens

1207 3938 1309 4003 pum,

167 4936 268 5005 dotes
300 4932 601 5012 adversarentur,
643 4956 713 4998 non
751 4947 823 5001 erat
854 4933 1007 5004 Ecclesia
1037 4950 1156 5005 coetus
1206 4934 1400 5018 Ecclesiae,
1427 4945 1580 5030 primum
1598 4951 1877 5039 corrsideremus,
1909 4959 2179 5033 ennaremus

167 5036 408 5116 sacerdotum,
442 5037 500 5100 sed
527 5032 603 5115 itli,
629 5034 690 5124 qui
714 5037 900 5102 credebaut
926 5040 1155 5107 concionibus
1207 5064 1312 5112 verere
1342 5039 1537 5130 Ecclesiae,
1580 5072 1625 5116 au
1650 5076 1733 5119 vem
1758 5072 1878 5126 coetus
1901 5064 2180 5156 pontificum,rl

167 5135 347 5208 leremiae.
400 5137 511 5205 Amos
528 5133 586 5201 5.s
613 5132 671 5202 Sic
689 5135 898 5203 liberabitur
917 5138 1042 5225 lsra’e‘l,
1068 5157 1106 5209 ut
1128 5141 1155 5207 si
1206 5146 1436 5215 successionis
1460 5148 1576 5231 illius,
1610 5167 1640 5217 et
1668 5156 1827 5242 politiae,
1858 5184 2015 5233 necno,
2037 5169 2181 5237 ,imme

165 5236 992 5329 p'astorduocruraleoniexlasrsrilmseripiat.
1045 5240 1154 5311 Deni-
1206 5272 1225 5314 a
1262 5249 1371 5316 verbo
1398 5246 1464 5316 Dei
1497 5255 1666 5322 deterreri
1699 5256 1789 5327 falso
1819 5277 2000 5351 praetextu
2040 5267 2181 5341 nomiu's

110 5352 235 5405 unse
255 5340 321 5408 luit
345 5339 470 5426 exigua
485 5333 640 5406 Ecclesia
653 5360 750 5428 prae
772 5342 1004 5415 rusiltiuutioe
1025 5345 1156 5437 impio·
1207 5348 1396 5424 Ecclesiae.
