4522 5782
165 184 294 281 'epac
627 256 630 263 .
773 180 1616 277 ffltLMELSCRIPTAEXEGETchs
1806 234 1816 279 .·
1911 226 1936 269 ;·
2127 189 2209 283 tutu

196 400 238 449 es
251 376 334 446 sinu
348 364 484 441 aeterni
500 360 630 457 patris,
654 371 689 432 'et
706 358 910 431 immediate
924 360 962 428 in
978 356 1177 428 ministerio
1229 381 1270 426 ex
1292 354 1374 427 sinu
1397 358 1531 427 aeterni
1552 356 1681 450 patris,
1707 372 1758 429 est
1774 359 1896 431 cilicas
1920 385 2009 432 voce
2025 356 2211 449 Evangelii,

196 494 249 550 est
263 475 403 556 efficax,
425 469 516 538 sicut
533 464 670 558 inquit:
697 461 809 532 Nemo
831 464 932 532 novit
956 476 1089 551 patrem
1111 462 1178 528 nisi
1231 462 1320 528 dans
1343 461 1436 529 dona
1460 454 1686 545 bominibus,
1713 461 1841 546 idest,
1868 463 2058 535 vivificans
2080 464 2209 533 creden.

197 579 313 660 filios,
337 587 371 643 et
393 571 453 641 cui
467 566 564 641 filius
589 567 684 637 volet
706 564 872 634 revelare.
926 558 1180 655 apprehendi·
1232 576 1298 638 tes,
1325 562 1413 631 dans
1429 560 1604 651 Spiritum
1623 577 1802 646 sanctum,
1826 579 1857 631 et
1878 564 2097 635 resciscitans
2112 559 2212 633 bomi-

198 695 259 753 tur
275 700 358 766 ergo
374 669 470 743 Deus
486 670 614 754 verbo,
648 681 681 736 et
694 668 861 737 nondum
880 664 1099 756 conspicitur
1118 688 1181 756 pa·
1232 685 1293 731 nes
1311 685 1352 729 ex
1370 676 1500 748 morte,
1526 679 1561 733 et
1576 665 1764 734 restituens
1783 667 1887 735 nobis
1911 665 2096 735 iusticiam
2118 679 2151 735 et
2168 668 2211 735 vi.

200 783 271 852 lam
295 775 444 849 essessfia
467 768 676 842 divinitalis·
1232 777 1304 835 tam
1328 778 1527 849 aeternam,
1552 765 1746 835 defendens
1770 767 1876 835 etiam
1900 764 2100 839 Ecclesiam
2122 767 2210 835 min.

301 878 372 950 scd
397 887 478 966 post
503 869 596 942 banc
627 870 736 939 vitam
767 867 1006 958 conspicietur
1030 867 1182 937 essentia
1233 864 1355 935 biliter
1381 864 1418 935 in
1443 860 1511 934 hac
1533 865 1625 951 vita,
1654 891 1735 937 curn
1759 868 1802 939 sit
1824 864 2048 939 Emmanuel
2071 881 2106 938 et
2124 881 2211 961 capnt

201 978 400 1053 divinitatis
413 975 626 1054 immediate,
643 994 716 1039 non
732 971 1044 1060 perministerinm
1063 965 1184 1039 Evan-
1234 966 1564 1054 Ecclesiae,ornnia
1583 968 1767 1058 perficiens
1784 971 1822 1039 in
1839 971 1983 1041 sanctis.
2026 966 2106 1038 Hae
2121 970 2219 1041 actio-‘

203 1085 298 1175 gelii.
351 1079 392 1149 ld
415 1075 576 1146 nominat
595 1071 727 1142 Paulus
751 1093 900 1159 reguum
916 1068 984 1142 Dei
1007 1085 1040 1141 et
1064 1071 1186 1162 patris.
1237 1092 1298 1137 nes
1315 1083 1398 1140 sunt
1415 1093 1496 1162 vera
1513 1069 1644 1159 gloria,
1676 1094 1748 1141 non
1767 1074 1916 1143 umbrae
1932 1070 2210 1165 spectaculorum,

204 1185 415 1275 Quia,tunc
444 1176 592 1246 essentia
624 1173 822 1243 divinitatis
854 1173 1112 1264 conspicietur,
1153 1184 1185 1240 et
1236 1182 1296 1240 aut
1320 1169 1437 1240 inanis
1460 1172 1564 1243 lama.

204 1300 282 1377 aget
296 1279 517 1362 immediate,
542 1299 615 1346 non
638 1298 702 1365 per
726 1275 961 1344 ministerium
988 1269 1188 1363 Evangelii,

204 1401 239 1459 et
256 1385 324 1456 erit
337 1380 433 1452 Deus
446 1378 566 1449 omnia
584 1375 621 1445 in
637 1375 816 1447 omnibus.

306 1482 507 1572 Diligenter
522 1492 637 1549 autem
654 1477 810 1565 singulae
834 1472 1026 1562 particulae
1041 1474 1078 1543 in
1094 1473 1188 1544 dicto
1341 1470 1462 1541 Finita
1486 1484 1559 1542 tota
1583 1474 1888 1543 admonitionede
1905 1471 2143 1558 ceremoniis,
2163 1475 2212 1542 ad·

1579 1326 1711 1409 Certus
1726 1362 1808 1409 sum
1825 1347 1886 1414 etc.

207 1588 335 1662 Esaiae
359 1584 644 1653 considerentur:
677 1577 720 1646 ln
736 1577 812 1668 ipso
829 1572 964 1644 Gentes
986 1576 1191 1667 sperabunt.
1241 1576 1295 1646 dit
1308 1574 1465 1644 oratorio
1482 1598 1578 1643 more
1595 1575 1867 1665 mitigationem,
1885 1575 1913 1644 si
1932 1575 1998 1669 qui
2017 1577 2212 1664 praeferoces

207 1690 341 1762 Paulus
371 1697 473 1774 urget
501 1680 775 1771 adpellationem
806 1674 1000 1760 Gentium,
1039 1700 1080 1745 ac
1108 1676 1191 1746 citat
1243 1689 1303 1745 ant
1319 1673 1450 1744 morosi
1467 1698 1503 1744 se
1520 1676 1645 1745 durius
1662 1678 1867 1767 obiurgator
1883 1698 1959 1745 esse
1977 1677 2213 1751 existimarent.

208 1795 304 1861 inter
318 1785 540 1874 testimonia,
559 1806 648 1876 quae
664 1780 852 1850 adfirmant
868 1774 1101 1865 Evangelium
1119 1800 1191 1846 non
1244 1776 1333 1848 Nam
1352 1777 1462 1871 aliqui
1480 1777 1668 1848 ferociores
1694 1803 1795 1868 aegre
1809 1779 1930 1847 ferunt
1948 1777 2152 1848 libertatem
2171 1802 2213 1847 re

123 1939 131 1949 -
209 1906 348 1964 tantum
373 1889 417 1956 ad
436 1908 497 1955 eoa
515 1885 712 1976 pertinere,
737 1881 801 1974 qui
817 1879 891 1949 nati
907 1895 990 1949 sunt
1006 1879 1194 1948 exsemine
1245 1878 1392 1968 stringi,
1418 1877 1481 1946 alii
1496 1881 1626 1949 morosi
1648 1898 1756 1969 aegre·
1768 1881 1886 1950 ferunt
1901 1880 2058 1950 usitatas
2078 1903 2214 1949 ccccmo

210 1994 327 2065 lacob.
378 1985 518 2057 Deinde
534 1986 680 2055 verbum
697 1982 860 2074 sperandi
876 1995 1076 2072 opponatur
1094 1982 1193 2050 dam·
1246 1981 1322 2049 nias
1341 1979 1490 2069 negligi,
1517 1979 1629 2071 placat
1647 1981 1755 2070 igitur
1773 1994 1961 2075 utrosque,
1997 1982 2159 2053 tribuens
2177 1980 2214 2050 eis

210 2093 368 2176 nationi,
410 2105 446 2159 et
474 2082 796 2177 comprehendatur
824 2105 960 2152 summa
988 2082 1193 2174 promissio·
1247 2084 1386 2150 laudem
1405 2082 1576 2151 bonitatis
1592 2096 1625 2152 ct
1641 2083 1869 2167 eruditionis,
1902 2107 1945 2152 ac
1968 2095 2114 2173 petens,
2136 2095 2215 2153 utet

210 2220 318 2280 uum,
345 2190 524 2271 videlicet,
558 2189 652 2257 mitti
675 2186 787 2255 lilium
813 2180 902 2269 Dei,
928 2197 967 2254 ut
991 2197 1097 2275 caput
1121 2205 1194 2253 ser·
1247 2181 1338 2252 banc
1371 2182 1650 2253 admonitionem
1681 2186 1769 2255 boni
1798 2185 2011 2266 consulant,
2055 2208 2135 2255 cum
2160 2185 2215 2253 siut

211 2296 327 2391 pentis
343 2304 517 2363 conterat.
571 2286 677 2371 item,
702 2301 742 2356 ut
760 2289 914 2356 destruat
938 2308 1086 2375 regnum
1117 2285 1193 2354 dia·
1247 2284 1396 2375 placidi,
1428 2284 1591 2369 candidi,
1631 2310 1704 2356 non
1725 2286 1828 2356 facile
1851 2286 2072 2372 irritabiles,
2107 2287 2216 2357 et-sint

210 2399 302 2480 boli,
329 2394 444 2463 deleat
464 2405 644 2482 peccatum
660 2403 694 2459 et
708 2403 876 2464 mortem,
904 2400 937 2457 et
958 2387 1116 2457 restituat
1140 2387 1194 2455 iu·
1249 2385 1498 2474 intelligentes.
1551 2385 1641 2457 Nam
1659 2390 1751 2478 apud
1775 2389 1947 2459 candidos
1972 2403 2009 2458 et
2034 2388 2216 2477 intelligen-

209 2500 346 2571 sticiam
372 2508 407 2564 et
432 2494 539 2563 vitam
564 2508 756 2563 aeternam.
820 2485 916 2557 Haec
941 2488 1034 2567 dona
1065 2490 1197 2556 dantur
1248 2503 1298 2558 tes
1313 2501 1364 2556 est
1380 2489 1613 2577 cognoscendi
1630 2502 1663 2559 et
1679 2490 1885 2577 ignoscendi
1901 2490 2025 2574 locus,
2051 2490 2217 2560 sicutven

211 2612 359 2695 propter
384 2595 496 2664 tilium
521 2592 605 2674 Dei,
643 2605 677 2660 et
709 2614 771 2681 per
795 2613 875 2659 eum
906 2590 1130 2659 credentibus
1158 2589 1197 2657 in
1248 2589 1398 2670 dicitur,
1425 2584 1475 2669 ὥς
1502 2583 1577 2682 ride)
1604 2587 1747 2663 συνέσει
1774 2584 1984 2685 χρηστότης
2015 2587 2216 2686 κεκραμένη.

215 2706 344 2796 ipsum.
396 2694 482 2767 ldeo
504 2695 639 2788 inquit:
668 2691 871 2784 Sperabunt
887 2691 924 2759 iu
943 2714 1045 2775 eum,
1069 2689 1198 2760 videli·
1254 2690 1328 2759 Alii
1345 2689 1479 2760 indocti
1495 2705 1530 2760 et
1544 2692 1707 2762 iracundi
1721 2695 1823 2763 facile
1839 2694 2051 2778 irritantur,
2080 2708 2117 2763 et
2131 2692 2216 2763 send

218 2816 293 2886 cet,
321 2814 361 2871 ut
384 2795 470 2868 haec
493 2799 587 2868 bona
611 2794 803 2884 accipiant,
830 2791 920 2862 sicut
942 2807 978 2864 et
999 2793 1038 2861 in
1054 2790 1195 2863 Psalmo
1248 2792 1377 2861 irritati
1404 2804 1486 2861 sunt
1515 2792 1774 2880 implacabiles,
1815 2809 1853 2865 ut
1870 2795 2025 2866 dicitur:
2067 2793 2216 2887 imperito

99 2917 110 2929 ‘
217 2905 364 2976 dicitur:
404 2898 504 2969 Beati
528 2921 651 2968 omnes
675 2895 738 2989 qui
757 2893 941 2964 confidunt
961 2895 999 2963 in
1021 2916 1074 2966 eo.
1134 2891 1199 2964 Est
1249 2888 1595 2987 bominenunquam
1618 2897 1813 2989 quidquam
1838 2897 2022 2970 iniustius.
2076 2886 2217 2970 Er'satc-

215 3028 298 3096 ergo
332 3025 480 3092 regnum
514 2997 796 3081 consolationis,
841 3019 916 3064 non
948 2994 1198 3069 damnationis,
1248 3018 1332 3064 mon
1368 2995 1508 3088 inquit:
1554 2993 1647 3065 Iram
1685 2999 1784 3069 stulti
1821 3022 1993 3088 magnum
2028 3022 2124 3071 onus
2156 3019 2217 3069 esst.

94 3110 97 3121 '
215 3107 262 3179 Et
288 3106 405 3176 cultus
428 3102 563 3193 proprii
585 3097 692 3170 huius
714 3098 813 3187 regni
838 3112 939 3181 suut,
972 3098 1076 3181 tides,
1109 3118 1197 3188 spes,
1252 3093 1303 3165 lta
1329 3097 1417 3166 lenit
1441 3109 1626 3190 utrosque,
1660 3124 1740 3173 cum
1764 3101 1830 3180 ait,
1856 3101 2036 3191 placidos,
2072 3125 2146 3171 non
2166 3101 2216 3169 ira·

216 3207 409 3289 coniessio,
440 3201 764 3292 gratiarumactio,
797 3199 993 3279 invocatio,
1027 3220 1197 3289 propaga·
1249 3199 1402 3282 cundoa,
1442 3221 1515 3268 non
1547 3222 1706 3270 morosos
1736 3225 1827 3283 esse,
1871 3217 1906 3274 cl
1930 3218 2117 3294 praeterea
2146 3213 2215 3273 rccts

215 3311 267 3381 tio
299 3303 496 3394 Evangelii.
554 3303 643 3373 Nam
675 3300 848 3371 vocabulo
878 3300 1044 3390 sperandi
1076 3298 1195 3368 omnia
1247 3299 1369 3370 doctos
1400 3322 1495 3368 esse:
1539 3302 1625 3371 tales
1653 3304 1748 3373 enim
1778 3304 1928 3373 liberam
1952 3306 2215 3379 admonitionem

216 3409 303 3482 haec
324 3401 691 3497 comprehenduntur,
719 3403 821 3485 tides,
847 3423 943 3493 spes,
968 3401 1147 3471 invocatio
1164 3416 1197 3470 et
1249 3401 1333 3469 boni
1350 3402 1552 3472 consulunt.

220 3509 331 3580 vicini
350 3521 478 3579 motus.
531 3503 578 3576 Et
600 3507 638 3574 in
655 3503 877 3573 invocatione
901 3503 1139 3572 accendantur
1162 3515 1198 3571 et

219 3611 474 3683 confirmentur
491 3611 535 3678 de
555 3602 624 3677 hoc
647 3628 775 3698 regno,
802 3605 906 3691 tides,
932 3627 1029 3696 spes,
1055 3605 1199 3673 invoca·

156 3760 161 3773 ·
217 3717 268 3787 tio
289 3727 325 3784 et
347 3710 538 3802 gratiarum
564 3708 666 3780 actio.
1349 3699 1397 3774 Et
1421 3706 1465 3774 ad
1490 3696 1681 3794 placandos
1704 3706 1869 3791 lectores,
1908 3712 2015 3779 etad
2041 3711 2215 3801 augendas

321 3809 480 3884 Additur
495 3823 632 3882 autem:
660 3806 762 3878 Mors
776 3807 852 3877 eius
868 3808 935 3878 erit
952 3808 1076 3896 gloria.
1129 3805 1199 3878 Ubi
1247 3807 1469 3877 autoritatem
1492 3807 1747 3878 admonitionis
1770 3811 1939 3882 conducit
1965 3814 2109 3884 mentio
2136 3807 2216 3882 ottd

219 3915 408 4007 significat,
437 3913 603 3983 Messiam
615 3909 832 3981 revicturum
848 3931 921 3979 esse
936 3932 977 3977 ex
991 3923 1120 3993 morte,
1147 3923 1201 3977 at·
1248 3922 1282 3979 et
1298 3907 1551 3976 miraculorum
1570 3932 1673 3999 quarn
1691 3911 1801 3991 addit,
1818 3912 1920 4003 qnasi
1938 3913 2057 3986 dicat:
2089 3912 2215 3985 Mosae

219 4043 289 4111 que
304 4018 352 4088 ita
368 4015 586 4087 aboliturum
610 4035 682 4083 esse
704 4024 875 4096 mortem,
900 4033 975 4078 non
997 4024 1135 4080 tautum
1162 4011 1199 4078 in
1247 4009 1411 4101 Apostoli
1434 4009 1568 4092 officio,
1600 4023 1639 4079 ut
1664 4036 1726 4081 vos
1756 4015 1901 4082 doceam
1928 4030 1963 4086 et
1996 4016 2216 4088 commoncit·

220 4120 365 4211 proprio
389 4141 556 4206 corpore,
590 4114 705 4184 sedin
727 4113 894 4181 omnibus
918 4111 1144 4180 credentibus
1162 4111 1200 4178 in
1251 4114 1360 4189 ciam,
1394 4125 1426 4180 ct
1441 4108 1538 4179 Deus
1554 4111 1679 4182 tribuit
1694 4114 1892 4183 testimonia
1917 4140 2022 4186 meae
2046 4119 2215 4188 doctrinae.

220 4245 320 4306 eum,
345 4243 385 4290 ae
405 4219 627 4288 redditurum
644 4216 694 4283 cis
712 4214 887 4283 iusticiam
903 4226 938 4287 et
956 4213 1063 4282 vitam
1086 4225 1200 4281 aeter·
1250 4210 1371 4300 Quare
1393 4235 1450 4279 me
1474 4212 1612 4301 placide
1634 4215 1804 4301 audiatis,
1830 4213 1971 4286 etmihi
1996 4214 2217 4293 assentiamini

219 4344 313 4391 nam.
362 4320 558 4391 Alexandri
580 4339 678 4385 mors
699 4338 773 4383 non
796 4327 849 4384 est
871 4313 1003 4403 gloria,
1036 4314 1096 4382 sed
1120 4313 1200 4381 linis
1250 4317 1325 4383 sine
1341 4313 1573 4382 dubitatione.

219 4434 271 4490 est
292 4421 362 4490 iam
384 4422 546 4491 omnium
571 4418 750 4488 actionum
773 4414 979 4486 Alexandri.
1031 4413 1201 4484 Nominat
1351 4413 1419 4484 Hic
1433 4415 1729 4486 considerandum
1743 4430 1796 4488 est
1809 4442 1948 4500 rursus,
1978 4421 2101 4515 qualis
2116 4424 2159 4495 sit
2173 4444 2216 4492 ao·

219 4523 316 4593 enim
340 4546 408 4592 vox
429 4522 552 4591 divina
574 4519 724 4610 gloriam
746 4538 819 4585 non
846 4517 1042 4606 spectacula
1064 4529 1125 4584 aut
1149 4516 1199 4584 fa·
1249 4517 1373 4587 toritas
1407 4516 1616 4606 apostolica:
1668 4521 1764 4610 quod
1803 4520 1969 4593 videlicet
2010 4542 2148 4597 certum
2181 4523 2217 4602 sit,

219 4646 332 4708 mam,
358 4645 463 4716 quarn
479 4645 553 4690 non
569 4620 675 4689 sentit
691 4619 721 4686 is
736 4618 797 4710 qui
812 4617 1021 4700 celebratur,
1037 4630 1076 4686 ut
1092 4612 1199 4686 Ales·
1249 4618 1413 4708 Apostoli
1426 4617 1623 4688 doctrinam
1639 4640 1712 4689 esse
1728 4621 1899 4707 divinam,
1920 4637 1954 4694 et
1974 4627 2010 4694 ei
2025 4629 2217 4697 credendoo

218 4725 325 4797 andri
352 4726 501 4793 cadaver
531 4744 657 4809 magna
691 4742 821 4810 pompa
843 4719 986 4788 ducitur
1008 4743 1049 4787 ex
1082 4715 1201 4811 Baby·
1250 4742 1343 4799 esse,
1382 4720 1472 4789 sicut
1496 4721 1574 4789 voci
1592 4718 1660 4790 Dei
1678 4724 1722 4791 de
1746 4724 1844 4793 coelo
1867 4728 2017 4797 sonanti
2038 4728 2217 4798 immediatt

218 4830 302 4899 lune
324 4825 363 4895 in
379 4820 580 4918 Aegyptum
602 4822 813 4892 collocatum
837 4820 874 4887 in
896 4844 1039 4888 auream
1062 4819 1201 4889 sellam:
1251 4822 1344 4891 inter
1360 4821 1545 4891 manifesta
1565 4822 1752 4908 miracula,
1766 4825 1856 4895 sicut
1870 4828 2065 4919 decalogus
2082 4825 2217 4923 promni-

217 4930 278 5000 sed
303 4927 468 4998 nominat
498 4925 646 5014 gloriam
667 4922 819 4993 viventis
843 4943 1013 5011 personae
1035 4921 1201 4993 actiones.
1249 4935 1350 5011 gatus
1369 4935 1439 5003 est,
1473 4935 1507 4992 et
1532 4946 1634 5014 saepe
1652 4925 1740 4995 alibi
1764 4928 1808 4996 de
1828 4929 2030 5018 apostolica
2052 4930 2216 5005 autoritate

217 5030 269 5104 Ut
281 5025 443 5103 Christus
460 5039 537 5119 post
556 5037 705 5095 mortem
720 5022 916 5106 reviviscit,
941 5035 974 5092 et
989 5023 1111 5091 vivens
1127 5022 1200 5091 col·
1250 5023 1427 5116 copiosius
1451 5024 1584 5094 dictum
1611 5039 1673 5099 est.

219 5133 295 5221 ligit
312 5144 487 5202 aeternam
505 5124 717 5208 Ecclesiam,
751 5146 832 5191 vere
854 5125 1062 5210 deprecatur
1078 5147 1142 5214 pro
1161 5147 1200 5192 ea
1351 5121 1468 5195 Ornat
1485 5141 1600 5196 autem
1617 5127 1853 5199 ministerium
1871 5128 2215 5207 vocabolosacrtteii,

218 5234 357 5301 assidue
381 5232 474 5322 apud
498 5242 634 5322 patrem
660 5228 698 5294 in
717 5247 844 5292 arcano
860 5225 1008 5293 consilio
1031 5225 1201 5294 divinita·
1250 5227 1299 5298 ait
1330 5250 1367 5296 se
1391 5228 1591 5297 ministrum
1614 5252 1687 5298 esse
1707 5231 1963 5302 sacrificantem
1992 5230 2216 5325 Evangeliun.

222 5334 287 5418 tis,
311 5334 429 5417 adest,
462 5343 578 5401 servat
597 5324 835 5398 ministerium
859 5321 1045 5414 Evangelii
1071 5327 1202 5421 prolati
1251 5325 1351 5399 Nova
1366 5323 1452 5400 baec
1466 5329 1580 5399 forma
1595 5333 1772 5402 sermonis
1784 5346 1849 5420 est,
1868 5336 1931 5405 sed
1947 5338 2214 5429 emdita,rnov

1361 3561 1516 3665 Propter
1529 3566 1697 3662 gratiam
1715 3591 1810 3668 quoa
1829 3564 1923 3640 data
1939 3578 1994 3641 est
2011 3567 2123 3644 milit.
