4522 5782
59 91 72 98 .
1589 54 1595 63 ·
2169 33 2174 95 l

12 188 15 199 ·
102 175 209 255 ,aaa
679 159 808 247 run,
831 157 951 241 nst.
973 155 1190 239 sentem
1215 155 1518 237 maceries.
1666 216 1669 221 .
1757 252 1760 259 ,
2050 171 2128 247 ssa

114 347 273 424 coelestis
296 343 353 419 his
374 342 542 417 omnibus
563 337 665 410 robis
688 360 779 430 opus
805 359 900 419 esse,
942 333 1105 408 Primum
1159 333 1307 407 consilio
1325 347 1360 407 et
1374 333 1558 409 voluntate
1574 333 1660 425 Dei,
1685 333 1752 411 'sed
1768 340 1891 415 Deum
1911 364 1981 415 suo
2002 346 2135 418 consiti,

115 450 274 549 quaerite
290 471 439 540 regnum
448 443 533 524 Dei,
559 455 593 514 et
610 453 746 512 caetera
760 438 978 511 adiicientnr
993 440 1105 513 vobis.
1159 439 1216 507 vel
1240 438 1360 507 lovere
1383 450 1531 508 naturae
1555 438 1667 524 vires,
1692 442 1749 512 rel
1772 445 1959 533 deserere,
1985 447 2042 517 vel
2064 451 2135 521 dare

40 619 51 631 ,
116 554 229 651 Item,
255 550 500 624 palmosa:
526 540 695 616 Enutriet
717 554 751 613 et
772 541 842 613 alet
864 564 925 611 eos
942 540 981 610 in
998 543 1104 612 lame:
1157 541 1359 625 facultates,
1385 541 1440 611 vel
1464 564 1540 612 non
1562 543 1660 615 dare.

116 657 191 729 imo
218 667 362 748 propter
377 648 574 724 Ecclesiam
591 643 688 715 Deus
711 659 746 739 et
765 657 916 714 caeteras
935 656 1055 733 gentes
1072 657 1107 715 et
1260 640 1422 712 Primum
1442 642 1550 732 igitur
1567 643 1612 715 sit
1629 645 1667 714 in
1682 645 1786 717 nobis
1801 640 1889 718 haec
1903 647 1994 720 fides
2010 651 2054 720 de
2067 676 2140 744 pro-

116 760 213 830 bona
230 754 427 846 corporalia
445 762 641 821 conservat.
682 744 871 838 Postquam
887 760 1005 815 autem
1023 747 1106 816 nni·
1159 744 1336 829 videntia,
1376 749 1472 837 quod
1494 769 1569 817 non
1591 769 1674 817 casu
1700 762 1914 839 spargantur
1945 747 2034 823 baec
2055 757 2139 826 bona

117 883 217 930 versa
239 855 398 929 Ecclesia
419 854 572 925 collecta.
588 848 713 934 suerit,
745 873 809 917 nec
832 848 965 917 luerint
986 848 1106 939 plnres
1158 849 1234 916 sine
1250 845 1400 935 consilio
1417 842 1496 915 Dei.
1546 845 1637 917 Nam
1655 843 1740 920 haec
1754 850 1841 922 fides
1856 865 1909 923 est
1931 855 2140 925 fundamen-

119 961 221 1033 electi
237 961 274 1029 in
289 981 416 1050 genere
431 951 610 1036 humano,
636 974 718 1047 mox
733 948 879 1019 cessabit
903 944 988 1019 haec
1009 973 1106 1020 mor·
1158 962 1234 1019 tum
1270 948 1452 1040 petitionis
1483 959 1517 1016 et
1548 950 1740 1035 gratiarum
1776 953 1941 1026 actionis.
1996 953 2046 1029 Et
2076 959 2142 1031 siut

118 1064 200 1136 tslis
221 1061 315 1153 vita,
341 1073 374 1130 ct
392 1060 450 1129 liet
473 1069 667 1124 extremum
689 1052 873 1122 iudicium.
1158 1063 1242 1120 nota
1258 1050 1376 1143 aliqua
1391 1049 1592 1119 testimonia
1610 1048 1713 1128 Dent.
1728 1053 1783 1128 8.:
1809 1053 1893 1125 Non
1911 1059 1949 1126 in
1965 1060 2045 1129 solo
2060 1085 2143 1151 pane

221 1159 288 1234 Est
313 1176 431 1233 autem
457 1156 644 1251 promissio
667 1155 844 1224 bonorum
867 1154 1106 1245 corporalium
1157 1152 1253 1223 vivet
1279 1148 1408 1236 homo,
1442 1154 1502 1221 sed
1527 1157 1687 1223 exomni
1710 1156 1840 1242 verbo,
1868 1163 1968 1252 quod
1991 1165 2143 1252 procedit

119 1265 316 1357 generalis,
359 1286 434 1331 non
455 1262 595 1346 alligata
621 1271 716 1327 certo
740 1258 840 1336 loco,
877 1270 918 1328 ut
936 1256 1107 1328 Israelitis
1159 1278 1200 1323 ex
1221 1278 1283 1324 ore
1299 1254 1436 1327 divino.
1475 1249 1581 1327 Deut.
1604 1255 1681 1325 30.:
1720 1254 1798 1349 lpse
1820 1274 1870 1330 est
1899 1264 1973 1334 vita
2002 1277 2083 1350 tua,
2113 1280 2143 1334 et

119 1369 262 1459 alligata
284 1379 359 1437 erat
375 1367 418 1433 ad
438 1375 573 1432 certum
598 1362 733 1439 locum,
760 1371 795 1428 et
816 1381 953 1448 semper
978 1360 1017 1426 in
1040 1354 1107 1428 lrac
1158 1356 1517 1444 longitudodierum
1548 1369 1704 1428 tuorum.
1752 1358 1964 1438 Acto.17.:
2012 1365 2053 1433 ln
2074 1368 2143 1458 ipso

119 1469 192 1541 vita
209 1483 282 1539 rata
300 1480 351 1538 est
367 1465 534 1536 universo
551 1462 677 1533 coetui.
732 1458 816 1528 ldeo
831 1480 970 1551 semper
987 1462 1025 1528 in
1041 1456 1106 1529 ltac
1159 1457 1331 1535 vivimus,
1352 1481 1539 1527 movemur
1552 1472 1587 1529 et
1601 1482 1733 1529 sumus.
1768 1458 1987 1540 Marusio:
2016 1463 2143 1537 Omnes

120 1572 193 1643 vita
209 1583 325 1641 servat
342 1569 438 1640 Dens
453 1566 609 1658 aliquam
624 1586 722 1631 snam
740 1558 1106 1644 Ecclesiam,etiamsi
1159 1561 1279 1649 capilli
1296 1559 1420 1650 capitis
1436 1561 1543 1628 vestri
1560 1564 1734 1632 numerati
1751 1579 1844 1639 stant.
1887 1566 2142 1645 Proverb.10.:

118 1675 232 1745 multa
257 1672 416 1740 membra
443 1665 724 1747 interficiuntur,
748 1676 788 1731 ut
805 1662 835 1731 si
853 1663 1002 1733 victoria
1021 1688 1106 1755 pro·
1158 1658 1365 1731 Benedictio
1395 1658 1542 1730 Domini
1575 1661 1704 1731 divites
1735 1665 1829 1740 lacit.
1892 1668 2071 1745 Provecb.
2093 1673 2140 1746 fia

117 1776 224 1845 missa
244 1786 333 1842 esset
357 1769 542 1849 exercitui,
569 1779 643 1836 rata
668 1778 702 1835 et
727 1786 808 1833 vera
833 1778 884 1836 est
908 1765 1106 1856 promissio,
1158 1759 1508 1853 EgestasaDomino
1525 1762 1563 1831 in
1576 1766 1685 1834 domo
1701 1767 1814 1858 impii.
1869 1768 2015 1841 lerein
2033 1770 2141 1843 Thre-

120 1876 256 1951 etiamsi
283 1873 395 1967 aliqui
418 1871 548 1941 milites
569 1865 844 1937 interficiuntur.
1158 1867 1216 1934 nis
1229 1889 1306 1957 cap.
1321 1862 1372 1937 b:
1400 1860 1492 1952 Quis
1513 1878 1566 1936 est
1588 1866 1671 1951 iste,
1694 1866 1757 1960 qni
1776 1869 1863 1941 dicit
1880 1873 1961 1944 fieri
1976 1870 2061 1945 lraec
2075 1899 2140 1944 nou

221 1976 405 2055 Secundo,
432 1969 619 2064 promissio
634 1968 829 2059 corporalis
849 1989 986 2058 semper
1000 1965 1106 2035 intel·
1159 1966 1304 2038 iubente
1332 1962 1510 2047 Domino,
1540 1964 1595 2037 Ex
1615 1991 1676 2037 ore
1697 1965 1846 2040 Domini
1875 1999 1943 2046 nec
1967 1978 2059 2048 bona
2084 2001 2140 2046 nec

120 2083 251 2173 ligatur
284 2101 365 2148 cum
406 2075 610 2165 exceptione
643 2071 880 2159 castigationis
915 2081 950 2139 et
982 2067 1107 2140 crucis.
1159 2070 1251 2139 mala
1273 2068 1523 2159 egredientur?

118 2182 209 2254 Vult
230 2177 325 2250 Deus
349 2192 540 2270 utrumque
571 2172 723 2244 exerceri
751 2171 790 2240 in
822 2171 972 2264 petentis
1003 2170 1108 2239 bonis
1260 2169 1430 2264 Sequitur
1460 2190 1543 2261 ergo
1576 2170 1707 2241 deinde
1737 2174 1848 2245 altera
1880 2201 2000 2255 caum.
2055 2176 2133 2251 Cum

120 2280 385 2375 corporalibus,
405 2279 510 2348 fidem
527 2289 561 2348 et
575 2273 827 2346 obedientiam.
880 2270 968 2343 Vult
989 2271 1106 2341 Abra·
1159 2271 1393 2343 certissimum
1412 2271 1458 2343 sit
1473 2266 1557 2342 haec
1573 2273 1666 2343 bona
1684 2275 1857 2347 divinitus
1876 2282 1978 2362 dari,
2001 2296 2136 2375 utroque

120 2382 189 2456 bae
207 2382 314 2453 vitam
332 2396 366 2451 et
382 2380 551 2451 familiam
568 2376 763 2458 custodire,
784 2377 843 2442 sed
861 2374 928 2459 ita,
952 2388 991 2445 ut
1007 2397 1107 2463 rega·
1160 2376 1266 2444 modo
1290 2373 1369 2444 vult
1390 2370 1487 2443 Deus
1506 2375 1659 2445 exerceri
1676 2376 1799 2461 fidem,
1825 2382 2004 2472 petitione
2018 2395 2052 2453 et
2065 2405 2131 2473 gra.

86 2492 89 2500 ’
121 2501 182 2561 tur
204 2480 386 2557 Abraham
410 2505 485 2550 non
506 2481 622 2550 solum
646 2473 813 2546 humanis
837 2474 1012 2561 consiliis,
1046 2478 1107 2543 sed
1158 2476 1288 2548 tiarum
1311 2474 1467 2560 actione,
1493 2476 1571 2547 vult
1586 2499 1623 2545 se
1635 2479 1777 2567 agnosci
1794 2499 1994 2553 creatorem
2019 2508 2087 2554 esse
2105 2496 2133 2551 et

121 2590 212 2671 fide,
245 2585 471 2655 invocatione
488 2578 577 2666 Dei,
604 2592 638 2650 et
653 2603 673 2649 a
690 2577 764 2649 Deo
788 2590 881 2668 petat
899 2590 934 2647 et
951 2590 1108 2668 expectet
1159 2578 1317 2648 datorem
1335 2578 1429 2648 vitae
1445 2589 1479 2648 et
1494 2579 1624 2664 victus,
1650 2579 1727 2650 vult
1752 2574 1821 2653 boc
1843 2586 2020 2656 celebrari
2035 2589 2071 2655 in
2083 2609 2132 2676 pe-

121 2688 315 2771 auxilium,
341 2685 439 2754 iuxta
456 2684 550 2753 dicta
570 2680 695 2756 lerem.
714 2677 788 2748 17.:
816 2676 1029 2749 Maledictus
1044 2678 1107 2771 qui
1159 2679 1287 2750 titione
1308 2692 1343 2749 et
1367 2678 1560 2768 gratiarum
1583 2680 1734 2754 actione.
1784 2683 1889 2757 Sicut
1910 2688 2001 2758 dicit
2023 2687 2133 2758 Psalm

123 2789 272 2863 conlidit
306 2788 344 2856 in
371 2780 516 2855 homine
552 2798 587 2854 et
613 2782 714 2872 ponit
740 2803 880 2851 carnem
920 2775 1107 2852 brachium
1159 2778 1239 2855 50.:
1275 2779 1403 2851 luvoca
1427 2804 1485 2850 me
1509 2781 1547 2849 in
1572 2782 1630 2851 die
1653 2782 1920 2877 tribulationis,
1946 2802 1983 2861 et
2003 2790 2129 2882 eripiam

87 2917 239 2965 ‚suum
292 2887 400 2968 Item,
436 2882 585 2958 Zachar.
607 2883 661 2957 4.;
692 2880 774 2953 Non
799 2883 837 2952 in
860 2882 1007 2964 robore,
1032 2905 1107 2952 non
1159 2897 1213 2968 te,
1241 2897 1275 2954 et
1299 2881 1510 2972 glorificabis
1533 2906 1601 2959 me.

124 2996 162 3065 in
182 2991 355 3075 exercitu,
381 2991 496 3059 sedin
514 2988 641 3079 spiritu
657 3009 753 3067 meo,
778 2983 866 3054 dicit
881 2981 1070 3055 Dominus.
1261 2983 1386 3055 Tertia
1408 2998 1597 3072 causaest,
1621 2984 1699 3057 Hae
1712 2989 1972 3080 promissiones
1992 3007 2074 3065 sunt
2088 3006 2130 3064 te-

224 3093 313 3164 Vult
334 3091 439 3162 etiam
461 3086 528 3159 hoc
545 3090 634 3158 scire
649 3083 832 3170 homines,
855 3108 892 3155 se
907 3110 988 3155 vere
1005 3086 1109 3155 irasci
1160 3087 1326 3159 stimonia
1341 3087 1385 3155 de
1398 3089 1664 3159 conservatione
1674 3084 1854 3161 Ecclesiae
1869 3095 1910 3163 in
1927 3091 1998 3166 hac
2011 3094 2132 3166 mortali

124 3197 290 3290 peccatis,
324 3205 359 3263 et
381 3188 601 3261 horribiliter
624 3189 750 3280 punire
773 3190 910 3278 lapsus,
934 3199 974 3258 nt
999 3188 1109 3258 simus
1160 3190 1250 3271 vita,
1290 3191 1370 3257 ideo
1399 3187 1494 3257 enim
1526 3190 1674 3271 dantur,
1713 3215 1759 3260 ne
1790 3193 1943 3267 intereat
1977 3194 2132 3270 Ecclesia,

125 3297 369 3388 diligentiores
386 3294 545 3364 innubis
561 3291 757 3363 frenandis:
784 3291 874 3358 sicut
891 3289 1109 3359 tristissimae
1160 3292 1256 3362 iuxta
1282 3291 1372 3360 illud
1393 3284 1527 3360 Psalmi
1553 3289 1651 3366 tta:
1685 3292 1770 3362 Non
1794 3299 1931 3368 mortui
1953 3301 2134 3370 laudabunt

125 3422 261 3493 poenae
291 3408 429 3466 secutae
459 3410 542 3465 sunt
564 3395 685 3484 lapsus
705 3388 872 3472 Davidis,
906 3389 1109 3461 Salomonis
1160 3405 1195 3464 te
1216 3390 1382 3463 Domine.
1437 3389 1524 3461 ltem
1549 3389 1678 3465 Matth.
1704 3396 1757 3468 u:
1798 3395 1963 3470 Primum
1994 3402 2133 3496 quaerite

125 3517 192 3577 etc.
247 3498 295 3569 Et
317 3512 435 3567 tamen
460 3496 553 3565 inter
573 3490 636 3564 has
658 3514 788 3586 poenas
811 3492 957 3584 aliquod
988 3516 1109 3561 semen
1160 3517 1307 3585 regnum
1324 3490 1413 3577 Dei,
1438 3508 1474 3563 et
1494 3511 1629 3565 caetera
1651 3496 2001 3574 adlicienturvobis.

124 3600 301 3674 Ecclesiae
322 3620 460 3688 semper
481 3610 658 3666 servatum
682 3609 752 3674 est,
786 3607 827 3665 ut
853 3594 891 3661 in
913 3594 1018 3664 exilio
1038 3593 1109 3664 Ba·
1260 3593 1409 3685 Quarta,
1435 3590 1573 3666 Omnes
1588 3598 1839 3687 promissiones
1849 3607 2055 3695 corporales
2068 3616 2134 3674 sunt

122 3703 305 3800 bylonico.
1161 3697 1516 3768 commonefactiones
1549 3701 1594 3768 de
1626 3700 1825 3796 spirituali,
1874 3706 2060 3793 videlicet,
2099 3709 2133 3774 de

229 3804 282 3877 lta
304 3802 467 3874 videmus
487 3796 757 3892 promissionem
776 3797 995 3888 corporalem
1011 3796 1109 3867 simi·
1161 3799 1234 3869 filio
1252 3798 1339 3883 Dei,
1363 3800 1446 3895 quia
1463 3823 1528 3869 nec
1543 3800 1708 3871 invocare
1724 3800 1839 3872 Deum
1855 3831 2065 3898 possumus,
2078 3806 2133 3877 nisi

125 3907 210 3979 liter
231 3919 343 3978 ratam
367 3927 440 3974 esse
464 3914 609 3994 propter
632 3901 781 3989 gloriam
804 3898 890 3985 Dei,
925 3923 970 3968 ne
995 3902 1110 3970 extin-
1160 3902 1260 3994 prius
1282 3901 1432 3970 sciamus
1456 3924 1523 3970 nos
1548 3903 1655 3995 recipi
1675 3916 1709 3973 et
1724 3908 1884 3978 exaudiri
1905 3924 2052 4002 propter
2074 3933 2133 3981 me·

126 4023 255 4100 guatur
273 4005 406 4098 agnitio
421 4003 489 4076 Dei
506 4005 544 4073 in
560 4026 686 4093 genere
702 3998 878 4086 humano,
904 4015 939 4072 et
960 4002 999 4070 in
1020 4003 1109 4092 peti·
1160 4005 1346 4074 diatorem.
1397 4002 1494 4073 Haec
1522 4003 1609 4074 fides
1637 4005 1676 4074 in
1704 4007 1804 4075 omni
1839 4013 2017 4102 petitione
2044 4013 2132 4083 etiam

124 4111 223 4185 tione
242 4107 345 4181 hunc
367 4105 475 4178 finem
498 4106 716 4188 intueamur,
739 4102 869 4178 Psalm.
889 4103 992 4178 tta:
1028 4102 1110 4173 Non
1161 4105 1400 4196 corporalium
1419 4104 1597 4176 bonorum
1612 4108 1826 4196 praeluceat:
1853 4115 1903 4184 ita
1922 4115 2133 4206 perspicuum

126 4208 405 4295 nobisDomine,
426 4233 500 4278 non
519 4206 638 4291 nobis,
663 4207 726 4276 sed
740 4205 880 4276 nomini
896 4220 957 4275 tuo
972 4210 1016 4276 da
1033 4206 1110 4295 glo·
1160 4220 1231 4293 est,
1271 4230 1351 4277 cum
1373 4207 1460 4276 fides
1480 4209 1568 4297 petit
1594 4210 1812 4301 corporalia,
1853 4216 1965 4285 simul
1987 4229 2131 4308 oportere

127 4314 228 4385 riam.
279 4311 386 4383 Item:
418 4309 501 4381 Non
526 4308 658 4379 mortui
682 4308 880 4378 laudabunt
893 4320 928 4377 te
943 4305 1109 4380 Domine.
1160 4310 1313 4379 exerceri
1336 4308 1542 4399 petitionem
1568 4310 1799 4401 spiritualem.

124 4410 360 4487 Exerceamus
381 4412 490 4503 igitur
512 4422 547 4480 et
566 4410 672 4479 fidem
687 4421 721 4479 et
737 4409 976 4479 obedientiam
990 4409 1030 4478 in
1046 4432 1105 4499 pe⁴
1261 4409 1359 4480 Haec
1374 4423 1446 4481 tota
1469 4413 1630 4481 doctrina
1654 4414 1698 4482 de
1721 4416 2020 4505 promissionibus
2040 4417 2130 4509 spici-

126 4516 273 4600 titione,
314 4529 349 4586 et
374 4512 613 4605 expectatione
646 4512 883 4602 corporalium
920 4512 1109 4593 bonorum,
1158 4513 1316 4584 tualibus
1335 4527 1369 4583 et
1383 4514 1628 4602 corporalibus
1642 4516 1824 4586 notissima
1843 4519 1891 4591 sit
1905 4523 2080 4604 omnibns,
2101 4530 2129 4586 et

124 4618 217 4692 sicut
237 4615 415 4688 Dominus
433 4616 533 4687 iubet
560 4626 677 4706 petere
698 4637 824 4705 panem
849 4612 1109 4706 quotidianum,
1159 4615 1319 4708 quotidie
1336 4614 1374 4684 in
1393 4614 1617 4685 invocatione
1632 4632 1842 4705 exerceatur,
1857 4620 1899 4689 in
1914 4606 1986 4716 qua
2006 4620 2129 4716 publica

124 4734 160 4794 et
190 4720 271 4792 illas
294 4718 419 4788 stultas
449 4714 717 4809 superstitiones
749 4739 872 4784 eorum
896 4738 1108 4796 execremur,
1158 4729 1193 4787 et
1209 4710 1344 4810 privata
1368 4718 1460 4786 bona
1475 4718 1626 4807 petenda
1643 4733 1745 4804 sunt,
1769 4721 1937 4794 salutaria
1963 4724 2129 4816 regimina,

126 4823 189 4916 qui
204 4818 297 4893 hanc
311 4819 517 4911 petitionem
533 4819 662 4890 nolunt
685 4815 909 4909 interpretari
934 4819 978 4886 de
1004 4819 1108 4886 rebus
1159 4842 1244 4909 pax,
1268 4819 1400 4899 victus,
1429 4821 1520 4888 bona
1536 4820 1701 4890 valetudo
1722 4835 1756 4891 et
1773 4823 1841 4892 alia
1863 4825 1974 4901 bona.
2025 4825 2062 4896 ln
2082 4819 2128 4891 his
2178 4828 2181 4835 ’

124 4924 380 5016 corporalibus.
1158 4919 1331 4991 exercitiis
1347 4920 1406 4991 fiet
1421 4920 1582 4990 doctrina
1604 4924 1713 5011 magis
1735 4925 1938 5016 perspicua,
1965 4945 1999 5000 et
2014 4937 2125 4998 crescet

226 5025 375 5116 Semper
389 5035 507 5095 autem
523 5021 561 5091 in
578 5034 765 5112 conspectu
785 5019 857 5091 sint
872 5016 937 5089 hae
952 5034 1107 5113 quatuor
1158 5022 1262 5107 fides,
1304 5047 1394 5116 quae
1421 5024 1622 5111 experietur
1652 5019 1743 5095 hanc
1772 5027 2038 5100 invocationem
2063 5048 2125 5097 non

124 5148 265 5208 causae,
298 5141 443 5219 propter
458 5148 545 5218 quas
560 5121 657 5192 Deus
673 5134 707 5191 et
730 5123 878 5192 tradidit
899 5123 1104 5210 promissio·
1156 5146 1230 5192 esse
1254 5125 1403 5195 irritam.
1462 5124 1623 5195 Sciamus
1645 5127 1751 5196 etiam
1776 5124 1895 5199 Deum
1927 5127 2014 5202 haec
2042 5151 2127 5200 exer-

123 5250 186 5296 nes
200 5227 418 5317 corporales,
441 5239 476 5297 et
493 5225 569 5294 vult
586 5216 734 5294 ea'bona
753 5224 835 5314 peti.
894 5222 1014 5293 Prima
1039 5238 1103 5310 est,
1154 5225 1236 5296 citia
1258 5227 1456 5317 postulare,
1503 5241 1537 5298 et
1558 5222 1651 5298 banc
1674 5229 1936 5302 invocationem
1964 5257 2037 5304 esse
2063 5230 2128 5301 cul·

104 5326 219 5429 .Quia
235 5327 311 5399 vult
325 5328 474 5418 intelligi
492 5321 576 5399 haec
592 5327 685 5398 bona
699 5346 772 5395 non
788 5325 904 5416 spargi
928 5349 1007 5397 casu
1024 5326 1101 5398 sine
1152 5341 1226 5400 tum
1243 5325 1319 5397 Deo
1343 5328 1538 5422 placentem
1560 5330 1599 5399 in
1621 5330 1859 5406 credentibus.
1901 5332 2004 5408 Sicut
2026 5330 2128 5428 inquit
