4522 5782
88 206 107 282 l
404 194 509 286 ΧΠ.
559 198 860 289 annuntiato
886 202 937 278 IN
961 195 1149 278 EVANG.
1175 193 1392 273 tosttttts.
1440 196 1546 276 CAP.
1573 203 1673 285 XlV.
1990 224 2067 295 διο

88 382 229 457 :trinam
259 378 299 447 in
329 376 680 469 magnis-doloribus
702 378 916 469 experientia
936 377 1022 453 tacit
1073 363 1220 454 habeat,
1251 371 1489 442 dubitandum
1510 394 1585 444 esse
1608 377 1654 449 de
1676 380 1775 473 Deo,
1810 408 1876 458 nec
1898 387 2065 484 intelligit

88 486 273 556 atriorem.
296 520 302 529 ,
838 506 845 515 ·
929 522 932 531 .
1071 472 1260 563 gratuitam
1277 473 1565 564 promissionem,
1586 482 1829 558 neebcneficia
1847 485 2003 580 Christi,
2022 520 2063 568 ac

129 583 180 658 Et
197 583 326 655 clarius
344 582 593 653 describuntur
606 582 710 664 dona,
727 604 807 651 cum
824 597 924 653 vocat
939 607 1019 653 enen
1071 587 1191 664 manet
1206 575 1245 642 in
1265 568 1331 644 hac
1353 576 1598 664 dubitatione,
1620 604 1694 653 non
1715 587 1870 663 admittit
1884 592 2060 687 Spiritum

88 691 205 760 primm
224 684 399 768 veritatis,
425 686 460 753 iat
478 699 549 767 est,
575 706 753 786 veracem,
781 700 814 754 et
833 708 950 752 veram
963 708 1018 754 aa.
1049 689 1253 761 sanctum,
1279 677 1350 745 imo
1367 678 1538 768 paulatim
1555 681 1594 749 in
1615 706 1656 753 eo
1681 690 1844 760 tenebrae
1867 709 1901 765 et
1920 698 2060 769 iurorcs

88 792 219 873 uuam,
245 786 629 870 neveramiugficfm
663 797 699 854 gg
720 785 828 855 vitam
855 787 893 854 in
916 788 1019 868 nobis
1070 791 1242 851 crescunt.
1293 776 1465 848 'l'enenda
1480 795 1532 853 est
1548 797 1665 854 autem
1690 783 1775 860 baec
1796 798 1968 869 sententia
1994 803 2059 870 ad-

88 895 247 965 sientem.
300 882 1019 979 NemeumaudimusEvangelium,ipse
1071 903 1190 950 versus
1216 878 1443 968 Pelagianos,
1488 884 1550 975 qui
1582 885 1758 961 finxerunt
1790 888 1952 968 homines
1980 901 2057 972 sine
2109 876 2113 883 ,

88 1006 146 1066 set
170 1004 325 1075 mantes,
356 1004 396 1059 ut
420 988 674 1073 assentiantur,
709 1001 745 1075 et
770 990 1019 1078 cogitationem
1070 980 1209 1073 Spiritu
1233 995 1371 1063 sancto,
1410 983 1517 1052 bonis
1537 988 1704 1077 operibus
1727 999 1856 1066 mereri
1878 1000 2057 1074 remissio-

88 1099 133 1184 it‚
161 1110 198 1167 et
210 1093 376 1176 adiuvat,
409 1092 627 1172 neaberret,
662 1092 722 1158 sed
740 1105 1018 1162 veramaanten.
1069 1106 1151 1153 nem
1176 1096 1415 1174 peccatorum,
1449 1099 1483 1156 et
1506 1087 1616 1176 legem
1639 1091 1709 1161 Dei
1731 1097 1845 1168 facere
1868 1126 1987 1193 posse,
2022 1118 2058 1177 et

135 1194 328 1284 Evangelii
350 1193 486 1273 videat,
525 1207 559 1264 eg
588 1193 625 1262 in
648 1193 831 1263 voluntate
858 1194 1019 1263 flammas
1069 1179 1125 1253 his
1140 1185 1306 1275 operibus
1322 1209 1438 1255 coram
1459 1187 1535 1258 Deo
1553 1190 1662 1263 iustos
1677 1219 1759 1268 esse.
1813 1198 1910 1275 Haec
1932 1207 2056 1297 opinio

88 1302 192 1371 ”qum
212 1300 382 1367 Virunum
398 1297 583 1379 nuscum,
610 1290 674 1364 hg,
689 1296 768 1363 luce
790 1309 823 1364 aa
846 1291 901 1364 hta
916 1297 1017 1365 flam.
1068 1285 1183 1356 affinis
1203 1299 1253 1356 est
1276 1282 1540 1379 philosophiae,
1572 1315 1612 1362 ac
1627 1292 1899 1374 Pharisaeorum
1924 1309 2058 1379 doctri-

88 1423 281 1483 .aecensa,
320 1399 405 1466 fides
430 1421 503 1467 non
525 1399 664 1468 aberrat
688 1394 820 1479 aDeo,
853 1401 914 1466 sed
938 1422 1017 1466 vere
1068 1412 1153 1473 nae,
1180 1389 1332 1471 etmulti
1347 1385 1519 1459 Monochi
1536 1417 1612 1463 eam
1634 1400 1784 1488 amplexi
1806 1407 1972 1494 luerunt,
1997 1411 2056 1481 ni-

88 1518 188 1589 um,
225 1501 376 1573 “affert
399 1499 499 1568 5⁰55,
522 1501 614 1571 vitae
634 1511 814 1588 aeternas,
847 1498 936 1570 siem
961 1499 1014 1567 in.
1069 1490 1181 1558 mium
1197 1491 1448 1580 amplificantes
1465 1493 1615 1565 liberum
1630 1500 1885 1591 arbitrium,et
1899 1511 2055 1581 obruen-

88 1600 301 1679 [Cha-istus:
324 1599 422 1671 Haec
436 1613 486 1669 est
501 1600 571 1670 vita
587 1615 748 1681 aeterna,
773 1614 812 1670 ut
827 1613 1018 1689 agnoscant
1069 1604 1120 1661 tes
1135 1587 1323 1678 Evangelii
1339 1594 1537 1665 doctrinam
1551 1599 1595 1666 de
1609 1600 1787 1674 beneficiis
1802 1605 1945 1684 Christi.

88 1705 340 1791 'emnem'
359 1715 393 1771 et
408 1726 511 1794 quem
529 1701 657 1773 mqusfi
672 1725 795 1771 ,erum
811 1725 885 1771 ωδε
903 1701 1015 1771 tagum
1171 1688 1367 1762 Execrandi
1383 1711 1466 1766 sunt
1481 1711 1599 1767 autem
1615 1695 1654 1769 hi
1670 1703 1825 1789 furores,
1857 1734 1897 1787 ac
1911 1728 2054 1787 econtra

87 1812 222 1882 istum.
249 1804 395 1877 Retinet
411 1802 606 1896 etSpiritus
622 1819 762 1874 sanctus
778 1804 960 1874 veritatem
977 1805 1014 1871 in
1068 1795 1219 1865 “nenda
1243 1796 1401 1865 dOClllssa
1426 1797 1470 1866 de
1495 1801 1625 1887 &fillis
1662 1810 1759 1896 <1⁰⁰⁶
1784 1827 1927 1905 impler
1947 1804 2055 1888 Chii·

88 1911 246 1987 ‚jaser-in,
281 1931 327 1975 ne
352 1906 492 1996 penitus
512 1906 675 1976 doctrina
702 1906 944 1993 extinguatur,
978 1921 1017 1975 nt
1067 1897 1357 1965 stumdonentur
1378 1898 1482 1968 nobis
1502 1904 1662 1973 remissio
1685 1926 1906 1997 peccatorum
1929 1931 1963 1989 et
1987 1920 2055 1988 im·

88 2009 217 2105 ffiphaa,
235 2008 272 2083 4,
292 2010 440 2078 dicitnr:
464 2004 775 2103 Et-accenditeam
797 2007 835 2075 in
858 2006 1017 2103 singulo·
1068 1996 1204 2089 putatio
1224 1997 1394 2072 iustitiae.
1455 1995 1506 2069 Et
1526 2028 1728 2098 quanquam
1749 2013 1972 2106 disciplinam
1993 2045 2056 2091 ex-

88 2137 213 2185 svere
234 2111 454 2181 credentium
477 2110 655 2183 cordibus.
707 2108 784 2177 Hoc
809 2111 1015 2178 beneficium
1069 2115 1202 2169 tecuam
1221 2093 1499 2171 honestorumet
1520 2104 1680 2177 civilium
1703 2135 1850 2203 operum
1875 2132 2055 2214 utcunque
2169 2122 2176 2133 ’

88 2219 126 2288 ,te
140 2230 177 2287 et
192 2230 366 2309 qnantum
384 2212 445 2295 sit,
480 2211 600 2304 aliquo
625 2214 733 2279 modo
756 2211 911 2280 iudicare
936 2234 1017 2301 pos·
1069 2214 1243 2293 praestare
1260 2201 1450 2292 possimus,
1477 2216 1596 2276 tamen
1609 2209 1791 2283 sciendum
1810 2232 1860 2288 est
1882 2240 1948 2291 nos
1970 2246 2055 2314 pro·

88 2319 194 2412 tpii,
222 2317 280 2385 sed
296 2312 437 2383 collatio
459 2325 640 2405 utcunque
665 2313 828 2384 declarat.
882 2311 1017 2401 Quanti
1069 2304 1126 2372 cut
1143 2303 1527 2417 abesseaperfecttone
1543 2308 1645 2398 legis,
1679 2328 1713 2384 et
1735 2339 1799 2386 nec
1820 2343 1921 2410 posse
1939 2337 2056 2394 motus

88 2444 160 2495 ,m
176 2432 262 2489 sum
275 2416 489 2506 impiorum,
524 2437 613 2507 quo,
639 2415 802 2483 diabolus
825 2416 951 2505 agitat,
977 2427 1019 2482 ua
1049 2405 1254 2501 ,interiores
1271 2405 1341 2494 legi
1356 2403 1422 2475 Dei
1438 2410 1703 2500 convenientes,
1731 2418 1914 2508 timorem,
1939 2424 2056 2511 fidem,

109 2521 374 2612 amplectamur
395 2517 573 2608 aptansaas
598 2511 852 2605 blasphemias,
898 2530 933 2586 et
957 2540 1017 2608 cy·
1069 2507 1294 2575 dilectionem
1312 2502 1443 2579 habere
1457 2510 1534 2579 sine
1546 2508 1682 2603 Spiritu
1695 2534 1829 2605 sancto,
1845 2524 2056 2600 sieutl.Co-
2166 2546 2172 2561 ¹

88 2626 203 2697 sicum
234 2631 450 2691 contemtum
471 2616 557 2704 Dei,
599 2632 662 2689 aut
684 2619 817 2706 fingant
842 2618 908 2687 sibi
933 2617 1019 2708 ipsis
1069 2601 1231 2680 notha.
1255 2607 1403 2679 dicitur:
1437 2607 1752 2707 Homotpvgradr,
1785 2623 1822 2691 id
1847 2639 1916 2707 est,
1951 2642 2057 2699 natu-

88 2706 163 2798 ¹set
187 2723 286 2793 idola
310 2746 375 2792 suo
401 2720 561 2811 arbitrio.
619 2720 758 2791 Deinde
789 2719 1019 2788 modestiores
1069 2710 1136 2779 rali
1151 2709 1222 2779 vita
1237 2709 1379 2794 vivens,
1405 2734 1479 2781 non
1502 2717 1649 2806 percipit
1672 2742 1712 2791 es
1734 2747 1825 2814 quae
1843 2728 2057 2819 soutSpiri-

89 2821 292 2918 'mophim
309 2822 737 2916 quanqigqenebrfgsum
766 2822 827 2913 qui
849 2834 1018 2910 perpetuo
1071 2825 1126 2881 tus
1143 2809 1230 2896 Dei,
1255 2824 1408 2904 etsupra
1424 2838 1496 2903 cap.
1511 2809 1546 2883 6.
1569 2819 1704 2892 dictum
1719 2837 1790 2893 est:
1824 2825 1937 2898 Nemo
1959 2830 2057 2900 venit

88 2933 210 3012 strant,
253 2950 299 2995 an
324 2926 369 2994 sit
394 2924 629 3013 providentia.
690 2922 812 2991 Tertio
838 2918 1018 2991 Pharisaei
1070 2917 1114 2983 ad
1131 2936 1203 2996 me,
1225 2913 1295 2981 nisi
1313 2938 1417 3006 quem
1433 2927 1533 3005 pater
1548 2923 1706 2994 traxerit.
1744 2924 1826 2996 Non
1843 2930 1953 3000 simus
1967 2933 2062 3001 adeo

88 3030 184 3103 ‚md
218 3028 303 3115 1233,
335 3025 584 3116 opinionibus,
626 3037 658 3094 at
689 3027 921 3095 concedentes
947 3047 1018 3092 esse
1070 3014 1258 3110 cyclopici,
1292 3030 1330 3085 ut
1353 3015 1566 3087 arbitremur
1587 3014 1679 3092 haue
1697 3026 1861 3098 miseram
1888 3033 2005 3117 vitam·
2019 3033 2057 3101 in

88 3130 306 3211 videndam,
331 3140 371 3197 'et
390 3128 511 3217 puniri
528 3126 795 3218 delinquentes,
830 3140 948 3197 tamen
966 3126 1019 3193 vi·
1071 3118 1177 3188 tentis
1193 3116 1348 3187 tenebris
1362 3131 1396 3186 et
1410 3129 1505 3187 tauta
1519 3117 1757 3196 imbecillitate
1773 3131 1903 3200 virium
1920 3146 2059 3202 nostra·

88 3235 208 3305 mine
223 3228 318 3312 Deo¹
342 3252 417 3298 non
434 3232 565 3298 audem
582 3229 765 3312 invocare,
798 3252 862 3295 nec
885 3239 1018 3295 norunt
1070 3242 1149 3288 rum
1171 3217 1244 3305 regi
1269 3238 1368 3308 posse
1393 3216 1469 3286 sine
1491 3218 1629 3308 Spiritu
1652 3242 1783 3298 sancto.
1840 3231 1922 3302 Non
1943 3257 2058 3323 gesse·

88 3338 209 3407 ‚mogo
231 3330 467 3409 ,caedendum
492 3330 539 3401 ait
561 3331 606 3399 ad
628 3325 763 3413 Deum,
796 3329 854 3397 scd
878 3328 1020 3416 fugiunt
1071 3331 1222 3389 ruotrcs
1237 3330 1370 3403 tantas,
1390 3331 1425 3388 et
1440 3332 1511 3391 tarn
1526 3323 1695 3395 salutares
1711 3329 1749 3397 in
1772 3332 1843 3403 suis
1864 3335 2059 3406 functioni-

88 3462 157 3511 arn,
210 3429 349 3502 Omnes
364 3424 405 3500 hi
425 3429 718 3513 tetraimendacia
742 3445 776 3499 et
802 3429 1021 3520 perniciosos
1071 3418 1245 3504 bu⁸N⁰es
1270 3415 1472 3499 Abffllh'lm‘
1499 3420 1644 3516 ¹⁰⁸⁸l'll2
1665 3426 1803 3517 M⁰⁵⁰⁸s
1838 3433 1959 3521 ¹⁰⁸¹¹⁰s
1992 3438 2060 3509 ὅθ·

88 3563 164 3611 m,
197 3538 242 3604 de
266 3533 342 3604 Deo
368 3555 485 3602 ascum
508 3534 780 3612 circumferunt,
815 3533 874 3600 sed
897 3531 1018 3618 agnito
1072 3521 1185 3602 muel,
1230 3519 1368 3607 David,
1401 3518 1525 3594 Esaias
1547 3528 1684 3614 etalii,
1715 3547 1862 3607 naturae
1883 3534 2060 3610 humanae
2113 3564 2116 3569 “

88 3640 224 3733 mgefio
258 3637 404 3727 ,pitiana
441 3639 697 3718 retardatur,
747 3635 925 3720 corrigens
958 3631 1018 3699 illa
1072 3624 1208 3694 viribus
1225 3625 1300 3692 siue
1314 3621 1452 3714 Spiritu
1465 3640 1597 3699 sarscto.
1650 3629 1721 3702 Sed
1742 3656 1972 3727 agnoscamus
1992 3666 2060 3711 no·

88 3746 222 3829 mm,
234 3753 270 3812 et
285 3738 480 3807 accendens
496 3761 612 3806 „mm
628 3731 1020 3817 1¹,oem‚gtffltagl⁰an.
1072 3741 1177 3795 stram
1193 3725 1487 3812 imbecillitatem,
1516 3741 1552 3798 et
1573 3733 1757 3807 audiamus
1778 3742 1938 3825 promitti
1957 3745 2059 3814 auxi·

100 3849 140 3917 in
156 3839 400 3937 Epistolaait:
433 3836 564 3909 Unctio
579 3861 641 3908 vos
656 3839 759 3907 docet
778 3837 822 3905 de
843 3837 1019 3918 omnibus,
1070 3828 1180 3911 lium,
1215 3840 1249 3898 et
1263 3827 1299 3895 id
1316 3840 1493 3917 petamus,
1523 3844 1557 3903 et
1580 3827 1646 3904 hac
1669 3840 1908 3912 consolatione
1932 3867 1998 3914 nos
2019 3845 2059 3915 in

88 3961 248 4030 'mest’
281 3957 316 4012 eq
337 3964 412 4009 non
433 3952 485 4008 m
509 3940 753 4030 mendatium,
787 3950 822 4008 ,ι
843 3937 933 4008 ,icus
953 3938 1018 4006 (ιο.
1071 3929 1687 4023 omnibuspericulissustentemus,
1721 3944 1817 4032 quod
1840 3944 1930 4014 adsit
1953 3945 2079 4016 nobist

88 4065 197 4135 ms,
224 4043 482 4117 mmmm
647 4036 650 4041 ’
944 4074 947 4079 -
1070 4030 1223 4122 Spiritus
1239 4044 1379 4101 sanctus
1392 4033 1609 4121 gubernator
1621 4050 1656 4106 et
1671 4041 1831 4127 adiutor,
1852 4042 2058 4116 sicutChri-

1069 4147 1143 4202 stus
1157 4147 1191 4201 et
1207 4133 1292 4201 alibi
1310 4134 1501 4223 promittit:
1535 4134 1679 4223 Quanto
1696 4144 1806 4231 magis
1823 4159 1922 4234 pater
1944 4162 2058 4218 vestet
2186 4136 2190 4141 ⁵

150 4213 272 4316 Quem
297 4208 458 4325 mundus
480 4235 553 4281 7¹⁰⁸
578 4219 693 4310 POlCSl
719 4206 890 4305 accipin·
1069 4233 1227 4304 coelestis
1244 4234 1343 4304 dabit
1363 4233 1537 4325 Spiritum
1551 4252 1711 4310 sanctum
1728 4248 1939 4332 petentibus.
1977 4245 2057 4320 Ob-

126 4353 312 4425 Mundum
327 4361 427 4420 vocat
445 4370 568 4419 omnes
592 4341 754 4415 homines
777 4368 852 4413 non
876 4355 1015 4412 renatos
1067 4358 1166 4404 serva
1185 4349 1300 4405 autem
1318 4337 1447 4407 diserte
1461 4337 1550 4427 dici,
1578 4343 1797 4430 petentibus,
1823 4372 1895 4418 non
1914 4350 2055 4436 dicitur,
2098 4346 2103 4357 ’

88 4457 165 4528 ritu
188 4469 329 4539 sancto,
363 4453 423 4521 sed
447 4451 492 4517 de
513 4445 590 4516 Deo
612 4447 819 4529 sentientes,
849 4459 890 4515 ut
911 4443 1015 4513 sentit
1065 4433 1251 4528 Epicureis
1267 4441 1642 4512 contemnentibusaut
1655 4437 1847 4536 hypocritis
1856 4475 2057 4541 repugnan-

88 4584 112 4629 a
128 4570 295 4647 corrupta
310 4566 455 4631 natura,
491 4563 526 4618 et
541 4551 579 4616 in
602 4548 673 4617 vita
694 4560 878 4639 sequentes
899 4559 1015 4615 motus
1066 4540 1162 4610 tibus
1174 4539 1372 4626 Evangelio
1381 4553 1399 4624 ,¹
1423 4541 1483 4609 sed
1501 4543 1785 4632 confugientibus
1805 4552 1849 4620 ad
1873 4549 2055 4624 Christum

88 4664 134 4732 [us
152 4673 338 4746 corruptae
356 4668 511 4725 naturae.
545 4649 664 4734 Tales,
682 4648 820 4741 inquit,
843 4670 918 4716 non
933 4669 1015 4736 pos·
1067 4666 1130 4733 per
1146 4640 1418 4733 poenitentiam,
1444 4654 1478 4711 et
1491 4642 1582 4713 serio
1600 4649 1799 4734 petentibus
1813 4653 2055 4724 „emissionem

88 4776 263 4834 resumere
279 4757 451 4848 Spiritum
470 4765 649 4836 sanctum,
679 4774 744 4818 nee
767 4762 899 4818 norunt
921 4770 1014 4828 eum,
1066 4756 1287 4834 peccatorum
1303 4754 1337 4811 et
1352 4741 1526 4832 Spiritum
1539 4756 1715 4822 sanctum.

92 4877 166 4949 est,
200 4864 316 4931 donec
344 4867 571 4948 perseverant
591 4853 631 4921 in
654 4849 885 4943 opinionibus
908 4862 941 4920 et
961 4849 1014 4916 af·
1166 4842 1330 4913 Ieremias
1344 4844 1463 4936 inquit
1478 4869 1553 4940 esp.
1575 4847 1653 4920 10.:
1687 4850 2055 4951 Sciodomine‚quod

88 4968 173 5038 ibus
190 4974 377 5052 corruptae
398 4971 562 5039 naturae,
594 4978 670 5024 non
690 4952 884 5023 admittunt
899 4948 1015 5040 Spiri-
1066 4967 1141 5013 non
1154 4940 1376 5015 est-hominis
1392 4947 1449 5016 via
1472 4947 1564 5035 eius,
1596 4950 1634 5019 io
1657 4965 1728 5040 est,
1763 4956 1801 5024 in
1821 4971 1917 5028 tants
1941 4960 2055 5029 imbe-

88 5096 97 5139 ι
115 5079 295 5149 sanctum,
313 5063 371 5132 sed
390 5057 647 5150 repugnant-ei,
661 5048 873 5144 utGaipbas,
891 5054 1015 5123 etiam·
1066 5045 1210 5117 cillitate
1227 5061 1372 5118 naturae
1387 5043 1594 5131 bominum,
1620 5065 1655 5123 et
1670 5056 1777 5126 tantis
1801 5060 1966 5149 periculis
1987 5085 2056 5131 no-

88 5171 171 5242 udit
184 5163 388 5248 Christum,
409 5177 526 5232 tamen
542 5158 625 5251 quia
640 5156 769 5226 retinet
787 5178 868 5225 suas
891 5152 1015 5240 imagi·
1066 5147 1168 5232 stris,
1199 5148 1238 5217 iu
1254 5162 1350 5220 touta
1366 5150 1573 5223 difficultate
1591 5176 1709 5226 rerum
1733 5162 1983 5249 gerendarum,
2017 5165 2056 5234 in

88 5274 207 5354 iones,
231 5268 347 5339 Deum
363 5265 517 5354 recipere
539 5256 701 5329 homines
723 5269 869 5347 propter
890 5255 1016 5344 legem,
1065 5250 1174 5323 tantis
1205 5249 1527 5347 insidiis'diaboli,
1563 5249 1739 5328 humanae
1761 5261 1853 5331 vires
1875 5286 1949 5333 non
1974 5288 2056 5357 pos.

88 5376 155 5474 quia
170 5392 280 5442 nemo
298 5368 379 5457 scit,
406 5365 549 5461 quando
566 5363 650 5434 satis
668 5361 847 5432 bonorum
867 5380 1016 5450 operum
1066 5351 1238 5426 suntsioe
1252 5350 1390 5445 Spiritu
1410 5366 1531 5427 sancto
1555 5377 1676 5445 regere
1697 5363 1899 5436 vocationes
1921 5377 1956 5437 ct
1976 5389 2055 5437 mo·

1593 5453 1682 5533 20!
