4522 5782
100 206 181 291 006
258 206 390 325 hill.
438 208 474 281 8.
499 200 801 285 maantam
825 202 984 288 EPIST.
1007 206 1158 286 PAULI
1183 204 1253 281 AD
1277 202 1543 286 ROMANOS.
1595 206 2001 297 anonumum·
2059 222 2137 299 ⁸06

100 380 218 453 Erant
241 381 367 465 etiam,
388 405 469 453 cum
485 382 590 452 fidem
614 380 821 471 intelligunt
837 393 976 453 tantum
998 381 1095 452 noti-

102 486 196 553 ciam
214 478 402 570 historiae,
421 497 457 557 et
473 485 599 555 iubent
618 479 781 553 homines
794 506 935 575 semper
951 507 1094 553 manere

102 586 144 655 in
170 586 413 667 dubitatione,
460 587 543 679 qnia
581 584 714 655 Paulus
750 586 935 656 manifeste
964 586 1094 679 inquit,

101 682 262 779 Oportet
279 686 546 778 promissionem
567 687 638 756 fide
653 686 775 777 accipi.
826 686 1005 781 Loquitur
1027 689 1092 777 igi-

99 802 164 861 tur
178 792 223 859 de
239 790 325 876 lide,
345 813 413 883 qua
430 802 466 860 et
482 805 636 860 caeteros
651 786 820 859 articulos
848 789 937 858 fidei
959 789 1093 880 ample-

101 893 256 977 ctimur,
282 904 315 963 et
336 893 547 963 assentimur
564 890 812 983 promissioni,
838 904 872 960 et
892 892 1091 977 statuimus,

98 992 318 1091 promissum
332 992 541 1064 beneficium
562 990 703 1062 nobis
717 987 896 1073 exbiberi,
923 1017 1002 1063 cum
1022 1018 1091 1088 qna

98 1096 172 1166 lide
195 1109 248 1167 est
273 1094 401 1166 fiducia
425 1096 650 1188 acquiescens
674 1096 713 1165 in
738 1094 983 1165 misericordia
1006 1120 1092 1186 pro·

98 1197 210 1267 missa
224 1209 369 1291 propter
384 1196 516 1284 hlium,
542 1221 604 1268 seu
627 1197 854 1291 acquiescens
869 1196 908 1265 in
924 1197 1016 1280 tilio,
1033 1222 1091 1268 ac-

100 1302 232 1370 cedens
252 1302 297 1371 ad
315 1296 448 1391 Deum,
476 1298 646 1370 invocans
670 1314 704 1369 et
719 1298 874 1368 clamans
895 1300 999 1370 Abba
1021 1298 1089 1370 Ps-

100 1413 156 1474 ter
178 1414 246 1479 etc.
306 1398 417 1485 Item,
449 1402 513 1496 qui
539 1416 658 1472 manet
679 1402 715 1471 in
742 1400 983 1487 dubitatione,
1015 1425 1089 1471 non

98 1492 225 1597 statuit
248 1500 318 1573 sibi
333 1504 562 1573 mediatorem
581 1527 655 1574 esse
670 1503 783 1572 hlium
801 1503 883 1573 Dei.
925 1500 1007 1575 Non
1024 1504 1091 1595 ipi-

98 1618 160 1676 tur
173 1604 303 1677 tribuit
319 1606 351 1674 ei
367 1606 527 1676 debitum
544 1600 729 1675 honorem.

203 1706 276 1781 Sed
298 1708 415 1799 aiteraf
428 1708 587 1802 quaestio
611 1703 671 1777 hic
697 1704 869 1796 agitatur,
902 1718 1088 1800 postquam

96 1804 210 1881 homo
230 1832 422 1883 conversus
437 1826 507 1894 est,
532 1822 566 1879 et
587 1807 658 1877 iam
673 1832 816 1879 accensa
839 1823 891 1881 est
908 1811 945 1879 in
965 1833 1008 1878 eo
1023 1831 1087 1876 no·

96 1912 192 1983 vitas
212 1911 426 2005 spiritualis,
451 1935 531 1996 seu,
559 1924 598 1981 ut
619 1910 679 1979 alii
694 1910 911 2005 loquuntur,
936 1910 1090 1994 dilectio,

97 2014 224 2084 dicunt
254 2037 335 2084 eum
359 2015 490 2085 iustum
518 2036 592 2084 csse
620 2026 701 2104 post
729 2014 995 2085 conversionem
1023 2006 1089 2080 hac

95 2116 259 2186 novitate
281 2140 343 2185 seu
363 2115 573 2201 dilectione,
604 2114 641 2184 id
673 2128 742 2200 est,
775 2108 962 2207 personam
992 2138 1090 2184 acce-

96 2232 198 2310 ptam
213 2240 288 2287 esse
302 2216 380 2289 Deo
396 2236 429 2287 et
451 2212 636 2287 haeredem
657 2218 749 2287 vitae
765 2233 928 2289 aeternae
944 2233 1089 2309 propter

95 2319 347 2404 dilectionem,
381 2334 414 2389 et
430 2315 516 2389 haec
532 2319 760 2391 cumularunt
781 2334 883 2391 antea
911 2314 1088 2400 monachi,

95 2423 267 2493 dixerunt
289 2417 382 2493 hauc
409 2423 602 2491 novitatem
628 2445 702 2491 esse
722 2423 887 2492 meritum
912 2422 1005 2492 vitae
1028 2445 1088 2490 ae·

94 2536 218 2596 ternae
240 2525 285 2594 de
297 2525 492 2614 condigno,
513 2524 549 2593 id
567 2536 639 2611 est,
656 2525 808 2612 pretium
833 2524 1087 2616 propterquod

95 2626 270 2697 debeatur
286 2626 358 2697 vita
374 2640 532 2708 aeterna,
553 2640 585 2694 et
602 2627 830 2696 declamitant
848 2651 921 2696 noo
939 2650 1011 2696 esse
1030 2650 1088 2694 ex-

94 2730 318 2799 tenuandum
342 2729 476 2797 donum
504 2728 568 2798 Dei
592 2727 631 2796 in
663 2729 861 2812 conversis,
896 2752 976 2797 cum
1008 2727 1088 2797 ideo

94 2830 156 2901 list
182 2829 385 2912 conversio,
416 2843 457 2899 ut
477 2824 587 2898 homo
609 2851 650 2899 est
672 2829 805 2899 iniusto
821 2832 881 2900 fiat
897 2831 1028 2910 iustus,
1055 2842 1090 2898 et

96 2954 178 3001 eum
202 2932 348 3002 dilectio
370 2932 415 3001 sit
436 2932 594 3011 iusticia,
628 2933 870 3000 vociferantur
895 2933 1087 3001 absurdum

96 3055 171 3104 esse
203 3056 333 3122 negare
355 3028 538 3103 lmminem
570 3049 714 3123 propter
748 3058 825 3101 eam
847 3034 980 3103 instram
1003 3055 1088 3117 esse,

95 3158 178 3207 euru
202 3149 322 3207 tamen
345 3148 491 3227 propter
510 3134 713 3204 albedinem
738 3135 853 3224 paries
876 3136 1016 3205 dicatur
1035 3134 1087 3201 al·

95 3238 185 3321 bos,
211 3251 246 3308 et
266 3233 336 3307 huc
358 3238 628 3306 accommodant
648 3236 759 3306 multa
786 3236 890 3307 dicta.
941 3234 1016 3324 Qui
1033 3237 1087 3306 la-

95 3340 146 3411 cit
160 3340 340 3411 iusticiam
359 3341 473 3409 iustus
497 3353 560 3414 est.
609 3340 714 3409 Item:
736 3338 819 3407 Non
842 3339 1022 3408 auditores
1038 3339 1087 3407 le-

96 3442 168 3529 pis,
199 3444 262 3511 secl
286 3442 435 3512 factores
464 3441 545 3510 iusti
569 3454 664 3510 sunt.
722 3440 831 3511 Item:
865 3439 938 3530 Qui
959 3440 1088 3534 spiritu

95 3540 164 3615 Dei
180 3557 354 3633 ageantur,
367 3539 406 3611 hi
429 3557 514 3614 stant
530 3543 595 3613 filit
612 3543 680 3613 Dei
692 3595 701 3624 ,
715 3557 779 3611 etc.

200 3644 293 3716 Cum
313 3658 431 3715 autem
447 3668 586 3714 necesse
603 3645 649 3714 sit
666 3645 779 3714 teneri
801 3643 1001 3734 simplicem
1025 3666 1085 3711 ve·

94 3749 240 3819 ritatem
256 3745 464 3836 Evangelii,
486 3762 520 3818 et
542 3746 729 3816 mediatori
746 3770 884 3834 semper
898 3745 1009 3814 tribui
1022 3748 1085 3815 de·

94 3853 212 3921 bitum
238 3845 432 3933 honorem,
466 3863 500 3918 et
521 3848 667 3917 retineri
689 3848 926 3917 conscientiae
948 3847 1084 3915 firmam

94 3952 398 4034 consulationem,
421 3964 455 4021 et
478 3964 570 4019 recte
589 3949 781 4039 gubernari
795 3952 901 4018 corda
927 3948 963 4017 in
985 3949 1085 4016 omni

96 4054 342 4136 invocatione,
366 4052 519 4123 docendi
542 4065 625 4122 sunt
640 4052 820 4129 curaversi,
846 4052 1026 4143 quomodo
1042 4053 1087 4118 de

95 4157 237 4227 iusticia
252 4154 333 4223 fidei
348 4156 452 4224 etiam
472 4168 550 4246 post
567 4154 835 4223 conversionem
860 4152 1086 4221 sentiendum

96 4259 153 4331 sit·
196 4256 289 4326 Vera
304 4258 464 4327 doctriua
482 4274 533 4326 est
551 4269 586 4325 et
602 4270 790 4346 perpetuus
808 4250 983 4323 Ecclesiae
998 4278 1086 4323 con·

96 4384 221 4431 seusus
235 4382 298 4450 per
312 4353 505 4445 Prophetas
522 4373 557 4428 et
570 4358 762 4449 Apostolos
784 4356 955 4438 traditus,
980 4356 1086 4425 etiam

95 4478 174 4556 post
188 4462 456 4531 conversionem
479 4462 703 4529 statuendum
731 4481 824 4540 esse,
865 4458 991 4527 iustam
1013 4480 1087 4525 esse

95 4588 306 4655 personam,
332 4563 367 4632 id
393 4576 461 4645 est,
487 4576 662 4652 acceptam
682 4556 759 4628 Deo
783 4563 825 4628 ael
849 4562 957 4630 vitam
973 4575 1086 4629 aeter-

95 4691 199 4750 nam,
225 4681 370 4756 propter
394 4665 644 4752 mediatorem,
686 4662 868 4744 solante,
893 4686 958 4755 per
981 4663 1086 4729 mise·

95 4768 310 4849 ricoreliam,
336 4790 407 4834 non
427 4779 571 4857 propter
592 4763 770 4855 propriam
789 4764 995 4852 (lignitatem
1014 4764 1085 4831 vir-

95 4884 237 4952 tutum,
264 4870 474 4961 qualitatum
491 4880 551 4936 ant
567 4888 714 4955 operum
731 4877 797 4936 etr.

199 4969 279 5043 Etsi
302 4971 397 5039 enim
411 4982 495 5039 sunt
518 4969 678 5037 incoatae
702 4967 871 5052 virtutes,
897 4979 1014 5036 tamen
1038 4966 1084 5033 si·

94 5074 172 5145 mul
196 5068 317 5142 adhuc
347 5073 479 5142 multae
507 5072 628 5139 sordes
657 5065 802 5137 haerent
836 5069 875 5137 in
903 5089 1088 5150 converso,

95 5202 160 5247 nec
184 5171 361 5245 tilinsDei
379 5186 497 5263 postea
512 5171 643 5242 desinit
668 5192 740 5238 csse
766 5172 950 5241 mediator.
1003 5166 1087 5237 {dee

95 5277 328 5353 statuendum
350 5288 422 5360 est,
446 5275 517 5344 fide
540 5297 607 5342 nos
629 5285 774 5363 propter
796 5271 913 5361 ipsnm
941 5271 1088 5362 placere,

93 5404 171 5451 non
193 5395 341 5473 propter
364 5390 521 5448 nostram
547 5375 776 5467 dignitatem:
808 5394 947 5467 semper
969 5386 1089 5444 manet

1146 378 1321 451 mediator
1341 380 1439 452 vebat
1459 382 1727 466 umbraculum,
1752 388 1966 481 amplectens
1986 415 2072 474 nos,
2097 408 2133 467 et

1147 495 1268 569 tegens
1290 498 1427 552 nostras
1451 486 1591 572 sordes,
1615 503 1648 557 et
1665 503 1808 579 propter
1822 491 1937 582 ipsum
1952 516 2019 563 nos
2034 508 2130 569 certo

1146 584 1275 671 recipit
1287 598 1451 653 aeternus
1469 599 1576 681 pater,
1629 584 1709 660 Huc
1723 592 1901 681 pertinent
1917 590 2002 665 haec
2015 596 2128 671 dicta:

1146 682 1226 754 Non
1245 683 1493 756 iustificabitur
1507 689 1544 757 in
1559 704 1750 780 conspectu
1772 706 1834 763 tuo
1852 696 1969 765 omnis
1994 698 2129 769 viveus.

1146 782 1254 872 item,
1272 789 1305 861 1.
1323 782 1398 859 lob.
1418 793 1470 861 l.:
1498 790 1536 861 Si
1554 791 1724 875 dicimus,
1749 797 1843 888 quod
1859 814 2039 888 peccatum
2055 824 2129 871 non

1144 882 1337 974 habemus,
1377 914 1442 959 nos
1471 890 1565 978 ipsos
1585 894 1782 985 decipimus
1805 910 1872 969 etc.
1928 898 1985 977 Et.
2007 905 2038 974 1.
2056 902 2127 973 Co-

1144 986 1255 1060 rinth.
1272 990 1329 1062 4.:
1349 988 1409 1061 Nil
1428 988 1515 1061 milri
1532 995 1694 1066 conscius
1719 1018 1816 1084 surn,
1843 1000 1955 1071 sedin
1971 997 2128 1074 hocnon

1143 1092 1355 1181 iustificatos,
1369 1116 1458 1163 sum
1508 1092 1556 1169 Et
1571 1093 1686 1173 Exod.
1709 1096 1789 1174 db:
1816 1096 1943 1173 Coram
1967 1117 2002 1177 te
2022 1104 2129 1179 inno·
2235 1110 2240 1121 ’

1144 1217 1226 1263 cens
1248 1218 1323 1263 non
1346 1210 1396 1265 est
1421 1197 1603 1271 innocens.
1663 1198 1751 1273 ltem
1770 1202 1803 1277 1.
1819 1198 1955 1277 Corint.
1974 1209 2024 1279 1.:
2053 1206 2128 1297 Qui

1143 1295 1335 1387 gloriatur,
1362 1297 1399 1365 in
1414 1294 1570 1371 Domino
1589 1300 1774 1392 glorietur.

1242 1396 1389 1489 Semper
1413 1399 1522 1489 igitur
1545 1429 1626 1474 vera
1651 1419 1702 1474 est
1726 1398 1814 1477 haec
1835 1406 2048 1499 propositio:
2083 1406 2127 1480 In

1143 1500 1373 1569 conversione
1390 1515 1423 1572 et
1444 1519 1519 1592 post
1539 1507 1807 1575 conversionem
1830 1508 1868 1577 io
1886 1502 1954 1580 hac
1968 1510 2041 1581 vita
2057 1511 2128 1583 hde

1143 1617 1288 1694 propter
1309 1602 1422 1671 filium
1443 1603 1510 1676 Dei
1533 1630 1681 1695 persona
1706 1622 1756 1679 est
1779 1608 1889 1692 iusta,
1911 1611 1949 1681 id
1973 1625 2044 1697 est,
2067 1637 2127 1685 ao-

1142 1718 1242 1797 cepta
1268 1704 1347 1774 Deo
1374 1728 1436 1795 per
1460 1704 1760 1795 misericordiam,
1786 1735 1860 1781 non
1883 1727 2029 1805 propter
2043 1739 2127 1807 pru·

1143 1806 1255 1896 priam
1280 1806 1512 1900 dignitatem,
1542 1810 1615 1880 sola
1639 1812 1723 1883 fide.
1780 1808 1828 1886 Et
1850 1828 1968 1887 tamen
1984 1829 2128 1891 aeterna

1142 1921 1176 1977 ct
1198 1907 1345 1979 immota
1367 1910 1496 1979 veritas
1516 1926 1584 1994 est,
1618 1917 1713 2007 quod
1733 1929 1874 2005 oportet
1894 1916 1932 1986 in
1954 1942 2126 1991 converso

1140 2009 1317 2079 incoatam
1334 2034 1410 2081 esse
1427 2011 1672 2097 dilectionem,
1693 2029 1727 2087 et
1742 2016 1779 2085 in
1796 2017 1979 2092 voluntate
1991 2021 2127 2094 bonum

1141 2110 1362 2203 propositum
1379 2135 1469 2194 esse,
1488 2129 1523 2185 et
1538 2140 1650 2185 novae
1662 2117 1885 2190 obedientiae
1898 2120 2022 2215 initia,
2044 2124 2127 2195 iux·

1142 2227 1176 2284 ta
1202 2213 1311 2284 illud:
1345 2210 1419 2304 Qui
1443 2241 1515 2285 raon
1539 2217 1675 2306 diligit,
1697 2236 1817 2293 manet
1841 2222 1880 2291 in
1901 2237 2026 2299 morte.
2077 2220 2126 2297 Et

1141 2329 1259 2386 tamen
1274 2341 1380 2407 supra
1398 2312 1618 2389 haecomnia
1633 2320 1861 2393 collocandus
1877 2338 1928 2395 est
1943 2325 2127 2414 mediator,

1142 2410 1239 2487 huuc
1254 2417 1323 2487 tide
1338 2414 1556 2511 apprehendi
1573 2437 1729 2512 oportet,
1755 2439 1791 2496 et
1815 2421 1901 2497 haec
1917 2426 2002 2498 fides
2023 2414 2125 2521 prae·

1142 2521 1256 2591 luceat
1271 2518 1307 2589 iu
1326 2522 1426 2591 omui
1442 2522 1677 2595 invocatione.

1243 2619 1392 2714 Semper
1420 2638 1536 2694 autem
1567 2627 1740 2716 obstrepit
1775 2627 1956 2701 invocanti
1981 2632 2125 2725 propria

1140 2720 1349 2811 indignitas:
1377 2721 1473 2815 Quid
1490 2726 1598 2825 petis,
1619 2729 1707 2822 quid
1724 2743 1883 2825 expectas
1898 2756 1917 2802 a
1932 2730 2020 2820 Deo,
2043 2759 2125 2806 cum

1140 2825 1187 2893 sis
1204 2825 1393 2914 indignus,
1420 2830 1565 2899 meritus
1579 2854 1748 2920 poenam,
1774 2847 1809 2903 et
1830 2829 1947 2904 adhuc
1971 2837 2125 2907 circum-

1141 2926 1231 2995 feras
1248 2939 1360 2995 tecum
1378 2928 1529 2997 natslturn
1554 2933 1740 3003 sordium?
1790 2932 1922 3007 Contra
1947 2933 2039 3009 hatte
2064 2956 2124 3010 co'-

1140 3028 1345 3117 gitationem
1368 3030 1528 3121 quotidie
1552 3028 1636 3103 lraec
1657 3035 1819 3105 doctrina
1848 3045 2039 3110 exercenda
2060 3058 2125 3127 est,

1140 3129 1228 3199 scias
1242 3156 1361 3199 vocem
1372 3127 1564 3221 'Evangelii
1581 3148 1759 3206 aeternam
1783 3153 1817 3209 et
1839 3139 2020 3211 immotam
2037 3166 2124 3233 esse,

1140 3245 1180 3299 ut
1203 3255 1394 3301 conversus
1419 3238 1462 3304 ad
1484 3232 1600 3305 Deum
1627 3250 1758 3307 statuas
1787 3254 1821 3309 te
1846 3256 1989 3331 propter
2010 3243 2123 3315 hlium

1140 3347 1236 3402 certo
1257 3334 1384 3425 recipi,
1410 3352 1442 3405 et
1460 3340 1619 3407 exaudiri
1634 3364 1695 3427 pec
1719 3341 2019 3431 misericordiam,
2042 3369 2123 3436 gra·

1140 3434 1204 3526 tis,
1239 3460 1313 3506 non
1336 3453 1479 3529 propter
1506 3440 1686 3533 propriam
1716 3443 1942 3533 dignitatem,
1976 3448 2066 3518 sicut
2089 3464 2124 3520 et

1139 3534 1269 3607 Daniel
1293 3553 1387 3609 orat:
1421 3536 1560 3611 Exaudi
1590 3566 1655 3612 nos
1678 3539 1852 3628 Domine,
1884 3573 1959 3619 nou
1980 3566 2124 3642 propter

1139 3637 1314 3708 iusticiam
1329 3657 1505 3727 nostram,
1528 3645 1590 3711 sed
1606 3668 1668 3732 per
1685 3646 1963 3718 misericordiam
1980 3668 2123 3745 propter

1139 3737 1347 3815 Dominum.
1388 3740 1492 3813 Hanc
1506 3746 1783 3817 consolationem
1801 3753 2031 3823 necessariam
2049 3779 2123 3825 esse

1137 3865 1261 3912 omnes
1279 3844 1329 3933 pii
1342 3845 1560 3933 intelligunt.

1239 3942 1310 4015 Sed
1336 3946 1529 4017 adversarii
1552 3949 1722 4039 fingentes
1750 3975 1959 4023 conversum
1988 3955 2121 4028 iustum

1138 4068 1212 4116 esse
1236 4055 1378 4141 propter
1403 4075 1531 4119 novam
1552 4052 1799 4141 dilectionem,
1833 4074 2016 4129 removent
2048 4084 2123 4127 me-

1138 4147 1333 4233 diatorem,
1359 4176 1424 4222 nec
1438 4152 1518 4243 plus
1531 4153 1563 4222 ei
1580 4157 1756 4241 tribuunt,
1783 4181 1888 4250 quam
1903 4161 1998 4252 quod
2019 4162 2122 4231 nobis

1140 4249 1242 4319 initia
1269 4250 1411 4323 illarum
1433 4253 1641 4346 qualitatum
1666 4259 1814 4338 meruit,
1855 4283 1916 4329 seu
1947 4266 2044 4356 quod
2076 4264 2122 4334 sit

1139 4375 1242 4422 causa
1259 4354 1357 4423 illius
1372 4354 1578 4427 mutationis
1593 4356 1630 4425 io
1647 4359 1761 4443 uobis,
1789 4377 1905 4449 postea
1924 4389 2003 4433 eum
2019 4389 2121 4455 sepe·

1140 4454 1253 4534 liunt,
1280 4471 1314 4527 et
1331 4458 1375 4525 de
1391 4458 1466 4527 eius
1480 4459 1745 4544 intercessione,
1774 4476 1807 4534 et
1827 4465 1871 4531 de
1888 4464 2121 4556 imputatione

1141 4556 1298 4626 iusticiae
1313 4558 1452 4629 nullum
1469 4562 1615 4629 verbum
1633 4563 1769 4637 dicunt.
1801 4561 1895 4653 Quia
1912 4593 1994 4639 vero
2012 4564 2120 4639 horno

1140 4658 1283 4727 intuens
1306 4685 1387 4730 suas
1410 4662 1598 4754 qualitates
1619 4665 1770 4733 multum
1792 4669 1951 4737 sordium
1974 4672 2121 4754 invenit,

1139 4784 1213 4828 non
1231 4760 1345 4829 solum
1373 4762 1648 4833 consulationem
1670 4790 1790 4836 veram
1816 4784 1849 4839 et
1873 4770 1977 4839 fidem
1999 4774 2037 4841 in
2064 4774 2119 4841 in-

1140 4862 1323 4932 vocatione
1339 4865 1561 4953 extinguunt,
1583 4870 1643 4936 sed
1662 4868 1768 4938 etiam
1787 4871 1948 4941 dubitare
1963 4874 2097 4946 iubent.

1242 4964 1315 5035 Nec
1336 4965 1416 5059 plus
1433 4967 1556 5037 dicunt
1577 4969 1622 5035 dc
1638 4968 1797 5058 iusticia,
1824 4998 1930 5067 qnam
1948 4989 2119 5067 quantum

1139 5066 1240 5138 Plato
1263 5068 1372 5152 dixit,
1407 5083 1492 5140 tunc
1514 5091 1587 5138 esse
1610 5073 1836 5144 excellentem
1858 5099 1920 5145 seu
1943 5074 2120 5145 heroicam

1140 5170 1326 5250 virtutem,
1360 5173 1503 5265 quando
1533 5187 1671 5262 pectora
1705 5200 1779 5245 noo
1809 5189 1945 5247 tantum
1967 5177 2122 5267 diligen·

1139 5271 1188 5342 tia
1214 5266 1369 5341 humana
1401 5292 1593 5363 reguntur,
1646 5279 1707 5346 sed
1738 5280 1843 5348 etiam
1874 5277 1999 5347 divino
2021 5294 2120 5350 motu

1141 5396 1205 5446 seu
1219 5372 1341 5445 afflatu
1356 5379 1622 5547 memmii·
1660 5374 1702 5447 ld
1719 5402 1800 5449 vere
1815 5378 1964 5463 dicitur,
1986 5395 2021 5454 et
2035 5408 2122 5453 con-
