4522 5782
12 267 15 271 .
46 187 141 290 'sss
458 212 542 316 xn.
593 206 897 287 auaaaarro
922 208 975 284 ru
999 148 1183 289 atauo,
1217 206 1433 284 loannis.
1484 210 1591 286 oar.
1618 212 1714 291 xi..

41 381 247 477 Christum.
303 382 375 457 Cui
403 386 566 458 omnium
588 387 800 473 electorum,
835 386 908 457 nlla
932 398 1042 457 aetate
1095 376 1173 467 tur,
1199 399 1317 456 tamen
1335 408 1409 455 esse
1432 407 1537 475 opera
1556 381 1643 473 Dei,
1669 386 1760 458 sicut
1775 382 1901 458 Esaiae
1916 386 1978 463 46.
1993 391 2083 459 dici-

52 484 309 558 sicexhibitas
329 503 413 559 sunt
444 503 515 559 tres
536 511 708 587 personae
731 490 951 574 divinitatis,
984 490 1040 557 di·
1094 504 1169 559 tur:
1207 487 1281 577 Qui
1302 489 1493 579 portamini
1520 489 1556 555 in
1583 503 1684 558 utero
1708 514 1807 575 meo,
1841 505 1874 561 et
1896 493 2082 580 gestamini
2192 566 2194 571 ,

53 590 202 661 stinctae
216 592 410 682 perspicuis
424 591 716 661 discriminibus?
767 591 844 661 lmo
863 586 948 660 hacc
966 591 1041 682 ipsa
1095 592 1133 658 in
1158 594 1238 661 alvo
1264 615 1362 676 mea,
1396 605 1614 685 senescentes
1633 615 1699 681 ego
1723 615 1786 661 vos
1809 596 1978 684 portabo,
2017 616 2082 685 ego

53 693 222 763 revelatio
245 695 479 763 clarissimum
495 694 744 764 testimonium
771 708 843 787 est,
883 693 948 764 toti
975 692 1043 763 Ec·
1093 693 1176 774 feci,
1204 718 1266 784 ego
1283 695 1444 784 gestabo,
1469 717 1533 784 ego
1549 695 1707 766 salvabo.
1759 696 1846 767 Item
1865 693 1992 767 Esaiae
2007 720 2081 789 cap.

53 795 179 864 clasiae
208 796 372 866 omnium
394 811 611 888 temporum,
652 799 697 866 de
729 797 842 868 tribus
873 796 1041 887 personis,
1094 792 1172 871 51.=
1200 795 1309 866 Posui
1325 798 1430 867 verba
1448 821 1524 866 mea
1542 798 1578 867 iu
1595 820 1656 866 ore
1680 811 1762 882 tuo,
1797 811 1830 868 et
1854 800 1979 869 umlrra
2004 824 2081 869 ma-

52 921 113 967 cur
125 898 238 988 igitur
255 893 314 968 hic
330 901 472 990 dicunt,
500 897 669 969 loannem
688 923 762 969 non
779 900 900 969 iecisse
917 898 1040 988 signa?
1093 921 1161 968 nus
1181 924 1277 969 meae
1295 900 1431 989 protexi
1447 913 1497 984 te,
1524 914 1562 969 ut
1581 901 1720 996 plantes
1734 903 1861 971 coelos.
1904 899 1974 973 Hic
1987 902 2081 972 clare

2011 214 2204 321 πυτ.

147 1025 383 1125 Respondeo:
410 1033 519 1124 Signa
536 1032 688 1126 duplicia
705 1048 807 1121 sunt,
832 1036 900 1105 alia
916 1035 1036 1105 incur-

52 1134 164 1206 rentia
181 1136 221 1204 in
237 1137 379 1224 oculos,
405 1151 438 1208 et
454 1160 575 1207 sensus
591 1138 731 1230 populi,
757 1138 845 1208 lacta
868 1137 1040 1208 divinitus

53 1260 156 1330 supra
183 1262 410 1309 communem
426 1254 581 1336 ¹naturae
611 1242 792 1322 ordinem,
831 1255 872 1311 ut
891 1241 1039 1310 excitare

52 1353 230 1426 mortuos,
265 1343 414 1411 reddere
437 1343 551 1412 visum
575 1367 696 1429 caeco,
738 1345 877 1412 assidue
910 1344 1039 1443 sarcire

51 1443 254 1513 absumturn
277 1468 406 1536 panem
430 1459 491 1515 aut
512 1446 648 1530 oleum,
691 1458 729 1516 ut
751 1442 914 1516 Christus
941 1445 1040 1537 pavit

51 1546 184 1640 aliquot
202 1546 335 1633 millia,
361 1561 395 1618 et
416 1542 515 1617 Elias
541 1561 575 1617 et
599 1546 762 1618 Elisaeus
781 1548 899 1617 viduis
920 1548 1037 1637 opitu-

51 1648 107 1718 lati
121 1662 221 1717 sunt.
274 1647 370 1718 Haec
383 1663 418 1719 et
432 1649 562 1717 similia
577 1651 802 1746 particularia
815 1649 1037 1720 incurrentia

51 1751 84 1817 in
107 1751 235 1819 oculos
264 1751 425 1820 omnium
450 1765 533 1825 sunt
554 1753 673 1842 signa,
715 1777 805 1845 quae
828 1749 1053 1837 exhihentur,

51 1851 395 1943 propter'inlicleles,
435 1867 474 1923 ut
502 1856 535 1924 1.
555 1850 719 1928 Corinth.
739 1853 796 1926 14.
818 1855 964 1925 dicitur:
998 1869 1038 1924 ut

52 1954 216 2024 videlicet
230 1955 320 2024 moti
334 1949 391 2025 his
413 1955 624 2035 testimoniis
643 1958 882 2027 assentiantur
904 1957 1037 2026 doctri-

10 2116 12 2127 .
51 2080 132 2143 nae,
159 2055 246 2127 talia
261 2057 360 2148 signa
377 2082 451 2128 non
469 2081 609 2129 necesse
626 2072 677 2129 est
698 2061 742 2128 ab
765 2059 933 2130 omnibus
955 2082 1037 2129 san-

1093 1003 1240 1073 dicitur:
1277 1000 1366 1092 Tagi
1395 1003 1577 1072 ministros
1599 1001 1782 1091 Evangelii
1804 1005 1931 1075 umbra
1955 1027 2082 1075 manus
2169 1006 2171 1011 ’

1093 1105 1181 1190 Dei,
1207 1118 1242 1174 et
1256 1107 1401 1177 additur
1415 1129 1514 1174 causa
1531 1106 1663 1189 finalis,
1684 1122 1731 1196 'tu
1744 1123 1912 1200 tanquam
1929 1127 2089 1176 vernans

1092 1202 1239 1291 hortus,
1272 1208 1361 1276 coeli
1386 1221 1616 1277 conserantur
1640 1211 1743 1278 novis
1767 1210 1929 1300 plantis,¹
1960 1210 1995 1278 id
2018 1223 2081 1288 est,

1092 1310 1195 1378 m'ulti
1213 1311 1299 1379 liant
1314 1304 1482 1378 haeredes
1498 1310 1597 1399 regni
1624 1311 1792 1382 coelestis.
1855 1311 1941 1382 Vult
1963 1325 2080 1381 autem

1091 1409 1187 1481 Deus
1204 1408 1289 1481 haec
1305 1412 1474 1480 beneficia
1499 1413 1661 1503 agnosci,
1693 1415 1782 1504 peti,
1816 1428 1849 1483 et
1871 1413 2080 1505 praedicari.

1091 1512 1152 1585 Sic
1167 1538 1241 1583 non
1259 1515 1409 1584 dubium
1426 1527 1478 1584 est
1490 1529 1634 1605 propter
1649 1516 1939 1608 propagationem
1956 1511 2081 1585 Evan-

1090 1617 1175 1707 gelii
1191 1612 1255 1686 has
1281 1631 1417 1687 nostras
1437 1608 1597 1705 regiones
1619 1619 1657 1686 in
1681 1622 1801 1690 multis
1826 1619 1995 1718 periculis
2016 1620 2080 1687 de-

1090 1723 1206 1789 fensas
1232 1743 1317 1790 esse.
1372 1719 1440 1790 Pro
1464 1716 1533 1789 hoc
1554 1721 1729 1790 beneficio
1750 1723 1879 1811 gratias
1895 1718 1971 1790 Deo
1995 1743 2078 1808 aga-

1090 1843 1188 1908 mus,
1215 1835 1249 1891 et
1263 1844 1420 1908 oremus,
1448 1838 1487 1895 ut
1504 1837 1648 1915 propter
1664 1823 1776 1895 lilium
1795 1847 1898 1894 suum
1916 1847 1982 1893 nos
1997 1824 2079 1891 diu-

1090 1925 1161 1994 tins
1177 1939 1346 2015 protegat.
1918 1941 1921 1944 ’

1191 2042 1295 2112 Talia
1319 2044 1428 2134 igitur
1450 2044 1618 2114 miracula
1645 2057 1832 2143 perpetuae
1862 2043 2079 2114 defensionis

52 2159 108 2230 ctis
124 2159 218 2244 fieri,
232 2183 298 2229 nec
314 2175 455 2251 possent
469 2156 562 2231 hanc
577 2176 754 2233 externam
769 2162 917 2249 gloriam
934 2161 1037 2233 multi
1090 2144 1599 2239 q⁰⁰lldlefi¹¹¹¹llssl⁴3⁰⁰l⁶⁵l³s
1634 2161 1668 2217 θῑ
1690 2149 1800 2219 “¹⁰¹1st
1827 2144 2080 2238 Plssilbufflc‘

52 2262 242 2346 sustinere,
284 2262 360 2331 sine
393 2263 569 2356 superbia.
637 2262 707 2334 Sed
737 2265 805 2334 alia
830 2279 912 2334 sunt
936 2265 1034 2353 sign-a
1089 2249 1213 2318 etesiae
1237 2251 1427 2321 donantur.
1488 2247 1572 2319 ldeo
1595 2250 1714 2343 inquit
1734 2244 1917 2339 Christus,
1944 2249 2078 2317 maiora

51 2363 159 2433 mullo
175 2363 333 2448 maiora,
366 2365 671 2436 nonincuprenfia
694 2366 733 2435 in
755 2368 877 2436 oculos
901 2367 1036 2467 populi,
1088 2353 1242 2421 facturos
1258 2352 1471 2443 Aposlol08‚
1498 2353 1630 2423 Sclllcel
1647 2376 1753 2446 qllalil
1779 2352 1838 2420 llla
1858 2350 2078 2421 incurrenlla

52 2489 136 2558 quae
158 2466 410 2537 universaliter
427 2468 517 2538 liunt
534 2469 572 2536 in
588 2465 766 2555 Ecclesia,
795 2482 835 2539 ut
857 2493 950 2538 nova
976 2468 1036 2538 lux
1089 2455 1127 2522 5¹¹
1151 2453 1422 2545 ⁰⁶¹1¹⁰⁸l³⁰ll¹¹¹l
1473 2453 1673 2535 P⁰⁸lf0¹¹¹⁰2
1700 2452 1839 2543 Palma
1868 2447 2078 2544 ΡΥθΡῙῑθῑθθν

54 2568 271 2639 {mutibus
288 2569 448 2660 piorum,
482 2570 570 2640 alias
591 2571 721 2661 magis,
746 2571 835 2640 3113,
858 2571 976 2641 minu,
991 2571 1035 2639 il.
1089 2555 1270 2647 Apostoli,
1299 2557 1403 2626 ctiam
1423 2557 1616 2644 singularia
1638 2557 1839 2627 testimonia
1863 2552 2077 2625 hahuerunt.

54 2669 179 2741 lustris.
232 2668 303 2742 Sed
320 2684 437 2742 umen
454 2696 641 2743 commune
658 2668 727 2742 boc
744 2687 806 2758 est,
832 2675 926 2765 quod
944 2670 1037 2743 Pau·
1089 2655 1225 2743 Adam,
1254 2657 1349 2737 Νθὸ,
1376 2653 1577 2742 Abraham,
1605 2657 1744 2743 Moses,
1770 2673 1800 2726 ‘l
1816 2660 1875 2728 ³¹55
1895 2658 1997 2727 mulli
2016 2682 2079 2725 V0·

55 2772 102 2841 lus
114 2772 222 2843 dicit:
247 2769 445 2866 'decepistis
465 2774 629 2867 spiritum
645 2776 846 2865 adoptionis
870 2775 1036 2856 liliorum,
1089 2761 1156 2829 call
1179 2774 1260 2848 §¹¹⁰1
1282 2761 1426 2852 PPOPfla
1447 2785 1532 2830 voce
1550 2758 1628 2833 Del·
1681 2760 1809 2831 l⁰³⁰¹¹l
1831 2760 1929 2832 ⁰⁸⁰⁸
1952 2758 2078 2829 dimi·

54 2898 115 2965 ΨΜ)
148 2876 344 2946 clamamus
374 2871 479 2947 Abba
508 2889 618 2968 puer·
678 2874 784 2959 hem,
818 2875 949 2948 Unctio
973 2902 1036 2948 vos
1089 2887 1171 2931 men
1185 2864 1319 2933 clarum
1339 2885 1569 2953 personarum
1587 2864 1754 2934 Osslssssllll·
1797 2862 1927 2933 Paulus
1944 2863 1982 2930 ln
1998 2884 2078 2930 COG-

53 2979 157 3061 docet·
212 2975 323 3049 Pium
340 2991 375 3048 el
393 2974 479 3050 haec
500 2979 599 3068 signa
622 2979 727 3068 longe
748 2980 918 3059 maxima,
952 3004 1037 3048 voce
1088 2966 1164 3034 lum
1181 2956 1300 3054 rapltls
1316 2978 1378 3037 OSl.
1431 2963 1528 3033 Haec
1543 2964 1745 3036 testimonla
1768 2966 1898 3036 lallhtls
1922 2959 2077 3035 elhlbllss

54 3092 81 3148 21
104 3078 306 3150 ministerio
335 3075 525 3150 hominum
550 3081 653 3152 multi
673 3084 717 3151 ad
744 3079 860 3151 Deum
888 3105 1037 3151 conver.
1088 3080 1190 3147 sunt,
1216 3083 1256 3137 ut
1272 3081 1439 3159 tanquam
1457 3070 1617 3137 doctores
1642 3069 1771 3137 maiori
1795 3067 1874 3137 luce
1898 3069 2079 3137 donaren-

52 3193 188 3269 tuntur,
230 3181 323 3251 sieut
344 3180 453 3253 Rom.
478 3184 511 3253 1.
533 3183 680 3253 dicitur:
719 3179 954 3272 Evangelium
985 3198 1037 3254 est
1090 3185 1164 3254 tur,
1198 3183 1233 3240 et
1256 3182 1406 3259 prosunt
1426 3193 1549 3239 corum
1572 3170 1773 3240 testimonia
1809 3170 1925 3242 nobis.
1986 3165 2079 3238 Uni4

53 3281 204 3377 potentia
226 3277 295 3352 Dei
325 3284 370 3351 ad
397 3284 544 3354 salutem
570 3287 669 3354 omni
702 3286 872 3356 credenti.
918 3283 1036 3371 item,

44 3380 193 3475 ‘Propter
208 3379 405 3455 Ecclesiam
421 3386 634 3457 mirabiliter
656 3401 841 3458 servantur
857 3411 898 3456 ac
912 3390 1036 3458 defen·

53 3486 179 3559 duntur
193 3486 327 3559 multae
344 3489 489 3573 domus,
515 3490 639 3573 urbes,
664 3491 844 3578 regiones,
869 3504 934 3564 etc.

1090 3295 1188 3342 versa
1202 3270 1358 3341 Ecclesia
1377 3272 1475 3340 omni
1501 3285 1661 3364 tempore
1676 3287 1756 3363 post
1773 3270 1915 3342 loannis
1937 3269 2080 3363 praedi·

1089 3376 1262 3444 rationem
1290 3371 1520 3445 confirmatur
1543 3375 1744 3447 testimonio
1767 3375 1862 3461 eius,
1896 3376 1940 3444 de
1964 3374 2079 3443 trihus

1089 3501 1261 3569 personis.

141 3619 236 3693 Cum
247 3618 426 3693 Israelitae
442 3621 510 3692 iter
523 3625 678 3693 facerent
692 3607 752 3714 per
763 3649 859 3694 mare
874 3627 1036 3711 rubrum,
1079 3617 1083 3625 ’

55 3724 214 3795 ridebant
225 3747 315 3814 opus
329 3721 397 3793 Dei
415 3714 639 3806 mirandum,
665 3727 727 3795 sed
750 3750 872 3796 revera
897 3751 1035 3818 semper

55 3824 308 3917 ticprotegltur
331 3823 507 3908 Ecclesia,
531 3827 613 3897 imo
638 3828 770 3918 singuli
793 3829 863 3918 pii,
898 3830 1035 3900 etiamsi

55 3949 115 3997 non
136 3928 293 3999 incurrit
317 3929 355 3996 in
378 3929 500 3998 oculos
524 3933 651 3999 modos
674 3931 912 4017 defensionis,
954 3957 1034 4002 cum

56 4027 138 4119 Agar
151 4031 350 4101 discederet
367 4055 407 4100 ex
423 4033 531 4100 domo
547 4028 731 4116 Abrahae,
763 4057 835 4103 una
857 4059 937 4104 eum
960 4036 1035 4104 lilio

55 4127 188 4217 hosat,
222 4132 350 4202 misera
372 4135 513 4203 errabat
527 4134 563 4202 in
582 4135 672 4205 locis
693 4136 859 4216 desertis,
897 4151 930 4206 et
954 4162 1033 4205 cum

54 4233 100 4302 siti
115 4258 206 4326 pene
219 4249 403 4305 consumta
419 4249 518 4320 esset,
544 4240 687 4306 tandem
703 4237 912 4331 lacrymanti
931 4263 1034 4308 mon-

54 4350 180 4407 uratur
196 4338 290 4409 fons.
343 4333 601 4427 Haecaudivit
625 4342 829 4432 loquentem
851 4342 1033 4431 angelum:

55 4440 103 4507 ted
121 4434 332 4525 Elizabeth,
359 4437 496 4526 Maria,
524 4455 558 4511 et
573 4445 704 4511 multae
726 4442 859 4512 similes
880 4445 1035 4534 virgines

55 4552 80 4607 et
105 4555 291 4613 matronae
319 4544 483 4612 defensae
520 4558 604 4614 sunt
628 4544 860 4630 mirabiliter,
897 4547 1034 4615 etiamsi

55 4664 113 4712 nou
134 4644 323 4729 viderunt,
362 4645 419 4714 vel
450 4647 642 4716 audierunt
663 4647 826 4735 angelos,
866 4672 947 4717 cum
968 4649 1033 4718 illo

22 4754 26 4759 '
56 4747 248 4818 turbulento
295 4760 472 4837 tempore¹
492 4749 625 4819 assidui
663 4751 835 4821 exercitus
865 4747 1034 4832 Romani,

56 4841 217 4930 Parthici,
244 4846 442 4921 Herodiani
463 4864 676 4940 vagarentur
692 4851 730 4919 in
745 4866 835 4922 terra
853 4849 1008 4927 Iudaica.

140 4984 228 5057 ldeo
251 4999 389 5067 autem,
433 4984 612 5057 interdum
648 4989 775 5056 modus
807 4989 1034 5076 defensionis,

56 5101 86 5158 tt
96 5090 132 5159 in
145 5089 239 5159 mari
256 5091 385 5173 rubro,
411 5100 446 5158 et
468 5089 548 5158 aliis
564 5089 742 5159 inusitatis
760 5092 929 5182 exemplis
948 5117 1033 5184 pro-

56 5192 185 5277 ponitur
201 5191 486 5283 conspiciendus,
511 5207 550 5263 ut
566 5192 714 5262 sciamus
728 5191 920 5262 Ecclesiam
940 5219 1033 5264 sem-

56 5312 134 5378 pera
150 5291 228 5365 Deo
254 5293 393 5386 protegi
416 5306 452 5365 et
474 5294 627 5377 servari,
660 5308 693 5364 et
718 5294 945 5387 quotidianas
970 5298 1031 5366 de-

56 5390 235 5484 fensiones,
261 5419 468 5492 quanquam
484 5397 524 5468 in
541 5397 591 5466 eis
606 5398 732 5468 modus
753 5420 828 5467 non
853 5400 1030 5491 conspici-

1457 3698 1596 3807 Gaput
1638 3699 1715 3784 xl.

1190 3859 1324 3932 Textus
1339 3863 1481 3932 orditur
1493 3863 1737 3932 admirandam
1756 3857 1939 3932 historiam
1955 3856 2093 3930 deLa-'

1088 3986 1188 4046 zaro,
1230 3977 1307 4054 post
1330 3979 1480 4034 mortem
1500 3967 1539 4033 in
1562 3965 1671 4035 vitam
1693 3978 1867 4036 revocato.
1926 3958 1973 4032 Et
1995 3956 2080 4054 quia

1087 4065 1284 4136 missisunt
1300 4069 1424 4136 nuncii
1440 4092 1459 4138 a
1476 4067 1601 4138 Lazari
1621 4069 1803 4137 sororibus
1825 4069 1867 4135 ad
1887 4061 2080 4150 Christum,

1088 4181 1121 4236 et
1137 4163 1303 4238 Christus
1329 4171 1483 4260 primum
1503 4169 1601 4240 venit
1618 4164 1848 4251 Bethaniam,
1875 4181 1954 4258 post
1971 4190 2081 4259 quar·

1088 4284 1162 4341 tum
1180 4272 1273 4340 diem
1290 4295 1310 4338 a
1327 4289 1440 4344 morte
1455 4270 1597 4355 Lazari,
1623 4272 1712 4340 utile
1726 4286 1776 4341 est
1792 4271 1951 4339 locorum
1967 4270 2080 4338 inter·
2124 4274 2131 4283 ‘

1088 4372 1180 4442 valla
1197 4373 1432 4445 considerare.
1486 4371 1570 4442 Fuit
1586 4368 1750 4444 Christus
1764 4372 1803 4443 iu
1820 4374 1977 4456 deserto,
2005 4396 2079 4440 non
2199 4404 2204 4415 ¹

1087 4476 1211 4566 procul
1241 4474 1425 4546 alaricho
1454 4491 1487 4544 et
1510 4472 1722 4545 Bethabara.
1790 4470 1929 4563 iericho
1960 4487 2079 4544 antem

1087 4579 1240 4655 distabat
1257 4603 1277 4646 a
1295 4577 1445 4648 lordane
1470 4578 1645 4666 sexaginta
1667 4579 1809 4663 stadiis,
1842 4578 1879 4646 id
1903 4590 1969 4662 est,
2004 4577 2078 4646 fere

1088 4681 1228 4750 duobus
1261 4681 1393 4751 nostris
1431 4680 1641 4752 miliaribus.
1709 4678 1960 4752 Alerusalem
1992 4703 2078 4748 vero
2139 4692 2141 4697 '

1088 4798 1229 4853 centum
1248 4782 1505 4875 quinquaginta
1525 4785 1665 4866 stadiis,
1692 4779 1759 4853 hoc
1783 4798 1853 4864 est,
1880 4784 1952 4851 fere
1970 4781 2080 4874 quin·

1087 4909 1156 4977 que
1173 4885 1303 4954 nostris
1319 4886 1528 4956 miliaribus.
1582 4882 1781 4955 Bethabara
1807 4910 1890 4954 vero
1914 4885 1951 4952 in
1971 4884 2079 4952 altera

1087 4989 1163 5078 ripa
1182 5002 1273 5072 erat,
1300 4988 1339 5056 in
1359 4990 1517 5072 deserto,
1543 5013 1582 5056 ac
1605 4989 1746 5077 longius
1770 4990 1923 5059 distabat
1941 5011 1960 5054 a
1980 4981 2080 5053 leru-

1087 5090 1215 5169 salem,
1243 5088 1351 5183 quare
1368 5092 1406 5158 in
1427 5093 1565 5159 deserto
1579 5095 1621 5159 ad
1636 5087 1846 5161 Bethaniam
1857 5140 1867 5170 ,
1880 5100 1983 5181 ‘quae
1998 5101 2080 5157 tan·

1086 5205 1161 5261 turn
1188 5192 1340 5262 dimidio
1364 5207 1487 5263 nostro
1513 5194 1643 5262 miliari
1669 5196 1823 5264 distabat
1845 5189 2081 5273 alerusalem,

1085 5293 1313 5364 intervallum
1331 5298 1417 5385 fnit,
1450 5297 1523 5363 fere
1544 5304 1624 5366 oc'to
1642 5310 1846 5366 nostrorum
1873 5294 2080 5373 miliarium,

1086 5399 1129 5466 ad
1146 5422 1236 5491 quae
1253 5422 1343 5490 opus
1359 5413 1409 5469 est
1426 5390 1524 5468 eunti
1541 5423 1619 5467 cum
1638 5400 1806 5468 comitatu
1822 5398 1950 5468 itinere
1966 5395 2085 5468 bidui.
