4522 5782
70 235 119 307 tt
494 230 578 304 Xll.
629 226 932 306 ENARRATlO
957 228 1009 302 tn
1031 226 1217 307 EVANG.
1245 226 1457 307 loannts.
1508 232 1615 308 CAP.
1645 236 1671 309 l.
2057 254 2105 325 η

69 408 161 480 vitae
184 423 218 480 et
240 432 359 477 norae
382 406 541 479 iusticias
565 405 605 474 in
626 404 819 477 mentibus.
879 401 951 476 Sed
974 400 1060 475 haee
1109 403 1309 474 testimonia
1324 417 1444 476 extant
1460 407 1506 474 de
1520 407 1621 481 lactis
1637 413 1770 483 divinis
1784 430 1846 487 aut
1860 418 1905 488 de
1920 446 2005 493 voce
2016 420 2103 497 nst·
2220 391 2227 403 ’

66 510 241 603 copiosius
257 511 353 581 inira
369 510 529 580 docenda
543 521 662 583 erunt,
1110 503 1196 576 Vult
1233 506 1329 574 enirn
1361 506 1457 578 Deus
1483 509 1589 579 fidem
1621 512 1799 586 Ecclesiae
1841 535 1973 593 certam
2014 550 2098 603 esse.

1108 607 1279 697 Exempla
1295 603 1401 679 huius
1415 613 1467 681 rei
1482 615 1593 685 multa
1614 634 1716 702 sient,
1751 635 1849 710 pater
1869 640 2032 699 aeternus
2055 655 2098 701 ex

1109 710 1208 780 coelo
1224 707 1315 780 hanc
1331 713 1442 783 edidit
1466 740 1603 787 vocem:
1635 717 1704 789 Hic.
1726 737 1777 793 est
1804 724 1897 795 filius
1918 754 2018 801 meus
2041 736 2099 801 di-

1109 812 1238 892 lectus,
1263 807 1359 883 hunc
1380 817 1521 902 audite,
1549 836 1581 890 et
1597 824 1789 897 adsuerunt
1805 824 1924 899 Moses
1940 846 1973 900 et
1988 831 2098 909 Elias.

164 915 370 991 Antithesis
405 921 624 991 observetur.
692 914 824 987 Filium
854 913 928 988 Dei
955 933 1058 990 vocat
1108 912 1186 984 Hoc
1200 918 1407 987 mandatnm
1431 944 1510 989 cum
1535 925 1707 1012 pertineat
1722 930 1764 996 ad
1783 943 1897 1000 totum
1911 941 2099 1023 mundum,

62 1023 197 1106 tutem,
223 1046 335 1113 genus
357 1019 554 1093 humanum
572 1043 780 1113 oppressum
795 1034 938 1112 peccato
955 1036 1056 1094 vocat
1106 1030 1225 1089 tamen
1245 1031 1384 1089 tautum
1409 1035 1494 1092 tunc
1515 1026 1705 1098 adsuerunt
1727 1043 1797 1101 tres
1819 1035 2003 1125 discipuli,
2032 1039 2097 1108 Pe-

61 1127 239 1196 efflbm.
290 1124 440 1215 scalper
454 1136 570 1196 autem
583 1122 699 1193 adfuit
712 1122 808 1192 lilius
823 1119 890 1192 Dei
908 1123 982 1215 ipse
997 1146 1057 1211 qe-
1106 1134 1200 1200 trus,
1229 1118 1375 1191 lacobus
1398 1138 1431 1193 et
1459 1125 1619 1200 loannes.
1678 1127 1727 1200 Hi
1752 1151 1870 1222 postea
1894 1152 1997 1209 testes
2019 1144 2097 1212 sue-

62 1229 140 1296 neri
161 1227 344 1314 hnmano,
368 1241 404 1299 et
426 1250 566 1319 semper
586 1239 666 1317 post
681 1225 833 1316 primam
850 1225 1056 1317 promissio.
1107 1236 1192 1294 runt
1218 1224 1295 1292 eins
1316 1226 1431 1310 vocis,
1456 1241 1493 1297 et
1506 1227 1602 1300 Dens
1623 1234 1865 1307 testimonium
1891 1264 2013 1312 corum
2031 1271 2097 1313 nn-

66 1354 143 1399 nem
165 1333 288 1401 datam
312 1330 438 1422 primis
460 1329 687 1421 parentibus,
712 1328 1054 1414 sonuitvoxdeeo,
1107 1326 1161 1395 vis
1180 1326 1362 1396 miraculis
1388 1330 1622 1405 confirmavit.
1692 1336 1743 1407 lta
1770 1342 1815 1409 de
1843 1344 1998 1417 adventu
2031 1350 2097 1417 lilii

63 1434 102 1501 in
133 1457 202 1526 qna
235 1435 377 1522 agnosci
404 1447 440 1503 et
461 1431 618 1523 conspici
640 1431 772 1514 voluit,
802 1443 837 1501 et
859 1454 924 1521 per
948 1456 1054 1526 quam
1104 1425 1173 1498 Dei
1202 1430 1313 1499 multa
1342 1432 1543 1503 testimonia
1569 1440 1748 1528 proposita
1774 1459 1877 1529 sunt,
1911 1471 2002 1540 qnae
2028 1452 2097 1534 piis

64 1534 130 1603 fuit
151 1536 277 1605 efficax
298 1535 337 1604 in
361 1535 561 1628 aliquibus,
595 1546 630 1602 et
653 1534 691 1601 in
716 1535 768 1603 eis
787 1557 916 1602 novam
940 1535 1053 1603 lucem
1107 1534 1317 1622 proderant,
1343 1547 1377 1603 ct
1393 1535 1478 1605 satis
1501 1538 1757 1611 confirmabant
1781 1568 1860 1631 eos,
1886 1552 1950 1619 etsi
1965 1554 2011 1621 ab
2028 1554 2097 1621 im·

62 1638 403 1708 mqumjntwip
446 1635 572 1707 Adfuit
588 1635 698 1726 igitur
712 1636 901 1725 etaguosci
917 1637 955 1704 in
972 1660 1053 1727 pro·
1104 1635 1174 1726 piis
1203 1635 1467 1706 deridebantur.
1530 1637 1576 1711 Ut
1608 1648 1790 1715 constabat
1822 1651 1985 1736 angelum
2016 1682 2096 1725 cum

61 1739 234 1809 ,nigfiom
256 1740 392 1819 votuit,
419 1754 453 1810 et
476 1762 575 1811 suam
600 1739 834 1829 praesentiam
855 1751 962 1830 atque
979 1740 1054 1808 efli-
1108 1731 1281 1805 Zacharia
1297 1736 1453 1808 locutum
1474 1764 1566 1826 esse,
1592 1760 1710 1834 postca
1732 1772 1772 1815 cx
1794 1753 1904 1820 sterili
1921 1768 1954 1826 et
1970 1756 2095 1829 effoeta

63 1844 196 1911 caciam
211 1843 336 1913 multis
359 1842 532 1913 mirandis
556 1840 828 1912 liberationibus
852 1841 1055 1922 declaravit,
1105 1838 1405 1909 ffl3110¹⁰³¹¹¹¹⁰ffl
1432 1858 1555 1913 ”flium
1573 1870 1665 1929 ⁰³⁸⁰,
1689 1863 1722 1919 θῑ
1739 1852 1950 1925 nssfflissflllm
1969 1862 2011 1927 ιιι
2030 1856 2098 1930 ἦθῦ

64 1960 104 2015 u,
119 1944 283 2035 ampl,
299 1943 448 2015 pastum
464 1959 498 2014 e,
513 1939 773 2036 prophetarum
787 1944 995 2025 ostendunt,
1019 1958 1055 2014 et
1105 1942 1334 2026 destinatum,
1359 1957 1400 2013 ut
1413 1948 1694 2017 ostenderetiam
1715 1969 1905 2029 venturum
1916 1957 2097 2035 Messian.

59 2059 180 2114 nmen
212 2049 377 2117 tenebrae
406 2071 485 2117 eum
509 2069 583 2114 non
613 2058 847 2135 agnoverunt.
904 2045 1056 2134 Semper
1105 2042 1229 2113 Postea
1249 2041 1393 2112 loannis
1408 2048 1594 2119 vocatione
1611 2052 1732 2123 divina
1751 2080 1886 2125 novtrm
1903 2085 2014 2149 gentis
2029 2069 2096 2134 do-

60 2148 215 2217 maxima
248 2172 329 2239 pars
356 2149 493 2238 generis
525 2144 693 2231 humaui,
732 2148 858 2216 furens
889 2142 1055 2217 horribili
1104 2148 1239 2217 ctrinac
1260 2161 1294 2216 et
1311 2149 1525 2237 baptismum
1549 2152 1721 2234 iamavit,
1759 2160 1809 2226 ibi
1836 2163 1925 2233 vidit
1951 2169 2097 2236 descen·

59 2262 241 2319 tontemtu
265 2248 352 2337 Dei,
387 2250 554 2319 iudicavit
578 2246 815 2337 Evangelium
839 2250 980 2318 inanem
1003 2251 1051 2319 sa·
1104 2251 1247 2319 dentem
1264 2246 1439 2348 Spiritum
1457 2268 1638 2341 sanctum,
1667 2272 1699 2326 at
1716 2260 1804 2330 vidit
1822 2276 1856 2331 et
1874 2268 2011 2338 audivit
2025 2272 2096 2338 cla-

61 2352 180 2420 hulam
213 2374 300 2423 esse,
359 2348 468 2436 Multi
497 2352 601 2420 etiam
624 2365 791 2444 tanquam
822 2352 1054 2442 perniciosam
1105 2375 1181 2420 ram
1197 2375 1319 2420 vocem
1337 2354 1470 2424 aeterni
1490 2358 1614 2445 patris:
1647 2356 1717 2429 Hic
1739 2356 1902 2436 estfilius
1927 2376 2098 2441 nietrsdi-

59 2456 260 2527 doctrinam
275 2456 447 2538 oderunt,
473 2467 507 2525 et
524 2453 641 2523 delere
658 2454 776 2524 conati
791 2468 887 2526 stant.
1106 2455 1225 2522 lectus.
1263 2452 1380 2525 Multa
1398 2458 1508 2546 igitur
1524 2460 1692 2531 miracula
1709 2485 1939 2554 concurrunt,
1961 2471 2099 2543 Zacha-

156 2554 259 2626 Haec
282 2558 392 2647 igitur
413 2558 572 2626 narratio
593 2570 737 2641 monet,
778 2557 895 2649 qualis
916 2556 961 2628 sit
985 2552 1053 2625 Ee·
1105 2558 1196 2639 riae,
1221 2553 1427 2637 Elisabeth,
1453 2557 1615 2647 loannis,
1649 2590 1738 2657 qnae
1763 2571 1881 2639 onnia
1898 2574 2097 2666 colligenda

61 2657 185 2728 clasiae
224 2661 370 2750 species.
430 2658 535 2731 Velut
561 2682 669 2749 parva
701 2659 855 2728 scintilla
884 2659 995 2749 litiget
1017 2660 1055 2726 in
1104 2671 1207 2741 stant,
1240 2674 1278 2728 ut
1305 2661 1513 2732 confirment
1537 2665 1778 2738 testimoninm
1805 2668 1968 2760 loannis,
2002 2682 2098 2772 quod

62 2776 182 2843 mm,
212 2761 265 2831 εἰς
285 2761 520 2849 Εηῃμιὶιιηι
546 2777 595 2832 est
623 2760 809 2832 flammula
838 2761 979 2850 fulgens
1011 2758 1050 2832 iu
1104 2764 1149 2830 de
1169 2760 1245 2830 tilio
1270 2761 1406 2832 Mariae
1428 2765 1535 2844 dixit,
1581 2782 1616 2838 et
1640 2765 1724 2840 haec
1754 2777 1857 2845 multi
1884 2778 1933 2868 pii
1959 2797 2098 2856 norant.

61 2863 262 2956 aliquibus,
294 2888 376 2934 cum
400 2864 544 2934 interim
564 2863 694 2933 caeteri
716 2887 840 2933 omnes
866 2864 939 2934 sint
955 2878 1053 2933 tene·
1104 2862 1258 2956 Reliqua
1276 2866 1469 2937 multitudo
1486 2869 1593 2959 impia
1611 2873 1806 2948 deridebat.

62 2965 153 3034 hm·
216 2965 430 3058 &petimur
448 2981 567 3036 amem
591 2962 746 3036 humma
771 2966 902 3037 pudici-2
924 2960 1053 3035 abhor.
1209 2964 1304 3035 Haec
1322 2968 1402 3036 ideo
1428 2971 1603 3058 praefatus
1618 2998 1717 3054 sum,
1746 2995 1784 3048 ut
1799 2984 2025 3054 autoritatem
2044 3001 2098 3057 te·

62 3088 134 3136 rere
155 3064 287 3139 abbae
309 3069 425 3160 specie
446 3064 645 3151 Ecclesiae,
670 3070 844 3139 miramur
867 3070 1054 3137 maximam
1104 3068 1355 3139 stimoniorum
1377 3071 1416 3138 in
1440 3069 1597 3143 Ecclesia
1622 3080 1929 3169 magnifacimus,
1961 3088 2098 3159 etiamsi

63 3163 208 3240 humani
238 3172 377 3260 generis
408 3184 544 3262 partem
575 3171 740 3252 interire,
777 3172 871 3241 etin
896 3186 1054 3241 aeternas
1105 3171 1302 3263 spectacula
1323 3172 1556 3261 imperiorum
1578 3178 1688 3266 magis
1703 3180 1890 3256 incurrunt
1910 3185 1950 3257 in
1964 3191 2098 3272 oculos,

62 3294 192 3361 pom,
209 3272 330 3348 ahiiei,
379 3272 452 3345 Sed
475 3287 623 3364 propter
637 3267 730 3342 hanc
747 3273 980 3343 offensionem
997 3298 1054 3342 ra·
1105 3298 1212 3367 qnam
1239 3274 1392 3342 mirandi
1418 3292 1584 3360 eventus,
1619 3306 1708 3373 quos
1732 3280 1828 3355 Dens
1850 3288 2006 3388 impertit
2028 3289 2099 3364 Ec-

62 3375 168 3443 tionis
202 3398 279 3444 non
309 3375 515 3446 deficiamus
539 3400 560 3446 a
583 3376 677 3459 Deo,
715 3400 756 3444 ac
778 3400 820 3445 eo
844 3377 955 3465 magis
979 3376 1055 3444 eius
1106 3377 1241 3447 clesiae.
1293 3375 1520 3450 Praedixerat
1532 3378 1628 3452 Deus
1651 3408 1713 3474 per
1727 3385 1942 3461 Malachiam
1959 3417 1995 3462 se
2013 3396 2100 3465 mis·

63 3477 235 3547 indicium
260 3479 410 3550 stiram
436 3490 653 3562 metuamus,
691 3492 724 3548 ct
750 3474 947 3568 Evangelio
968 3479 1053 3548 obe·
1106 3503 1228 3549 surum
1254 3503 1328 3549 esse
1351 3484 1524 3551 nuncium
1548 3486 1734 3572 eximium,
1767 3494 2034 3567 testificatnrnm
2056 3502 2100 3567 de

61 3579 211 3651 dmm
1108 3580 1259 3651 Messiae
1289 3584 1465 3663 adventu,
1494 3599 1528 3655 et
1562 3611 1605 3656 ne
1635 3592 1767 3660 deesset
1792 3598 1982 3683 autoritas,
2017 3596 2101 3670 huic

1108 3684 1311 3754 testimonio
1345 3686 1457 3756 multa
1486 3687 1653 3759 miracula
1686 3693 1722 3759 iu
1752 3691 1941 3784 Zacharia,
1983 3698 2102 3773 Elias-

1107 3781 1211 3870 beth,
1240 3784 1374 3855 Ioanne
1400 3788 1522 3863 allinit,
1574 3789 1632 3862 Fit
1659 3794 1768 3882 igitur
1788 3802 1922 3871 mentio
1947 3801 2102 3889 loannis,

154 3887 338 3981 Superior
354 3911 435 3980 pars
458 3890 562 3958 docet
579 3887 747 3957 lectorem
768 3888 814 3957 de
837 3903 965 3960 natura
989 3890 1053 3959 filii
1108 3903 1147 3958 ut
1172 3888 1257 3957 tides
1270 3884 1448 3959 Ecclesiae
1470 3890 1716 3976 confirmetur,
1755 3901 1911 3972 collectis
1934 3907 2100 3975 oscinibus

60 3987 144 4077 Μ,
169 3988 1054 4085 wemmam,mumfiommmmmhuma.
1107 3991 1179 4059 illis
1207 3992 1420 4061 testimoniis
1444 4009 1474 4063 et
1499 3996 1701 4080 miraculis,
1738 4015 1771 4072 et
1794 4017 1833 4071 nt
1859 4008 2033 4076 admoniti
2057 4012 2101 4078 de
2139 4008 2142 4013 ’

60 4096 223 4165 asciuit.
274 4092 436 4186 Sequens
454 4094 613 4163 narratio
637 4093 911 4164 concionabitur
933 4098 978 4164 de
998 4118 1054 4164 as-
1108 4093 1342 4186 promissiuue
1370 4096 1408 4163 in
1431 4094 1628 4183 Malachia‚
1675 4125 1905 4190 agnoscamus
1934 4126 2101 4181 eventtun

61 4198 237 4269 sumtioue
250 4206 401 4266 naturas
417 4191 612 4279 humanae,
643 4209 681 4267 et
699 4196 906 4289 priusquam
928 4197 973 4266 de
991 4200 1055 4266 ad·
1107 4218 1303 4284 congruere
1324 4192 1550 4290 prophetiae,
1576 4214 1609 4271 et
1632 4203 1830 4275 doctrinam
1851 4214 1895 4279 de
1913 4210 2042 4282 Mcssia
2059 4239 2101 4285 ex

61 4314 164 4371 ventu
179 4300 248 4370 lilii
266 4296 334 4368 Dei
357 4300 541 4391 loquatur,
563 4299 783 4370 mentionem
811 4298 893 4371 lacit
910 4297 1054 4368 loannis
1106 4294 1298 4394 Prophetis
1326 4303 1370 4368 sd
1403 4302 1681 4372 confirmandam
1721 4307 1827 4377 lidem
1866 4315 2100 4406 requiramus.

64 4398 239 4494 Baptistae
255 4415 403 4498 propter
417 4403 506 4471 duas
529 4422 669 4485 causas,
694 4426 845 4494 quacum
867 4402 968 4492 prior
990 4415 1053 4483 est,
1105 4396 1203 4471 Haec
1218 4403 1264 4470 de
1278 4403 1396 4492 priore
1411 4426 1513 4473 causa
1530 4407 1709 4477 monuisse
1725 4414 1811 4481 satis
1827 4425 1889 4488 eu.

64 4519 100 4575 nt
121 4506 250 4595 alleget
276 4503 519 4574 testimonium
540 4500 722 4595 Baptistae
746 4507 790 4571 de
815 4502 965 4586 Messia,
997 4528 1052 4574 se·
1208 4517 1333 4592 Adieci
1357 4538 1390 4592 et
1416 4523 1563 4593 alteram
1585 4552 1744 4613 causam,
1783 4534 1858 4602 lieri
1884 4538 2101 4608 mentionem

62 4612 192 4693 cunda,
217 4606 455 4683 ut.discernat
469 4604 640 4676 Messinm
655 4631 674 4675 a
689 4603 862 4696 Baptista,
886 4621 920 4678 el
935 4608 1053 4676 omni·
1105 4622 1301 4712 Baptistae,
1350 4639 1391 4695 ut
1420 4627 1670 4701 discernantur

64 4711 123 4780 bus
132 4705 327 4802 Prophetis
341 4722 377 4780 et
391 4710 471 4778 aliis
485 4709 660 4778 ministris
678 4708 862 4777 doctrinae
880 4710 1052 4781 coelestis.
1105 4724 1252 4797 christi,
1305 4727 1391 4797 Ideo
1407 4729 1527 4800 addit:

157 4811 216 4885 De
236 4811 349 4904 priori
372 4812 529 4881 breviter
551 4812 686 4881 dicam:
711 4810 860 4902 Negotia
884 4813 1055 4903 imperio·
1389 4883 1396 4899 .
1827 4890 1835 4907 .
1930 4892 1937 4910 .

64 4938 159 5006 rnen,
184 4930 228 4986 ut
254 4913 426 4985 victoriae
441 4911 657 4998 Alexandri,
684 4913 863 5005 Scipionis
878 4930 939 4986 ant
960 4914 1055 5002 lulii,
1154 4874 1252 5002 ΝΜ,
1273 4892 1353 4953 ²⁷⁰²
1381 4880 1446 4955 'H‘
1473 4881 1563 5005 ’μ’
1590 4882 1658 4958 Sed
1682 4897 1723 4959 m
1748 4900 1997 4968 “mmm
2021 4922 2101 4995 μα’

64 5018 248 5089 incurrunt
269 5017 309 5086 in
330 5017 453 5087 oculos
475 5012 684 5100 bominum,
711 5031 745 5086 et
762 5013 893 5087 habent
909 5018 1055 5088 eviden·
1208 4978 1346 5059 'mm
1375 4982 1418 5058 ἀι
1443 4984 1591 5061 lu'mm‘

65 5120 107 5189 tia
137 5119 343 5191 testimonia
370 5119 557 5190 universae
590 5119 834 5191 multitudinis
864 5122 903 5189 in
933 5121 1055 5192 multis
1211 5122 1395 5194 {obtritum
1421 5141 1471 5194 est
1486 5127 1675 5198 discrimen
1697 5130 1791 5200 inter
1809 5132 1976 5204 Messinm
1998 5153 2031 5208 et
2049 5165 2104 5209 re-

66 5229 197 5313 magnia
219 5222 397 5313 gentibus.
455 5221 525 5295 Sed
550 5246 590 5292 ea
617 5246 708 5315 quae
730 5237 904 5311 geruntur
928 5224 966 5292 in
986 5221 1054 5294 Ec·
1108 5225 1247 5320 liquum
1281 5242 1398 5298 tolum
1422 5244 1561 5300 melum
1595 5228 1875 5323 Pl⁰l³b0¹³¹⁸¹¹¹ls
1909 5235 2103 5331 All⁰⁸¹⁰¹⁰·

68 5324 162 5396 tlesia
180 5325 324 5396 nonita
348 5326 607 5397 cernunturab
628 5324 794 5394 universa
815 5326 1057 5409 multitudine,
1107 5352 1189 5398 nam
1219 5343 1252 5400 et
1281 5327 1496 5415 Doctorum,
1530 5345 1698 5424 utsupra
1721 5337 1808 5407 dixi.
1881 5338 1988 5413 Solus
2010 5344 2106 5414 filius

69 5440 231 5499 ettamen
249 5426 385 5521 aliquis
405 5441 457 5497 est
480 5440 618 5511 coetus,
641 5427 680 5496 in
696 5452 769 5521 quo
785 5441 877 5499 certe
900 5442 937 5500 et
955 5429 1055 5499 firma
1108 5430 1175 5502 Dei
1191 5432 1259 5505 luit
1274 5434 1434 5520 victima,
1459 5435 1664 5527 etpretium
1688 5461 1754 5531 pro
1780 5460 1910 5530 genere
1935 5439 2103 5517 hermano.

111 5535 289 5601 Macares.
320 5534 425 5599 Orn'.
453 5534 534 5599 Vos.
553 5528 631 5600 XV.
1380 5537 1405 5607 2

112 676 169 751 Et
189 676 262 753 lux
282 681 325 751 in
346 676 501 753 tenebris
517 675 629 765 lucet,
654 688 687 749 et
702 674 873 751 tenebrae
885 699 966 748 eam
981 701 1058 748 non

163 776 525 882 comprehenderunt.

61 3742 152 3823 Fau
177 3745 294 3823 bomo
318 3748 455 3823 musas
479 3775 505 3821 o
527 3746 614 3823 Deo
640 3749 701 3822 cui
726 3776 857 3823 nomen
873 3748 1053 3825 Ioannes.

1717 4633 1870 4706 ministri
1901 4663 1919 4706 a
1951 4664 2102 4731 persona
