4522 5782
29 186 113 285 erg
228 184 328 267 xm
379 160 811 285 econamum
835 182 887 261 us
913 179 1074 259 misr.
1099 178 1249 261 raum
1275 176 1344 259 ao
1370 177 1631 259 nominos.
1688 180 1792 261 car.
1814 172 1882 267 tx.
1997 186 2080 269 sn.

30 360 165 449 Denso.
211 360 282 439 snt
299 356 387 437 baec
403 361 651 454 intempestiva
675 355 919 453 interpretatio
940 355 1026 427 reii-
1076 356 1263 449 populum.
1298 353 1357 427 llli
1373 368 1517 427 econtra
1530 354 1761 447 obiiciebant,
1774 357 1967 453 Apostolos
1981 382 2071 453 pan..

34 464 164 543 cienda
193 480 259 540 est.
323 462 372 541 Et
397 479 536 539 constat
566 478 706 535 sanctos
731 486 833 557 posse
860 458 953 545 labi,
991 472 1028 531 et
1076 482 1136 530 cos
1158 460 1330 553 quosdam
1360 460 1548 531 seditiosos
1580 453 1742 532 bomines
1766 486 1867 548 esse,
1908 464 2069 556 quinon

35 567 199 641 amittere
210 566 386 661 Spiritum
405 580 587 653 sanctum,
611 580 646 637 et
669 570 774 637 fidem
800 589 840 635 ac
863 558 1027 633 dilectio·
1074 561 1148 631 sint
1169 561 1333 653 populus.
1384 558 1436 633 Ut
1452 561 1561 650 igitur
1581 562 1696 633 diluat
1719 559 1788 635 boc
1809 581 2070 655 argumentum,

39 692 131 743 uem.
182 668 285 743 Sicut
309 670 483 741 Davidem
503 664 677 765 propheta
693 662 837 741 liatban
859 666 1027 736 condem·
1075 686 1217 733 necesse
1233 661 1411 735 estPaulo
1427 664 1608 755 disputare
1628 665 1672 734 de
1694 661 1761 737 boc
1784 666 1951 738 scandalo
1977 691 2068 760 pau·

40 784 98 847 nat
112 786 261 866 propter
278 772 508 848 adulterium.
1076 765 1209 849 citatis,
1234 779 1268 836 et
1284 768 1485 837 discernere
1503 765 1672 855 populum
1684 764 1750 837 Dei
1768 772 1813 840 ab
1830 793 1885 853 eo,
1899 768 1962 864 qui
1977 768 2066 841 titu-

139 872 262 963 Quare
291 874 400 965 igitur
430 874 518 947 dicit
549 874 776 945 dilectionem
806 868 872 943 Dei
902 894 1025 961 perpe·
1076 867 1149 936 lom
1165 881 1278 952 tenet,
1304 883 1424 963 estque
1440 868 1536 937 utilis
1552 862 1638 938 haec
1653 870 1827 944 doctrina.
2054 868 2071 915 (

44 989 134 1045 tuam
158 975 258 1047 esse?
282 974 513 1067 Respondeo:
540 976 589 1050 Ut
615 976 802 1069 promissio
826 974 1025 1059 evangelica
1179 966 1361 1041 Omnibus
1391 971 1564 1040 aetatibus
1586 972 1658 1040 duo
1684 987 1767 1043 sunt
1789 971 1968 1045 Ecclesiae
1985 996 2065 1043 cor·

46 1091 88 1151 est
110 1094 280 1169 perpetue
301 1094 335 1153 et
356 1093 450 1164 rata,
482 1082 542 1150 sed
569 1080 636 1166 ita,
668 1093 709 1150 ut
731 1077 889 1171 requirat
908 1078 1026 1160 iidem,
1076 1094 1182 1161 pora,
1210 1071 1360 1143 alterum
1383 1096 1485 1141 verae
1507 1069 1707 1158 Ecclesiae,
1738 1074 1889 1149 alterum
1910 1075 2065 1165 gerentis

47 1176 86 1247 ita
108 1174 314 1252 bicPanlus
337 1182 562 1252 credentibus
586 1180 764 1274 loquitur,
791 1177 890 1273 quasi
915 1178 1025 1248 dicat:
1075 1173 1239 1260 titulum,
1280 1199 1370 1268 qnae
1398 1188 1515 1243 tamen
1543 1177 1766 1266 persequitur
1797 1201 1916 1247 veram
1938 1172 2065 1248 Eccle·
2209 1268 2212 1275 Ι

46 1276 231 1373 Tantisper
259 1286 345 1353 dum
375 1282 516 1369 credis,
558 1284 644 1355 dum
673 1285 718 1353 de
749 1284 818 1352 bde
840 1292 1027 1367 stratentas,
1074 1274 1174 1345 siam.
1231 1272 1280 1349 Et
1302 1299 1431 1370 magna
1452 1290 1503 1347 est
1523 1276 1713 1362 autoritas,
1757 1302 1883 1369 magna
1905 1278 2065 1371 potentia

47 1382 273 1457 certissimum
291 1400 363 1466 est,
388 1398 500 1457 ratam
522 1407 597 1456 esse
613 1385 839 1455 dilectionem
858 1382 927 1455 Dei
944 1405 1025 1472 erga
1074 1376 1173 1449 illius
1193 1379 1349 1469 gerentis
1373 1378 1527 1450 titulum.
1583 1375 1667 1447 ldeo
1689 1402 1734 1449 ne
1758 1382 1982 1471 decipiantur
2006 1380 2065 1450 in-

47 1499 86 1559 te.
132 1480 215 1575 ‘Est
243 1486 352 1579 igitur
385 1488 577 1560 sententia:
612 1486 716 1559 Haud
741 1487 850 1558 dubie
871 1485 1026 1571 dilectio,
1076 1478 1188 1563 brmi,
1216 1504 1355 1553 necesse
1377 1493 1430 1551 est
1453 1478 1588 1549 muniri
1607 1478 2062 1571 pioscoutraltancexter-

49 1610 109 1681 qna
121 1582 221 1661 Deus
235 1614 301 1661 nos
324 1589 461 1683 diligit,
487 1614 626 1683 semper
644 1603 733 1676 rata,
757 1590 857 1659 brma
883 1602 918 1659 et
932 1599 1026 1659 certa
1074 1606 1156 1651 nam
1182 1583 1353 1675 speciem,
1385 1596 1426 1653 ιιι
1447 1581 1607 1675 quae'sit
1638 1605 1721 1653 vera
1743 1580 1922 1677 Ecclesia,
1959 1606 2062 1653 verns
2151 1644 2154 1649 .

49 1704 95 1761 ιιι
111 1690 277 1763 credenti.
329 1690 426 1763 Haec
449 1707 501 1764 est
521 1692 664 1786 propria
678 1690 865 1782 Evangelii
889 1690 1025 1775 concio,
1075 1685 1228 1777 populus
1242 1682 1308 1755 Dei
1324 1684 1404 1779 quis
1421 1684 1485 1768 sit,
1509 1681 1721 1773 intelligant.

46 1804 197 1881 utsupra
212 1794 348 1865 dictum
364 1805 429 1865 est.
475 1792 558 1867 ldeo
576 1792 707 1866 Paulus
724 1789 782 1865 bic
799 1794 836 1864 in
852 1792 922 1863 fine
939 1816 1025 1864 con·
1179 1786 1229 1859 lta
1260 1812 1357 1859 nunc
1388 1810 1530 1881 quoque
1559 1800 1869 1874 argumentantur:
1902 1786 2061 1867 Ecclesia
2156 1848 2162 1859 ,

47 1892 223 1965 solatiante
239 1896 430 1987 amplificat
447 1921 537 1973 eam,
1073 1911 1148 1959 non
1171 1904 1285 1981 potest
1314 1913 1450 1969 errare,
1480 1883 1716 1977 congregatio
1739 1891 2004 1983 episcoporum,
2026 1914 2062 1972 et

135 1994 214 2067 Alii
229 1999 455 2069 detorserunt
480 1999 523 2069 ad
549 1998 882 2092 praedestationem,
903 1997 963 2069 sed
983 2022 1024 2069 eo
1073 1993 1315 2076 teterrimum,
1358 2005 1391 2062 el
1420 1994 1623 2076 sequacium
1653 2004 1706 2061 ast
1742 1986 1923 2080 Ecclesia,
1962 1996 2060 2090 Ergo

48 2096 226 2171 decurrere
251 2100 290 2172 in
314 2094 483 2171 hocloco
506 2125 581 2201 non
604 2115 655 2173 est
679 2125 780 2194 opus.
847 2098 1026 2197 Loquitur
1075 2089 1161 2164 haec
1184 2094 1408 2186 congregatio
1441 2116 1515 2161 non
1540 2104 1656 2183 potest
1685 2116 1813 2169 errare.
1878 2094 2062 2173 Minorem

48 2202 130 2271 enim
145 2204 193 2273 de
208 2216 328 2275 nostra
343 2202 504 2276 victoria.
536 2198 584 2275 Et
599 2203 776 2276 vincimus
790 2204 941 2274 revelata
957 2202 1026 2273 mi·
1075 2198 1248 2287 probant,
1273 2199 1355 2290 quia
1372 2191 1408 2264 bi
1426 2194 1492 2265 soli
1511 2206 1563 2265 tot
1578 2192 1705 2264 seculis
1722 2195 1869 2268 luerunt
1890 2198 1928 2270 in
1952 2202 2063 2272 mini·

50 2302 228 2376 sericordia
245 2317 280 2377 et
299 2306 492 2377 dilectione
508 2306 546 2375 in
563 2308 693 2389 verbo,
719 2332 798 2377 cnm
824 2301 917 2376 banc
939 2329 1025 2374 con·
1073 2300 1181 2369 sterio
1197 2298 1319 2379 verbi,
1349 2292 1483 2368 hebeni
1509 2309 1648 2388 patrum
1672 2298 1830 2392 exempla
1851 2312 1936 2389 eto,
1963 2299 2061 2397 Ergo

49 2404 245 2477 solationem
261 2408 482 2499 'opponimus
502 2409 699 2479 terroribus
722 2407 855 2501 peccati
879 2422 913 2480 et
928 2432 1025 2479 mor·
1073 2396 1340 2473 suntEcelcsin·

50 2506 95 2577 tis.
142 2504 266 2599 Quare
288 2510 437 2601 simplex
454 2524 488 2581 et
505 2510 611 2602 plana
631 2511 805 2581 sententia
823 2510 909 2595 erit',
937 2510 1025 2580 side
1176 2501 1247 2573 Hic
1262 2524 1402 2573 necesse
1419 2516 1469 2575 est
1491 2503 1696 2585 ostendere,
1721 2502 1817 2595 quod
1835 2505 1973 2578 etiamsi
1990 2507 2063 2581 sint

52 2606 263 2681 credentibus
278 2609 511 2701 intelligatur.
563 2608 613 2682 Hi
629 2627 783 2684 statuere
798 2615 927 2685 debent
944 2636 1025 2684 vere
1074 2604 1113 2675 iu
1135 2606 1214 2677 loco
1235 2605 1444 2691 ministerii,
1480 2616 1598 2675 tamen
1620 2605 1650 2673 si
1674 2605 1802 2676 docent
1825 2607 1953 2700 impia,
1987 2635 2062 2681 non

53 2724 179 2784 esserto
193 2734 231 2785 se
249 2712 353 2805 diligi
370 2737 390 2783 a
407 2711 483 2784 Deo
500 2728 645 2809 propter
660 2710 854 2789 Christum.
1074 2704 1228 2779 babeant
1244 2708 1482 2779 ministerium
1500 2702 1706 2795 Evangelii,
1723 2707 1875 2779 necsint
1891 2706 2061 2788 Ecclesia.

10 2834 12 2839 ·
1074 2809 1156 2881 Non
1187 2823 1242 2881 est
1272 2823 1389 2880 antem
1422 2810 1499 2880 leve
1527 2809 1753 2893 scandalum,
1796 2806 1934 2879 detrahi
1966 2808 2062 2885 bunc

10 3072 15 3083 .
406 2958 547 3073 copus
570 2963 651 3051 1X·
1073 2907 2064 3108 {battitiissil?lt‘illlt‘tlftl‘tt:

135 3106 288 3181 Prorsus
308 3136 400 3182 nova
422 3113 615 3205 disputatio
640 3112 857 3203 instituitur,
890 3113 928 3183 in
952 3138 1022 3208 qua
1072 3117 1220 3188 cerrima
1237 3115 1415 3199 ordinato,
1439 3129 1474 3187 et
1490 3113 1643 3184 coulerri
1659 3107 1756 3184 bunc
1771 3127 1958 3204 augustum
1975 3120 2062 3190 titu-

10 3244 16 3251 ·
53 3212 173 3283 tametsi
187 3214 385 3284 doctrinam
412 3216 455 3284 de
477 3216 723 3288 iustificatione
742 3216 873 3286 alicubi
896 3217 1023 3308 repetit
1072 3219 1148 3290 lum
1164 3218 1203 3286 in
1224 3240 1356 3309 paucos
1376 3216 1531 3287 abiectos
1550 3228 1585 3286 et
1603 3215 1844 3301 calamitosos,
1866 3219 2060 3312 etquidem

10 3326 14 3359 ³
52 3314 286 3400 etintertexit,
309 3328 427 3386 tamen
448 3317 536 3387 duas
550 3319 638 3388 alias
658 3319 821 3388 materias
842 3318 1021 3411 principa·
1072 3321 1135 3415 qni
1150 3321 1339 3391 videantur
1351 3319 1516 3391 seditiose
1539 3317 1748 3389 tumultuari
1772 3319 1939 3392 adversus
1961 3323 2061 3391 ordi-

52 3412 118 3489 liter
130 3422 276 3503 tractat,
302 3415 485 3500 videlicet,
512 3417 604 3508 Quis
619 3422 665 3493 sit
678 3442 758 3490 vere
773 3422 926 3511 populus
941 3420 1022 3508 Dei,
1073 3424 1209 3493 nariam
1232 3424 1384 3493 sormam
1404 3416 1595 3491 Ecclesiae.
1659 3414 1740 3489 Hoc
1765 3420 1931 3491 scandalo
1956 3424 2062 3495 multi

11 3546 14 3553 ·
51 3538 99 3589 ten
116 3519 270 3617 quaesit
286 3542 368 3590 vera
383 3516 565 3591 Ecclesia?
593 3518 640 3594 Et
656 3524 901 3594 devocatione
919 3520 1021 3595 Gen·
1072 3527 1297 3597 deterrentur
1327 3524 1373 3594 ab
1403 3519 1624 3613 Evangelio,
1663 3538 1698 3590 et
1729 3543 1750 3590 a
1781 3544 1864 3591 vera
1892 3518 2063 3600 Ecclesia.

11 3610 15 3619 ’
50 3620 140 3699 tium.
188 3618 281 3693 Nam
300 3619 419 3693 ludaei
435 3622 673 3710 obiiciebant,
695 3626 857 3695 nondum
873 3648 947 3695 esse
961 3651 1020 3696 ex·
1073 3624 1158 3698 ldeo
1189 3627 1342 3697 docendi
1368 3637 1453 3698 snut
1477 3618 1639 3695 homines
1665 3624 1710 3691 de
1735 3623 1930 3709 electione,
1963 3629 2059 3718 quod

49 3716 167 3795 libitas
186 3725 470 3811 promissiones,
506 3749 615 3819 quare
641 3727 903 3799 contendebant
927 3752 1021 3797 non·
1071 3753 1153 3802 vera
1174 3727 1331 3801 Ecclesia
1353 3727 1417 3812 sit,
1449 3750 1524 3795 non
1547 3726 1727 3819 quaelibet
1753 3725 1965 3812 multitudo,
1997 3732 2057 3798 sed

48 3824 121 3897 dum
136 3825 342 3917 apparuisse
355 3823 549 3902 Christum.
1071 3829 1173 3905 electi
1199 3844 1235 3903 et
1262 3830 1377 3903 vocati
1399 3830 1443 3899 ad
1469 3825 1723 3918 Evangelium,
1755 3826 1948 3899 retinentes
1977 3854 2059 3900 ver·

135 3924 198 4001 Sic
215 3926 311 3995 enirn
334 3930 689 4018 argumentabantnr:
706 3926 894 4022 ,Populum
913 3955 1019 4025 opor·
1072 3935 1158 4005 bum
1179 3930 1266 4016 Dei,
1305 3946 1340 4005 et
1359 3941 1622 4024 propugnantes
1652 3930 1819 3999 adversus
1850 3929 2058 4020 sapientiam

48 4038 92 4101 tet
104 4028 271 4123 consequi
297 4028 565 4117 promissiones,
590 4054 670 4103 cum
695 4032 831 4104 venerit
846 4028 1021 4127 Christus,
1072 4048 1108 4109 et
1128 4035 1322 4128 potentiam
1344 4032 1484 4107 muudi.

47 4130 189 4223 popnlus
213 4124 308 4201 nihil
331 4145 382 4203 est
404 4146 631 4219 consecutus,
651 4130 748 4225 Ergo
768 4136 1022 4226 promissiones
1172 4135 1271 4209 Haec
1294 4150 1346 4207 est
1367 4135 1504 4207 occasio
1519 4130 1693 4237 Paulinae
1714 4129 1968 4222 disputationis
1990 4129 2058 4205 boc

46 4236 199 4305 nondum
220 4245 306 4302 sunt
331 4226 527 4319 exhibitae,
567 4259 633 4306 nec
663 4237 828 4327 apparuit
846 4233 1021 4310 Christus.
1073 4240 1164 4312 loco.
1212 4237 1303 4310 Nam
1319 4236 1442 4309 ludaei
1457 4231 1542 4306 baec
1556 4235 1628 4305 duo
1643 4245 1849 4323 argumenta
1863 4234 2056 4324 agitabant,

45 4332 217 4407 ilinoreru
235 4335 450 4425 probabant,
474 4336 557 4431 quia
580 4338 732 4429 populns
753 4339 925 4428 significat
945 4365 1020 4410 non
1071 4366 1109 4413 se
1131 4364 1206 4413 esse
1226 4341 1398 4434 populum
1421 4336 1506 4424 Dei,
1547 4333 1642 4426 Ergo
1664 4335 1734 4404 nisi
1764 4334 1869 4425 ipsis,
1905 4330 1973 4406 boc
1995 4350 2059 4423 est,

42 4460 163 4527 paucos
189 4438 381 4531 quosdam,
410 4451 579 4531 tanquam
602 4439 814 4511 seditionem
838 4442 1019 4513 concitan·
1071 4444 1136 4516 toti
1154 4443 1317 4516 Iudaicae
1332 4441 1477 4534 politiae
1492 4439 1619 4508 melius
1636 4449 1743 4521 esset,
1767 4436 1931 4507 nondum
1957 4433 2057 4509 exbi-

41 4550 100 4629 tes,
132 4540 197 4611 sed
220 4538 392 4627 significat
409 4536 612 4634 Principes,
635 4538 862 4626 Sacerdotes,
887 4546 1022 4630 doctos,
1071 4548 1164 4616 bitas
1192 4568 1265 4616 esse
1294 4542 1557 4634 promissiones.
1625 4536 1737 4623 ltem,
1768 4537 1852 4631 quia
1882 4538 1951 4628 ipsi
1984 4540 2057 4610 sint

37 4638 167 4723 boum,
192 4654 227 4711 et
242 4640 528 4713 florentissimam
545 4654 679 4734 partem
693 4644 819 4735 populi
841 4646 879 4717 iu
904 4647 1021 4740 quali·
1070 4672 1192 4719 semen
1232 4641 1424 4725 Abrabae,
1464 4666 1540 4713 non
1574 4641 1750 4733 pertineat
1785 4641 1973 4732 promissio
2009 4644 2055 4711 ad

33 4740 87 4820 brt
112 4742 275 4832 ttetputs
334 4740 387 4815 Ac
416 4744 455 4813 in
485 4742 627 4837 Repub.
657 4742 800 4818 ludaica
825 4745 1020 4841 Principes,
1073 4749 1217 4821 Gentes.

31 4842 263 4929 Sacerdotes,
286 4858 320 4917 et
339 4846 530 4939 praecipua
552 4869 634 4939 pars
653 4848 775 4939 populi
798 4874 873 4919 non
891 4852 1020 4921 sentie·
1172 4850 1242 4921 Hic
1263 4847 1396 4922 Paulus
1421 4846 1570 4941 opponit
1594 4844 1807 4918 contrariam
1828 4846 2055 4925 sententiam,

21 4944 87 5023 'lat
102 4972 144 5021 se
160 4946 289 5018 melius
311 4940 462 5033 habere,
485 4948 559 5020 imo
575 4949 686 5039 magis
703 4950 882 5043 magisque
895 4955 1021 5024 ruebat
1071 4955 1254 5039 videlicet,
1286 4952 1384 5046 quod
1404 4951 1557 5044 populus
1578 4944 1646 5017 Dei
1670 4948 1716 5018 sit
1738 4948 1908 5040 quaedam
1931 4946 2053 5015 multi-

27 5064 104 5127 tota
130 5046 295 5140 Respub.
346 5044 442 5140 Ergo
465 5072 689 5144 nequaquam
713 5050 919 5124 iudicabant
940 5078 1020 5124 sea
1070 5057 1158 5127 tudo
1195 5055 1302 5125 electa
1336 5077 1401 5146 per
1429 5050 1732 5133 misericordiam,
1778 5062 1811 5117 et
1838 5060 1961 5117 vocata
1991 5070 2054 5136 per

26 5152 181 5229 Christo
197 5150 339 5221 adiutos
353 5173 438 5225 esse.
490 5148 568 5222 Hoc
585 5166 792 5243 argumento
811 5156 914 5225 valde
936 5180 1019 5227 mo·
1069 5153 1317 5245 Evangeliom,
1332 5168 1365 5226 et
1381 5152 1591 5225 sanctificata
1607 5148 1854 5242 perspiritum
1870 5160 2051 5241 sanctum:

25 5260 215 5329 rebantur
237 5250 390 5331 infirmi,
421 5276 504 5323 nam
527 5257 623 5347 quod
644 5249 807 5346 Apostoli
827 5258 1020 5328 contende-
1069 5281 1136 5328 nec
1158 5258 1220 5327 bnt
1233 5258 1387 5349 populus
1401 5252 1469 5327 Dei
1484 5279 1546 5346 per
1561 5251 1847 5345 propagationem
1862 5248 2052 5332 carnalem,

21 5362 138 5445 bant,
165 5350 340 5427 erlribitas
359 5374 432 5425 esse
454 5354 726 5449 promissiones,
751 5356 925 5437 salvatum
946 5382 1019 5431 csse
1070 5374 1103 5432 et
1129 5361 1245 5433 cultus
1268 5358 1367 5451 legis,
1424 5355 1530 5527 liaica
1547 5369 1601 5490 gat
1620 5375 1758 5425 summa
1780 5350 1994 5439 sententiae,
2018 5365 2053 5424 et
