4522 5782
461 181 545 259 xit.
597 178 896 259 artmano
923 112 1427 261 unvisamma.
1476 173 1582 252 cao.
1607 178 1710 255 xxv.-

63 178 130 259 aas
2014 181 2090 255 soa

59 380 151 446 neo,
182 356 224 429 id
240 358 320 439 est,
353 376 412 425 roe
439 366 666 446 agnoscentes
697 354 948 444 mediatorem,
971 372 1042 427 sta-
1093 350 1429 439 comminiscuntur,
1455 365 1541 424 tunc
1556 354 1712 445 diligetis
1728 378 1802 437 me,
1828 381 1910 428 cum
1934 360 2004 451 legi
2027 383 2084 432 sa-

57 476 193 535 tuentes
226 483 291 531 vos
316 472 461 551 propter
482 485 539 531 nae
559 460 678 550 recipi.
742 458 790 529 Et
811 455 897 529 haee
918 462 1039 530 eadem
1093 457 1301 528 tisfeceritis.
1361 454 1443 526 Nou
1475 470 1526 527 est
1551 450 1639 525 haec
1659 456 1815 530 Mosaica
1837 463 1982 549 concio,
2020 468 2081 535 sed

55 566 136 633 lides
151 574 287 635 statuat
302 561 431 652 recipi,
457 576 492 633 et
506 563 667 635 exaudiri
683 582 803 652 preces
816 575 977 655 nostras,
1004 577 1038 634 et
1091 556 1245 642 Christi,
1270 560 1333 651 qui
1348 560 1494 628 mandat
1518 559 1687 650 accipiet
1709 561 1854 632 retineri
1878 566 2080 636 doctrinam

10 740 14 763 ,
52 689 122 735 nun
139 666 219 734 iore
234 686 292 733 eas
306 663 438 734 irritas.
1090 656 1275 749 Evangelii
1293 659 1365 743 sui,
1391 674 1425 732 et
1449 661 1546 731 credi
1562 657 1778 751 Evangelio,
1809 676 1844 734 et
1864 670 2079 756 amplecten-

150 764 315 855 Quioto:
349 761 560 853 Cogitantur
582 763 621 833 in
646 764 816 855 petitione
841 788 896 835 res
918 778 1038 855 peteu·
1090 765 1186 832 tibus
1199 758 1434 851 Evangelium
1450 762 1627 853 promittit
1641 762 1815 855 Spiritum
1835 781 2016 854 sanctum,
2042 788 2078 843 et
2129 830 2132 835 .

48 870 133 951 dae,
156 870 253 937 hona
269 866 414 958 spiritus
436 878 471 935 et
484 867 660 956 corporis,
685 867 775 936 sicut
801 880 835 936 ει
855 867 930 959 ipsa
950 892 1039 962 quo·
1090 863 1239 935 affirmat
1256 861 1352 935 hunc
1367 879 1505 938 coetum
1522 888 1595 934 esse
1610 862 1822 952 Ecclesiam,
1848 870 1973 955 idest,
2004 894 2077 943 esse

47 969 186 1040 tidiana
217 968 339 1061 petitio
373 967 560 1057 utriusque
589 969 728 1058 generis
759 968 855 1039 hona
880 972 1038 1060 comple·
1090 979 1227 1036 coetum
1250 968 1419 1037 dilectum
1446 966 1540 1051 Deo,
1582 967 1643 1059 qui
1671 968 1799 1039 retinet
1820 973 2004 1057 mandata,
2039 974 2074 1043 id

47 1071 170 1145 ctitur.
348 1140 352 1146 ,
1090 1082 1159 1156 εει,
1186 1070 1404 1155 doctrinam,
1430 1092 1536 1162 quam
1552 1066 1715 1139 Christus
1731 1072 1896 1158 tradidit,
1928 1087 1963 1144 et
1985 1074 2075 1147 sicut

148 1170 251 1243 Haec
275 1172 320 1242 de
341 1170 546 1263 precatione
563 1169 720 1241 breviter
742 1173 922 1254 recensui,
955 1174 1038 1267 quia
1089 1171 1253 1253 tradidit,
1279 1172 1442 1241 videlicet
1468 1168 1723 1257 Evangelium,
1759 1176 1854 1267 quod
1880 1178 1982 1245 docet
2008 1201 2074 1245 nos

44 1274 222 1344 illustrari
238 1270 306 1343 hoc
320 1275 453 1343 dictum
471 1285 586 1343 textus
609 1272 686 1341 sine
701 1268 766 1343 hac
783 1282 1036 1345 commemora·
1089 1274 1134 1339 dc
1164 1272 1380 1365 poenitentia
1402 1287 1436 1344 et
1457 1273 1666 1341 remissione
1686 1289 1929 1364 peccatorum,
1973 1291 2008 1347 et
2031 1281 2074 1347 de

44 1377 141 1445 tione
162 1398 239 1445 uon
255 1388 380 1467 potest.
413 1373 517 1445 Nunc
533 1375 572 1442 iu
588 1374 796 1466 quotidiana
814 1376 1038 1446 invocatione
1089 1374 1161 1444 vita
1184 1386 1326 1444 aeterna
1346 1389 1491 1467 propter
1513 1369 1712 1457 Christum,
1746 1389 1782 1447 et
1802 1379 1906 1449 docet
1928 1380 2008 1473 quis
2029 1381 2105 1451 sit'
2188 1382 2192 1387 ’

43 1472 111 1547 hoc
126 1479 269 1548 dictum
284 1478 388 1547 nohis
404 1499 663 1568 proponamus,
688 1489 723 1547 et
741 1478 969 1559 inculcemus,
996 1493 1038 1550 ut
1086 1471 1253 1548 Christus
1270 1478 1455 1551 mediator.

42 1580 214 1650 accedere
231 1580 275 1649 ad
294 1578 431 1663 Deum,
458 1590 492 1649 et
507 1591 625 1669 petere
644 1578 738 1648 bona
755 1579 940 1654 discamus.
993 1578 1036 1650 ln
1188 1575 1236 1648 Et
1250 1580 1393 1670 copulat
1414 1575 1482 1649 hoc
1502 1578 1581 1649 loco
1595 1574 1758 1649 Christus
1780 1577 2011 1671 Evangelium
2039 1599 2072 1655 et

43 1675 108 1750 hsc
130 1680 355 1771 experientia
374 1680 472 1752 licut
496 1675 583 1750 haec
607 1681 715 1749 verba
747 1680 961 1755 illustriora:
992 1684 1036 1753 ln
1087 1676 1260 1768 Spiritum
1288 1695 1468 1761 sanctum,
1506 1703 1571 1750 uec
1597 1680 1682 1749 ullis
1703 1683 1877 1771 promittit
1898 1683 2070 1775 Spiritum

42 1782 309 1867 numinemeo,
337 1783 374 1851 id
391 1793 455 1865 cst,
481 1806 537 1851 me
552 1796 780 1870 agnoscentes
795 1784 1038 1871 mediatorem,
1088 1781 1125 1855 S.
1149 1784 1216 1850 nisi
1243 1782 1305 1862 iis,
1340 1783 1401 1876 qui
1426 1785 1573 1866 docent,
1605 1783 1757 1852 audiunt
1788 1796 1822 1853 et
1850 1788 2071 1876 amplectuu-

42 1884 253 1954 cautisime
277 1884 506 1955 intercessore
528 1896 561 1954 ct
586 1886 812 1972 deprecatore
835 1908 900 1977 pro
924 1887 1037 1972 vobis,
1088 1897 1146 1952 tur
1167 1882 1412 1973 Evangelium.
1468 1880 1602 1953 Eadem
1634 1886 1805 1955 sententia
1832 1908 1912 1955 mox
1934 1903 2071 1978 repete-

42 1985 98 2055 cui
123 1999 231 2077 pater
252 1999 416 2057 aeternus
438 1986 625 2075 praecipue
653 1985 801 2056 tradidit
829 1989 1038 2077 promissio-2
1089 2000 1161 2054 tur:
1196 1985 1235 2055 Si
1251 1985 1331 2078 quis
1347 1985 1464 2074 diligit
1478 2008 1554 2070 me,
1586 2008 1786 2056 sermonem
1808 2010 1925 2056 meum
1952 2012 2069 2059 serva-

42 2108 121 2156 nem
149 2089 359 2171 sacerdotii,
393 2099 539 2179 propter
559 2110 616 2154 me
639 2100 733 2157 certo
759 2088 835 2158 vult
858 2091 1036 2175 exaudire,
1089 2088 1157 2171 bit,
1190 2100 1450 2176 etpatermeus
1465 2087 1588 2176 diliget
1603 2111 1702 2174 eum,
1735 2089 1828 2158 etad
1843 2110 1924 2157 eum
1951 2092 2071 2161 venie-

42 2200 122 2257 etse
136 2187 221 2258 vult
234 2188 285 2260 sic
298 2189 388 2273 coli,
416 2200 451 2257 et
473 2183 542 2258 hoc
563 2181 700 2257 honore
722 2189 834 2272 affici,
871 2192 1034 2262 videlicet
1088 2211 1184 2273 miss,
1211 2204 1245 2260 ει
1263 2191 1482 2260 mansionem
1506 2191 1600 2281 apud
1626 2212 1707 2259 eum
1727 2189 1906 2263 faciemus.
1959 2191 2069 2261 Pror-

42 2288 272 2359 iuvocatione
294 2290 383 2361 lacta
404 2289 492 2370 lide,
525 2312 586 2359 scu
611 2289 737 2359 fiducia
762 2292 898 2361 domiui
922 2294 1036 2365 nostri
1087 2313 1146 2360 sus
1165 2293 1258 2360 idem
1274 2306 1340 2377 εει,
1367 2291 1558 2384 quodiam
1583 2289 1675 2374 dixi,
1700 2289 1922 2361 deEcclesia.
1975 2291 2070 2364 Haec

43 2386 121 2461 lesu
144 2388 303 2476 Christi,
340 2391 448 2463 etsie
477 2392 684 2460 invocantes
714 2383 935 2484 experiemur
959 2396 1035 2464 sine
1087 2407 1138 2463 est
1168 2394 1264 2465 cuim
1293 2395 1451 2478 mansio,
1490 2394 1527 2462 id
1555 2406 1624 2476 est,
1663 2393 1833 2483 templum
1858 2389 1943 2479 Dei,
1978 2395 2069 2466 sicut

42 2491 112 2561 ulls
129 2493 359 2563 dubitatione
374 2514 493 2583 preces
508 2492 663 2563 ellicaces
679 2515 770 2580 esse,
804 2509 837 2565 et
855 2497 1035 2584 salutaria,
1085 2517 1187 2584 saepe
1203 2509 1238 2565 et
1254 2520 1334 2563 vere
1351 2494 1505 2567 Ecclesia
1520 2508 1666 2564 vocatur
1680 2495 1851 2585 templum
1871 2494 1958 2564 Dei:
1985 2496 2070 2567 Ser·
2177 2556 2182 2563 .

45 2616 131 2685 qnae
147 2606 298 2687 petunt,
325 2595 533 2685 impetrare,
567 2607 631 2667 etc.

386 2760 433 2835 Sa·
448 2757 612 2859 diligitis
628 2787 695 2839 me.

94 2919 98 2925 ·
141 2896 265 2971 Multa
288 2910 372 2969 aunt
395 2895 503 2970 huius
525 2899 652 2992 capitis
674 2900 828 2991 insignia
854 2900 967 2986 dicta,
1001 2916 1035 2974 ει

45 3002 146 3072 valde
160 3002 270 3090 digna
286 3003 477 3087 memoria,
510 3015 695 3093 utsupra:
731 3001 844 3074 Nemo
867 3004 964 3073 venit
989 3007 1033 3074 ad

44 3117 198 3195 patrem,
239 3102 310 3171 nisi
338 3126 403 3195 per
429 3104 556 3175 tilium.
612 3103 720 3174 Item:
747 3104 820 3193 Qui
845 3104 942 3175 videt
968 3132 1034 3191 me,

45 3205 137 3276 videt
158 3218 308 3296 patrem.
367 3201 472 3275 Item:
500 3204 680 3297 Quicquid
705 3205 875 3297 petieritis
900 3220 1032 3296 patrem

46 3305 82 3375 in
102 3306 252 3376 nomine
285 3328 387 3398 meo,
435 3299 504 3375 hoc
533 3305 672 3381 faciam.
738 3305 805 3378 His
836 3308 1033 3398 insignibus

46 3408 146 3479 etiam
173 3407 347 3500 quaedam
368 3420 553 3501 sequentes
577 3409 769 3497 particulae
794 3412 1033 3479 adnumeran-

46 3510 106 3579 dae
121 3521 248 3593 eruut,
273 3509 313 3577 in
327 3503 385 3578 his
398 3524 432 3579 et
449 3506 534 3578 baec
551 3511 725 3580 sententia
745 3525 813 3582 est:
849 3511 887 3580 Si
912 3513 1031 3601 diligi-

47 3609 87 3681 tis
104 3634 181 3690 me,
207 3612 372 3681 mandata
389 3634 467 3680 mes
482 3624 638 3692 servate,
672 3626 705 3680 et
729 3635 792 3700 ego
818 3614 949 3702 rogabo
969 3639 1027 3701 pa-

47 3726 147 3803 trem,
160 3724 210 3809 ¹et
226 3712 327 3782 dabit
343 3713 444 3782 vobis
459 3712 570 3781 alium
586 3713 812 3806 paracletum.
862 3714 953 3783 Nam
974 3713 1032 3785 hic

47 3812 139 3883 locus
154 3813 311 3903 primum
327 3804 429 3883 docet
444 3814 575 3905 quibus
591 3816 696 3885 detur
710 3815 866 3906 Spiritus
881 3832 1032 3888 sanctus.

48 3908 183 3985 Deinde
213 3916 301 4006 quid
325 3915 388 3984 sit:
417 3917 533 3985 tertio
557 3940 646 4008 quae
666 3917 739 3986 sint
760 3918 926 3987 beneficia
948 3944 1032 4009 pro-

47 4016 135 4109 pris,
161 4040 225 4085 seu
239 4018 301 4110 qui
317 4016 461 4085 effectus
478 4017 626 4107 proprii.
677 4019 731 4086 Ac
745 4021 959 4109 proponitur
974 4018 1031 4089 hic

46 4118 235 4211 descriptio
251 4142 293 4188 ac
307 4117 502 4188 consolatio
519 4114 694 4211 Ecclesiae
713 4120 931 4194 dulcissima.

140 4216 210 4291 Est
254 4232 371 4290 antem
407 4219 522 4309 prima
566 4235 599 4289 et
635 4222 821 4313 praecipua
860 4223 1031 4315 quaestio,

44 4319 212 4413 quidnam
243 4333 278 4391 et
305 4320 369 4390 ubi
401 4323 447 4390 sit
471 4321 648 4401 Ecclesia,
686 4345 747 4391 seu
769 4323 899 4416 quibus
929 4327 1032 4395 detur

44 4422 195 4513 Spiritus
218 4422 386 4492 sanctus?
425 4422 483 4492 Aa
510 4417 599 4491 hanc
622 4425 861 4515 quaestionem
885 4449 1031 4518 respon-

10 4524 250 4595 ··dentverha
266 4536 396 4594 textus:
428 4522 466 4593 Si
490 4522 638 4612 diligitis
663 4549 737 4606 me,
764 4529 930 4596 mandata
954 4552 1030 4596 mea

44 4640 194 4713 servate,
229 4641 264 4699 et
283 4625 414 4714 rogaho
434 4639 568 4714 patrem
585 4639 667 4709 eto,
705 4627 743 4695 id
766 4641 836 4706 est,
870 4628 931 4696 ille
953 4654 1032 4699 coc·

46 4740 116 4815 tus,
144 4728 212 4821 qui
228 4750 347 4796 meum
363 4721 598 4816 Evangelium
615 4729 734 4813 docet,
759 4730 878 4810 audit,
905 4744 938 4800 et
956 4756 1031 4799 arn-

1088 2609 1212 2666 vantes
1241 2620 1438 2667 sermonem
1469 2620 1606 2676 uteum,
1648 2597 1781 2679 idest,
1819 2596 2069 2686 amplectentes

1086 2696 1341 2788 Evangelium,
1367 2699 1516 2789 diligent
1533 2720 1606 2779 me,
1633 2721 1715 2765 vere
1732 2720 1788 2765 me
1805 2697 1940 2782 colent,
1960 2715 1992 2769 et
2012 2702 2068 2768 di-

1086 2800 1240 2889 ligentur
1255 2824 1275 2868 a
1292 2815 1388 2889 patre
1405 2822 1502 2880 meo,
1537 2800 1622 2870 etin
1645 2794 1701 2868 his
1723 2793 1980 2884 habitabimus,
2006 2802 2068 2893 qui
2094 2862 2097 2867 .

1086 2917 1190 2971 erunt
1204 2903 1374 2992 templum
1392 2917 1426 2972 et
1443 2898 1599 2971 Ecclesia
1617 2913 1735 2970 nostra
1752 2914 1908 2980 aeterua,
1938 2898 1992 2970 his
2015 2904 2068 2971 vi-

1086 3017 1157 3073 tam
1181 3016 1215 3072 et
1237 3005 1384 3092 gloriam
1407 3016 1584 3073 aeternam
1610 3003 1784 3074 dabimus.
1850 3000 1930 3071 Nou
1959 3004 2068 3091 igitur

1086 3106 1258 3174 incertum
1276 3120 1432 3196 est-quae
1446 3105 1513 3189 sit,
1538 3118 1571 3174 et
1584 3102 1647 3174 ubi
1663 3103 1708 3171 sit
1720 3101 1893 3187 Ecclesia,
1921 3128 1992 3172 uon
2017 3120 2068 3175 est

1087 3206 1207 3296 politia
1225 3208 1424 3287 Platonica,
1453 3220 1495 3275 ut
1521 3201 1683 3274 homines
1712 3205 1812 3294 impii
1844 3205 2065 3289 cavillantur,

1085 3310 1145 3377 sed
1170 3322 1223 3377 est
1243 3310 1362 3401 aliqua
1382 3308 1533 3378 visibilis
1548 3304 1723 3386 Ecclesia,
1756 3304 1835 3375 vult
1859 3308 1954 3374 enim
1971 3305 2068 3376 Deus

1084 3435 1183 3479 suam
1212 3413 1410 3480 doctrinam
1439 3408 1534 3480 inter
1562 3404 1724 3478 homines
1755 3407 1899 3496 spargi,
1932 3431 2068 3494 souare,
2133 3426 2135 3431 '

1085 3513 1264 3596 exaudiri,
1296 3514 1387 3581 sicut
1410 3511 1579 3602 scriptum
1603 3523 1671 3580 est:
1705 3507 1746 3577 ln
1769 3533 1912 3578 omnem
1937 3526 2066 3582 terram

1085 3615 1193 3683 exivit
1213 3638 1321 3683 sonus
1342 3634 1477 3686 eorum.
1535 3611 1614 3682 Non
1648 3611 1723 3681 vult
1744 3608 1937 3681 Ecclesiam
1965 3614 2067 3681 abdi-

1085 3730 1155 3783 tam
1185 3739 1258 3784 esse
1282 3717 1318 3783 iu
1342 3715 1503 3794 latebris,
1536 3726 1598 3783 aut
1618 3713 1795 3800 ignotam,
1834 3714 1906 3780 imo
1930 3735 2068 3803 semper

1084 3819 1212 3885 camin
1228 3817 1419 3887 certamina
1436 3840 1514 3886 cum
1531 3815 1689 3909 imperiis
1713 3828 1747 3885 et
1770 3808 1962 3909 hypocritis
1984 3839 2067 3904 pro-

1084 3919 1200 3991 traxit.

1184 4017 1249 4090 Est
1276 4020 1385 4110 igitur
1414 4031 1534 4088 coetus
1556 4016 1727 4100 visibilis,
1760 4014 1911 4099 scilicet,
1945 4028 1984 4084 ut
2009 4012 2065 4086 hic

1083 4123 1312 4203 describitur,
1337 4122 1549 4214 amplectens
1575 4133 1608 4190 et
1633 4118 1883 4189 circumferens
1903 4112 2066 4207 Evange-

1083 4225 1192 4309 lium‚
1226 4238 1261 4295 et
1290 4236 1432 4293 renatus
1458 4220 1592 4311 Spiritu
1622 4232 1761 4303 sancto,
1794 4242 1997 4312 quanquam
2027 4221 2067 4288 iu

1085 4320 1150 4394 hac
1172 4326 1243 4396 vita
1266 4320 1351 4396 huie
1372 4324 1505 4394 visibili
1526 4322 1639 4393 coetui
1670 4345 1744 4389 nou
1776 4320 1891 4392 renati
1919 4321 2067 4390 admixti

1084 4441 1185 4506 sunt,
1211 4428 1274 4519 qui
1293 4440 1435 4510 tamen,
1466 4423 1550 4517 quia
1576 4424 1620 4492 de
1644 4423 1803 4491 doctrina
1828 4445 1908 4493 cum
1935 4424 2066 4494 renatis

1083 4531 1325 4613 consentiunt,
1351 4530 1390 4596 in
1411 4523 1475 4595 hac
1493 4526 1564 4594 vita
1586 4547 1660 4593 non
1682 4524 1919 4593 excluduntur
1940 4548 1981 4592 ex
1998 4518 2067 4593 Ec-

1084 4631 1201 4701 clesia.
1253 4631 1366 4702 Sensu
1385 4628 1547 4719 cognosci
1563 4639 1677 4717 potest
1694 4619 1780 4695 haec
1801 4638 1904 4708 uota,
1936 4626 2068 4695 scilicet

1084 4756 1152 4801 vox
1176 4730 1383 4822 Evangelii,
1426 4731 1476 4800 ibi
1500 4741 1594 4799 certo
1619 4740 1671 4797 est
1692 4721 1849 4795 Ecclesia
1882 4749 1962 4794 vera
1988 4723 2066 4804 Dei,

47 4830 232 4920 plectitur,
264 4840 319 4898 est
339 4841 458 4897 coetus
482 4827 635 4917 diligens
654 4854 733 4914 me,
767 4844 801 4901 et
825 4833 1031 4916 donabitur,
1083 4834 1147 4903 ubi
1163 4849 1265 4904 sonat
1281 4855 1367 4924 pura
1391 4856 1458 4925 vox
1471 4828 1677 4920 Evangelii,
1709 4852 1773 4898 nec
1797 4827 1903 4913 alibi,
1936 4828 2005 4895 nisi
2028 4830 2066 4895 in

44 4947 203 5021 regetur,
249 4943 284 5000 et
309 4928 586 5001 sanctificabitur
610 4928 748 5022 Spiritu
772 4947 902 5003 sancto.
962 4931 1032 5005 Hic
1083 4930 1152 5004 hoc
1169 4948 1270 5004 coetu
1285 4933 1479 5027 quaerendi
1493 4931 1704 5015 suntelecti,
1729 4930 1824 4998 iurua
1842 4929 1949 4997 illud:
1967 4925 2067 5015 Quos

44 5050 163 5105 coetus
182 5044 234 5101 est
250 5026 407 5099 Ecclesia
424 5032 508 5101 Dei.
561 5028 658 5100 Haec
680 5046 847 5114 estvera,
872 5036 1032 5123 simplex,
1083 5037 1204 5124 elegit,
1238 5033 1351 5105 lsoset
1370 5036 1517 5106 vocavit.
1568 5032 1664 5105 Haec
1680 5036 1724 5101 de
1738 5027 1896 5100 Ecclesia
1913 5030 2066 5121 primum

45 5136 185 5227 propria
204 5147 238 5203 et
253 5132 373 5201 nativa
389 5132 562 5203 sententia
581 5126 687 5203 huius
703 5134 788 5224 loci,
818 5160 882 5205 nec
898 5137 1031 5206 iutelli-
1084 5133 1245 5207 hocloco
1261 5138 1486 5208 considerare
1501 5137 1654 5227 prodest,
1672 5129 1922 5205 ethocdictum
1933 5125 2067 5199 Christi

42 5252 169 5325 potus
189 5230 276 5305 haec
293 5234 400 5302 verba
416 5236 460 5303 de
482 5233 570 5324 legis
592 5236 753 5304 doctrina
775 5236 852 5305 sine
869 5234 1032 5327 Evange-
1084 5242 1256 5309 addamus
1271 5241 1418 5310 caeteris
1434 5239 1558 5323 dictis,
1586 5258 1677 5330 quae
1695 5235 1849 5304 citantur
1870 5233 1915 5300 de
1937 5233 2069 5300 descri-

41 5336 108 5423 lio,
134 5352 176 5409 ut
198 5329 371 5409 Monachi
395 5358 539 5427 prorsus
562 5334 714 5407 alienam
739 5338 950 5410 sententiam
974 5336 1031 5409 hic
1053 5308 1059 5435 Ι
1084 5342 1207 5433 ptione
1220 5338 1414 5426 Ecclesiae,
1440 5354 1481 5410 ut
1498 5361 1582 5409 oves
1605 5360 1703 5407 meae
1726 5356 1846 5405 vocem
1869 5356 1982 5403 meam
2005 5357 2073 5403 au·

90 5444 275 5509 Mnaseas.
305 5440 408 5505 Orsa.
437 5440 519 5504 Vos..
540 5440 638 5511 XV„
1327 5445 1377 5513 20
