4522 5782
170 215 245 297 105
763 192 891 271 PlllL
916 190 1035 273 blf-la.
1058 184 1273 269 SCRIPTA
1296 184 1598 269 moratos.

101 348 103 352 ,
172 400 215 461 ue
235 406 359 459 omnes
381 377 494 472 ipsius
514 371 623 445 verbo
647 366 813 450 credant,
854 377 889 436 et
910 363 1023 436 sciant
1044 360 1161 435 Deum
1284 324 1287 329 ¹
1332 360 1438 436 Haec
1452 383 1494 435 eo
1509 359 1694 464 loquente,
1717 359 1831 438 multi
1850 361 2094 444 crediderunt.

175 490 268 561 ‘1⁸¹¹‘
286 497 431 581 l¹¹'⁰Ptet
445 481 561 571 Ψιιιῃ
584 470 936 589 ³³¹V³¹‘‚“‘d⁸¹¹¹²⁸t
967 483 1002 539 ‘i
1023 481 1160 537 mmm·
1314 494 1394 570 Etsi
1411 499 1525 571 maior
1539 500 1733 573 multitudo
1748 506 1945 577 coutemnit
1958 506 2213 596 Evangelium,

176 615 258 663 ΝΜ
275 607 406 682 ΡΟειιιιε
422 583 468 654 ‘¹²
489 602 563 648 ¹¹⁰⁰
578 572 825 689 “⁰d²¹¹¹¹b¹¹⁸:
847 572 1163 688 ⁰²d³¹¹¹¹¹f¹¹¹¹¹¹⁹t
1214 602 1420 695 praesertim
1445 596 1740 691 Pharisaeorum,
1778 619 1898 678 tamen
1927 609 2022 699 parit
2049 610 2211 704 aliquem

175 702 342 786 pereant,
372 706 492 758 stem
516 693 589 753 ῑθῑἃ
610 667 870 792 ΡΟῙῙῙΜΜ8
895 672 1042 763 P⁰P¹¹¹¹a
1074 692 1165 788 Ψ
1214 707 1386 790 fructum,
1412 725 1478 773 nec
1498 726 1645 796 prorsus
1667 707 1798 778 frustra
1822 708 2064 801 praedicatur,
2087 710 2211 784 sedin

176 807 320 867 tantum
351 801 496 881 propiet
523 777 620 852 hunc
642 775 808 847 M⁰⁵³¹⁸m
830 797 851 844 ³
871 771 1164 893 D⁸⁰‚⁰‘{¹¹⁸¹¹¹¹¹¹⁸
1214 802 1271 876 bis
1286 805 1538 877 certaminibus
1552 807 1664 902 aliqui
1679 808 1919 881 assentiuntur
1933 811 2093 895 veritati,
2116 812 2211 885 moti

177 909 271 979 “8¹2
295 906 337 967 ¹¹2
358 892 397 961 1¹¹
422 880 643 975 1106ΡΟΙ)ιιΙο
667 891 824 949 ‘flami
849 895 1100 992 Pl⁰¹¹¹¹⁸⁵¹⁰¹¹⁸⁸
1121 875 1166 991 df
1216 907 1319 979 dictis
1341 902 1475 978 Christi
1500 907 1603 979 toties
1634 909 1819 1000 allegantis
1848 913 2095 985 testimonium
2126 936 2210 987 coe·

178 993 340 1077 Chtl⁵l⁰s
376 1005 412 1063 ²²
433 991 507 1082 ῑΡ*Ε
529 993 776 1074 mmmm*
799 981 965 1048 d⁰m¹¹¹¹¹⁸
988 989 1022 1095 5²
1044 998 1166 1068 ΡωΨ·
1216 1011 1312 1079 leste.
1361 1006 1442 1078 Hoc
1469 1010 1669 1101 exemplum
1694 1027 1816 1085 mouet
1839 1014 1917 1106 pios
1944 1016 2129 1103 doctores,
2162 1030 2210 1088 ιιι·

181 1097 308 1171 tiator.
1218 1123 1362 1204 propter
1387 1110 1672 1183 adversariomm
1694 1129 1883 1186 venenatas
1912 1116 2108 1190 calumnias
2128 1118 2211 1191 abs·

2132 192 2223 357 ¹”-

284 1196 383 1267 ldem
397 1187 501 1265 ethis
518 1185 636 1257 verbis
657 1181 889 1272 significatur:
922 1175 1014 1249 Cum
1036 1177 1166 1249 exalta-

162 1298 304 1381 ,veritis
321 1298 433 1368 lilium
447 1289 619 1371 bominis,
643 1282 859 1373 cognoscetis
879 1283 975 1376 quod
997 1303 1060 1370 ego
1078 1302 1169 1364 sum,

57 1382 62 1395 Ι
181 1399 252 1475 hoc
267 1411 340 1484 est,
364 1421 444 1468 cum
461 1391 667 1485 praestitero
684 1381 873 1475 hocopus,
905 1394 1050 1475 propter
1071 1380 1168 1475 quod

184 1504 311 1574 missus
324 1522 420 1581 sum,
444 1492 609 1564 videlicet
626 1502 664 1557 ut
680 1489 760 1557 bam
778 1485 941 1576 victima,
966 1498 1050 1554 tunc
1067 1481 1169 1552 colli-

184 1628 262 1697 gam
275 1600 488 1676 Ecclesiam,
515 1597 597 1665 dato
615 1590 753 1682 Spiritu
776 1600 915 1673 sancto,
936 1597 970 1656 et
985 1585 1087 1655 editis
1100 1583 1169 1653 mi·

185 1703 308 1777 randis
329 1701 517 1794 operibus,
556 1717 645 1788 quae
667 1690 908 1772 testabuntur,
940 1710 996 1756 me
1023 1707 1169 1776 regnare

184 1805 309 1878 divina
325 1801 498 1895 potentia,
522 1793 616 1867 hanc
632 1791 862 1883 experiemini
880 1811 943 1859 vos
958 1789 1027 1874 ita,
1050 1801 1090 1857 ut
1108 1799 1169 1857 aut

187 1908 369 1979 credentes
383 1899 579 1990 Evangelio
595 1892 807 1974 salvemini,
832 1905 892 1962 aut
907 1891 938 1961 si
955 1913 1028 1958 non
1044 1889 1170 1959 voletis

186 2008 353 2090 obedire,
378 2018 413 2074 et
426 2002 495 2093 ipsi
516 1997 687 2100 pereatis,
720 2008 756 2066 et
774 1989 861 2063 haec
882 2004 955 2063 tota
971 1991 1093 2082 politia
1109 2014 1171 2060 ve-

186 2123 258 2182 stra
281 2118 478 2189 evertatur,
523 2123 629 2195 quam
659 2120 723 2167 vos
750 2094 933 2165 somniatis
965 2107 1170 2184 perpetuam

183 2212 280 2290 lore,
312 2223 348 2280 et
370 2204 538 2276 Messium
564 2200 628 2272 ubi
651 2196 803 2278 venerit,
841 2195 1065 2266 muniturum
1097 2216 1171 2263 esse

186 2335 275 2394 cam,
297 2322 331 2379 et
346 2306 641 2400 amplificaturum
658 2300 763 2389 longe
778 2298 911 2367 maiore
927 2297 1039 2386 gloria
1056 2308 1092 2366 ct
1106 2320 1172 2387 po·

185 2413 298 2486 tentia
312 2407 500 2500 corporali.
551 2403 630 2474 lloc
655 2414 730 2471 tum
749 2398 903 2491 primum
919 2398 996 2482 fiet,
1019 2420 1099 2468 cum
1116 2419 1173 2465 me

187 2514 378 2585 exaltatum
395 2509 433 2578 in
450 2529 587 2579 crucem
605 2515 640 2574 et
653 2514 834 2572 mortuum
849 2500 931 2584 iam,
956 2497 1173 2570 existimabi-

188 2617 236 2688 tis
253 2634 397 2706 prorsus
418 2629 624 2700 oppressum
647 2626 740 2687 esse,
773 2602 845 2671 imo
870 2602 974 2671 etiam
997 2600 1172 2671 abiectum

186 2731 224 2789 et
237 2718 444 2785 damnatum
460 2735 480 2780 a
494 2709 589 2792 Deo,
613 2708 674 2776 sed
691 2704 806 2775 statim
826 2716 904 2795 post
917 2697 1010 2771 hanc
1023 2715 1172 2772 mortem

188 2831 223 2890 ct
236 2815 477 2886 infirmitatem
494 2807 696 2901 apparebit,
728 2829 784 2875 mc
805 2828 878 2874 esse
899 2803 1069 2873 victorem
1093 2827 1173 2894 pec·

187 2919 278 3009 cati,
303 2931 336 2987 ct
352 2913 477 2984 mortis
494 2910 699 2991 dominum,
725 2919 759 2977 et
779 2909 936 2978 datorem
954 2904 1047 2975 vitae
1061 2911 1174 2974 aeter&

187 3044 267 3091 nac.
319 3016 378 3088 Sic
394 3013 609 3104 cognoscetis
624 3010 719 3104 quod
736 3030 800 3098 ego
822 3030 922 3092 sum,
954 3020 988 3077 et
1003 3029 1023 3074 a
1040 3005 1174 3097 meipso

187 3121 279 3192 facio
295 3113 411 3201 nibil,
435 3117 560 3194 idest,
585 3110 803 3201 cognoscetis
828 3132 885 3177 mc
910 3131 984 3177 non
1005 3102 1175 3192 humana,

188 3225 248 3292 sed
267 3222 388 3291 divina
405 3216 561 3308 potentia
575 3235 742 3303 regnare,
767 3223 802 3282 et
826 3212 929 3280 edere
951 3232 1032 3278 vere
1051 3209 1174 3278 divina

188 3346 315 3414 opera,
347 3323 429 3389 darc
453 3316 628 3408 Spiritum
650 3326 812 3384 sanctum
833 3310 1018 3389 exaudire,
1053 3325 1087 3380 et
1104 3310 1174 3379 sal-

188 3447 272 3493 vare
299 3423 521 3504 invocantes,
557 3416 687 3509 punire
717 3437 792 3484 nou
820 3411 1027 3483 obedientes
1055 3410 1173 3484 Evan-

189 3525 294 3616 gelio.

306 3688 361 3764 Et
376 3689 469 3762 sicut
484 3709 540 3759 mc
554 3681 677 3758 docuit
690 3692 814 3783 poter,
842 3679 897 3752 ita
915 3676 1057 3780 loquor.

292 3826 332 3899 ld
351 3841 422 3917 est,
447 3826 544 3895 iuxta
563 3818 632 3892 hoc
647 3819 763 3910 ipsum
781 3818 950 3904 verbum,
976 3818 1070 3910 quod
1088 3817 1175 3888 affc-

1218 1224 1417 1285 terreantur
1437 1215 1646 1284 atradcuda
1672 1216 1833 1287 doctrina
1856 1213 2065 1309 Evangelii,
2103 1232 2167 1292 aut
2186 1242 2210 1291 a

1218 1314 1457 1400 consessione,
1489 1317 1550 1386 sed
1574 1316 1686 1389 sciant
1706 1314 1776 1388 Dei
1801 1322 2010 1393 mandatum
2039 1344 2135 1408 esse,
2167 1332 2211 1394 ut

1217 1418 1324 1486 edant
1352 1416 1609 1489 consessionem
1640 1442 1744 1489 verae
1776 1421 1977 1508 doctrinae,
2023 1437 2060 1495 et
2089 1422 2211 1515 ipsum

1218 1521 1337 1589 adesse
1353 1518 1481 1602 verbo,
1505 1531 1544 1590 ut
1558 1520 1604 1589 sit
1619 1520 1740 1591 efficax
1756 1520 1794 1591 in
1811 1524 2005 1617 aliquibus,
2039 1525 2136 1596 iuxta
2162 1526 2211 1595 il·

1219 1621 1281 1690 lud
1304 1615 1428 1689 Esaiae
1448 1615 1528 1692 db:
1572 1619 1752 1709 Verbum,
1783 1649 1855 1718 quo
1877 1625 2058 1716 egreditur
2078 1629 2125 1700 dc
2147 1648 2212 1699 ors

1218 1745 1315 1802 meo,
1340 1744 1415 1790 non
1429 1735 1626 1793 revertetur
1641 1726 1684 1794 ad
1703 1748 1760 1795 me
1773 1750 1946 1818 vacuum,
1969 1743 2036 1801 ctc.

1322 1855 1394 1930 Sed
1413 1854 1578 1929 Christus
1593 1860 1638 1930 ad
1653 1855 1739 1954 bos,
1767 1862 1829 1956 qui
1846 1876 2035 1955 coeperant
2056 1865 2213 1953 credere,

1220 1960 1374 2030 instituit
1391 1983 1521 2030 novam
1537 1962 1764 2050 concionem,
1790 1959 1955 2036 bortatur
1971 1988 2045 2057 eos,
2069 1981 2113 2039 ut
2129 1990 2212 2060 pcr-

1220 2075 1379 2134 severent
1395 2061 1433 2130 in
1451 2063 1532 2148 lide,
1560 2076 1593 2133 et
1607 2067 1772 2137 studeant
1786 2066 1970 2140 veritatem
1984 2090 2210 2159 cognoscere,

1221 2189 1267 2234 ne
1284 2163 1443 2234 deterriti
1460 2164 1663 2236 carnalibus
1677 2166 1837 2261 iudiciis,
1863 2183 1925 2241 aut
1937 2169 2127 2257 scandalis,
2153 2194 2213 2241 re·

1223 2268 1399 2337 labantur.
1457 2264 1565 2338 Videt
1588 2267 1685 2337 enim
1708 2293 1782 2339 non
1805 2272 1887 2341 satis
1910 2273 2030 2342 firmos
2050 2295 2125 2342 esse
2147 2267 2212 2342 bos

1222 2367 1417 2451 auditores,
1448 2381 1488 2437 ut
1517 2368 1623 2459 paulo
1644 2382 1725 2459 post
1749 2384 1897 2442 eventus
1918 2373 2095 2465 ostendit,
2128 2396 2211 2443 cum

1223 2468 1442 2538 obiiciuntur
1469 2493 1583 2538 novae
1608 2470 1823 2542 offensiones
1853 2498 1896 2544 ex
1927 2474 2032 2545 dictis
2062 2472 2213 2547 Christi·

1224 2568 1392 2641 Graviter
1418 2570 1527 2659 igitur
1555 2586 1695 2657 monet,
1737 2574 1787 2644 sic
1810 2598 1892 2645 vere
1921 2576 2115 2667 discipulos
2135 2576 2213 2647 fors

1225 2694 1309 2741 suae
1321 2671 1515 2757 doctrinae,
1542 2673 1572 2741 si
1590 2675 1785 2747 manserint
1799 2676 1837 2744 in
1851 2701 2013 2748 sermone
2032 2678 2122 2765 eius,
2142 2672 2212 2749 hoc

1225 2786 1303 2863 est,
1361 2772 1392 2841 si
1431 2774 1516 2843 fides
1554 2790 1751 2866 perseveret
1781 2778 1988 2870 simpliciter
2018 2779 2213 2851 assentiens
2252 2782 2255 2787 ’

1225 2874 1336 2967 ipsius
1349 2876 1471 2959 verbo,
1493 2899 1557 2946 nec
1574 2876 1666 2946 sinat
1679 2900 1715 2946 se
1728 2880 1838 2950 everti
1853 2880 2054 2951 carnalibus
2070 2881 2213 2953 iudiciis

1225 2990 1259 3047 et
1288 2976 1536 3067 opinionibus,
1585 2978 1707 3072 quales
1742 2996 1844 3052 erant
1869 2977 2144 3054 Pharisaeorum
2177 2998 2212 3055 et

1225 3077 1465 3147 multitudinis
1482 3079 1521 3147 in
1539 3074 1605 3149 hoc
1624 3081 1756 3171 populo
1770 3084 1815 3151 de
1830 3080 1979 3166 Messia,
2009 3087 2106 3179 quod
2122 3076 2213 3157 esset

1224 3180 1365 3249 iuturus
1380 3203 1441 3248 rex
1459 3181 1679 3266 mundanus,
1716 3182 1847 3253 llorens
1868 3185 2003 3277 gloria,
2039 3188 2211 3278 potentia,

1225 3282 1352 3369 opibus
1381 3280 1593 3351 liberaturus
1623 3284 1795 3375 populum
1824 3285 1870 3353 ab
1900 3288 2015 3356 aliena
2043 3288 2212 3359 domina·
2246 3276 2255 3381 l

1225 3383 1342 3471 tione,
1373 3398 1644 3453 conservaturus
1662 3397 1697 3456 et
1720 3400 1976 3479 propagaturus
2003 3383 2097 3460 hanc
2117 3390 2212 3482 poli·

1223 3483 1308 3552 tiam
1326 3482 1518 3553 Mosaicam
1534 3497 1569 3554 et
1585 3479 1650 3554 hos
1664 3487 1790 3563 cultus.
1838 3485 1913 3560 Has
1928 3490 2119 3580 opiniones
2135 3492 2213 3565 vult

1224 3584 1348 3669 abiici,
1375 3587 1467 3656 etde
1483 3607 1556 3654 sese
1570 3586 1718 3656 iudicari
1742 3612 1783 3657 ex
1799 3611 1864 3659 suo
1878 3593 2007 3677 verbo,
2031 3593 2209 3681 videlicet,

1224 3688 1318 3778 quod
1335 3686 1379 3754 sit
1396 3687 1522 3756 missus
1537 3711 1555 3757 a
1572 3701 1671 3778 patre
1679 3738 1691 3773 ,
1725 3714 1800 3759 non
1817 3705 1856 3762 nt
1870 3693 2062 3764 constituat
2076 3710 2139 3767 aut
2154 3697 2212 3765 in-

1223 3800 1354 3858 stauret
1378 3810 1525 3877 regnum
1558 3791 1779 3860 mundanum
1804 3793 1843 3862 in
1866 3790 1934 3865 hoc
1956 3797 2114 3889 populo,
2149 3800 2210 3869 aed

55 3976 59 3983 .
94 3959 97 3963 >
188 3959 250 4015 m,
277 3944 312 4002 ,q
332 3951 492 4021 ,pargam
518 3926 557 3994 ιη
580 3920 796 4004 nectem,
828 3932 869 3989 ut
892 3933 1074 4011 appareat,
1106 3913 1176 3990 hoc
1224 3901 1263 3958 nt
1286 3888 1411 3958 liberet
1433 3893 1653 3960 credentesa
1676 3906 1818 3983 peccato
1849 3910 1883 3966 et
1912 3910 2027 3967 morte
2055 3912 2209 3985 aeterna,

189 4059 271 4105 vere
295 4055 368 4103 esse
388 4025 610 4099 immutabile
630 4023 809 4093 decretum
833 4033 867 4090 ct
886 4023 1094 4092 mandatum
1115 4044 1176 4092 ae-
1223 3989 1430 4111 *Ῑωῖωέῗῗ
1445 3991 1551 4111 §MR
1575 3989 1652 4112 lei
1667 3994 1904 4113 “ediffeliffla
1925 4000 2023 4092 ΨΜ
2037 4024 2102 4092 ²8⁰
2120 4025 2211 4089 Μ’»

142 4188 152 4205 ,
188 4133 417 4221 tel-nipast&
1222 4114 1426 4162 morremrnt
1443 4116 1481 4162 tu
1498 4107 1648 4184 precatus
1666 4109 1802 4168 vestris.

291 4230 340 4304 Et
363 4231 462 4302 addit
483 4227 674 4299 rationem:
714 4220 788 4312 Qui
811 4244 867 4291 me
888 4222 1002 4305 misit,
1035 4244 1173 4292 mecum
1323 4223 1503 4300 Discernit
1537 4229 1648 4319 igitur
1677 4231 1874 4319 auditores,
1913 4257 1977 4307 seu
2005 4237 2211 4332 discipulos,

188 4353 256 4421 est,
284 4350 317 4406 et
335 4357 407 4401 non
425 4330 610 4422 relinquit,
636 4324 736 4421 quasi
751 4326 859 4393 dicat:
895 4322 977 4394 Scio
998 4319 1066 4394 hoc
1083 4325 1173 4394 velle
1222 4352 1296 4399 non
1314 4331 1472 4419 agnoscit
1487 4325 1574 4422 hos,
1605 4333 1667 4426 qui
1689 4349 1865 4426 quaerunt
1884 4337 1992 4407 talem
2015 4342 2212 4429 doctorem,

65 4442 79 4511 Τ
187 4453 343 4532 patrem,
368 4446 401 4502 et
422 4455 483 4521 per
499 4454 555 4499 me
573 4430 780 4500 effecturum
804 4447 877 4494 esse
899 4420 985 4495 haec
1010 4425 1172 4496 miranda
1221 4432 1283 4523 qui
1300 4446 1443 4523 propter
1458 4433 1570 4522 legem
1585 4447 1620 4505 et
1634 4436 1749 4506 cultus
1759 4435 1935 4509 Mosaicos
1950 4443 2137 4532 promittat
2149 4458 2211 4517 aut

188 4538 349 4637 operain
362 4531 537 4614 Ecclesia,
560 4532 727 4600 adversus
752 4527 944 4618 potentiam
963 4526 1114 4600 Satanae
1137 4540 1173 4599 et
1221 4532 1345 4602 afferat
1372 4533 1422 4602 eis
1447 4534 1645 4606 libertatem
1671 4539 1910 4630 corporalem,
1951 4555 1986 4612 et
2016 4545 2212 4637 imperium

186 4639 333 4721 mundi,
366 4650 400 4706 et
423 4630 491 4702 hoc
514 4644 652 4701 tantum
674 4631 707 4699 ci
730 4630 889 4721 placere,
929 4628 980 4698 sic
1001 4630 1170 4699 celebrari
1220 4633 1317 4705 orbis
1332 4647 1525 4721 terrarum,
1551 4638 1612 4706 sed
1630 4638 1718 4707 tales
1735 4640 1929 4733 discipulos
1944 4646 2117 4743 requirit,
2145 4646 2211 4742 qui

185 4767 272 4814 voce
286 4734 494 4825 Evangelii,
521 4745 555 4801 et
570 4731 713 4821 agnosci
740 4731 876 4819 ipsum,
909 4733 1004 4822 quod
1030 4744 1172 4822 propter
1221 4736 1289 4804 fide
1304 4736 1542 4806 assentiantur
1558 4739 1667 4807 verbo
1682 4740 1811 4830 ipsius,
1837 4745 1933 4837 quod
1949 4758 2097 4818 testatur
2112 4744 2211 4822 hunc

186 4843 342 4916 mc'velit
358 4859 496 4908 servare
512 4835 712 4915 credentes,
737 4832 833 4924 quod
858 4832 943 4901 velit
965 4856 1021 4901 me
1036 4833 1171 4915 audire,
1220 4860 1292 4906 esse
1307 4835 1473 4907 Messium
1495 4838 1606 4907 filiurn
1633 4835 1700 4911 Dei
1726 4844 1874 4914 missum
1895 4869 1915 4914 a
1938 4861 2054 4937 patre,
2085 4865 2129 4923 ut
2151 4852 2210 4924 fiat

185 4962 219 5020 et
236 4940 326 5016 milti
340 4939 458 5022 credi,
491 4936 586 5028 quod
609 4944 754 5024 propter
776 4955 833 4999 me
857 4931 999 5020 elegerit
1022 4948 1054 5002 et
1081 4934 1169 5003 reci·
1220 4938 1360 5010 victima
1378 4963 1442 5030 pro
1467 4940 1619 5033 peccatis
1643 4944 1804 5014 omnium
1830 4940 2036 5035 homiuum,
2061 4967 2212 5044 propter

183 5050 258 5140 piat
270 5041 477 5120 Ecclesiam,
501 5036 590 5107 sicut
605 5047 750 5105 testatus
765 5044 816 5101 est
831 5056 893 5101 sua
908 5057 1008 5102 voce:
1035 5032 1105 5105 Hic
1118 5049 1170 5106 est
1218 5063 1325 5132 quam
1340 5038 1436 5111 Deus
1452 5041 1537 5114 velit
1551 5043 1707 5135 recipere
1722 5049 1921 5140 credentes,
1947 5065 1981 5123 et
2003 5053 2139 5125 donare
2154 5056 2211 5124 ri-

183 5152 393 5219 filiusmeus
416 5141 584 5220 dilectus,
616 5159 688 5229 quo
712 5133 882 5202 delector:
919 5129 1014 5203 bunc
1037 5137 1169 5218 audite,
1219 5154 1290 5211 tam
1308 5154 1497 5212 aeternam.
1549 5141 1617 5212 llis
1639 5148 1815 5237 promittit
1832 5145 1917 5220 haec
1939 5152 2053 5238 bona,
2076 5156 2210 5227 videli-

181 5264 269 5319 utet
284 5247 439 5338 Baptista
455 5241 522 5313 ait:
553 5237 658 5309 Pater
682 5234 801 5325 diligit
823 5233 959 5322 lilium,
990 5249 1026 5307 et
1046 5238 1167 5309 omnia
1218 5255 1272 5312 cet
1288 5243 1527 5333 coguitionem
1546 5247 1722 5330 veritatis,
1756 5274 1846 5342 quae
1862 5265 1914 5324 est
1930 5277 2023 5326 nova
2039 5257 2120 5339 lux,
2149 5282 2210 5329 ac·

181 5349 333 5421 deditio
351 5369 460 5417 manu
475 5343 563 5416 eius.
1218 5367 1321 5417 censa
1344 5345 1384 5415 in
1408 5347 1587 5421 mentibus
1608 5371 1629 5421 a
1649 5346 1790 5443 Spiritu
1810 5364 1952 5439 sancto,
1990 5380 2073 5429 vere
2096 5383 2211 5452 agno-
