4522 5782
36 184 132 271 „a
457 180 541 257 an
596 176 899 259 amnnarto
923 180 976 259 ru
999 179 1188 261 urano.
1213 128 1664 265 manuacense.
2005 196 2085 273 ssa

41 357 270 437 luticiani
296 354 389 429 vitae
410 366 592 444 sesamae,
617 356 710 429 sicut
724 354 832 427 initio
851 354 959 449 primi
981 380 1041 428 cs-
1091 355 1179 427 catis
1202 356 1345 431 nostris.
1397 354 1448 431 At
1469 358 1634 450 Davidis,
1659 360 1848 453 Ieremias,
1872 364 1976 440 Pauli
1997 393 2083 463 sup·

40 462 131 561 p'tis
147 461 371 535 dictum-esta
393 457 520 532 Gratia
536 472 571 530 et
585 456 923 549 veritas-perlesum
933 454 1042 531 Chri·
1091 458 1198 553 plicia
1220 482 1295 529 non
1319 477 1504 534 merentur
1533 466 1614 535 aliis
1643 468 1887 540 remissionem
1917 487 2083 562 peccato·

41 581 139 639 num
153 565 321 646 iactarat,
340 562 482 633 etinlra
496 560 687 635 loan.10.:
712 558 788 650 Ego
804 562 912 632 vitam
927 574 1041 632 aeter-
1090 583 1192 646 rum,
1218 586 1284 632 nec
1305 577 1388 634 sunt
1409 567 1577 637 sacrificia
1598 569 1773 658 placantia
1796 573 1887 643 iram
1906 571 1996 660 Dei,
2019 576 2081 655 sed

43 667 272 741 namdoeis·
305 661 354 737 Et
367 660 427 737 hic
441 660 557 735 honor
572 664 620 735 ita
638 664 850 735 tribuendus
865 678 917 737 est
930 660 1041 737 Chri·
1090 665 1525 739 suntdebitaobedientia
1550 671 1708 758 inistis,
1740 698 1831 766 quae
1853 688 1970 746 tamen
1995 701 2109 765 pro-.
2147 702 2149 707 ’

43 785 121 859 sto,
147 783 188 843 ut
201 780 285 845 cum
300 767 510 858 agnovimus
524 791 605 837 eum
624 790 700 839 esse
715 767 840 851 talem,
865 792 947 837 vere
963 791 1041 837 cre-
1090 780 1171 858 pter
1207 769 1464 839 confessionem
1500 785 1534 842 et
1570 777 1856 864 propagationem
1897 780 2080 850 doctrinae

44 878 173 947 damus
188 895 256 943 nos
272 883 420 963 propter
436 869 552 962 ipsum
571 870 680 969 recipi
699 869 738 939 iu
754 869 922 958 gratiam,
945 869 1039 940 lidu-
1090 868 1171 939 aliis
1193 872 1345 962 prodest.
1401 869 1454 943 lta
1476 874 1595 968 inquit
1616 875 1750 949 Paulus
1772 875 1905 972 Philip.
1920 882 1973 953 2.:
2008 879 2080 953 Sed

45 977 96 1051 cia
117 976 237 1067 ipsius
259 974 466 1043 invocemus
488 969 623 1054 Deum,
648 997 689 1043 ac
711 971 934 1067 quiescamus
953 996 1040 1063 pro-
1090 984 1124 1042 et
1139 970 1308 1042 immolor
1323 987 1468 1066 propter
1482 979 1690 1050 sacrificium
1708 995 1742 1050 et
1756 981 1975 1051 oblationem
1998 983 2081 1053 fidei
2177 1040 2185 1071 ,

43 1094 120 1177 pter
135 1078 257 1173 ipsum
272 1075 513 1169 expectatione
526 1073 662 1161 auxilii,
686 1088 721 1147 ct
736 1074 831 1145 vitae
846 1087 1020 1146 aeternae.
1089 1085 1243 1158 vestrae,
1268 1075 1305 1144 id
1324 1088 1394 1160 est,
1419 1077 1603 1165 immolor,
1629 1093 1669 1152 ut
1684 1083 1857 1154 consessio
1876 1109 1951 1175 mea
1965 1085 2081 1156 luceat

1090 1174 1129 1243 in
1153 1178 1348 1268 supplicio,
1374 1191 1409 1248 et
1429 1181 1476 1250 sit
1499 1183 1741 1254 testimonium
1759 1181 1964 1276 Evangelii,
1993 1210 2081 1256 con·

1089 1277 1234 1349 firmans
1249 1279 1354 1349 fidem
1371 1293 1533 1371 vestram,
1553 1310 1643 1381 quae
1658 1300 1711 1358 est
1726 1311 1850 1359 verum
1869 1286 2079 1363 sacrificium

68 1470 75 1475 ,
144 1384 259 1459 Redit
283 1379 447 1456 Christus
467 1385 514 1453 ad
534 1383 823 1455 distributionem
847 1395 1039 1473 pastorum,
1090 1395 1124 1452 et
1141 1405 1224 1451 vera
1241 1382 1387 1459 oblatio.

44 1514 150 1587 rapsa
163 1489 346 1561 traditam.
385 1483 480 1557 Boni
496 1499 652 1578 pastores
667 1486 869 1559 anteferunt
882 1508 966 1555 suae
983 1484 1039 1554 vi·

45 1612 98 1670 tre
130 1605 169 1663 et
200 1591 371 1661 omnibus
399 1590 645 1680 corporalibus
668 1587 864 1659 commodis
889 1588 1040 1658 salutern
1165 1597 1298 1672 Habeo
1321 1609 1352 1672 ιι
1376 1598 1479 1674 0110,
1502 1627 1599 1695 Μ,
1633 1630 1727 1707 qua,
1749 1632 1824 1680 mm
1843 1617 1930 1683 ml
1947 1603 1990 1678 d,
2012 1603 2081 1679 ho,

45 1695 243 1778 Ecclesiae,
268 1693 365 1762 iuxta
387 1703 614 1783 praeceptum
633 1689 718 1762 Dei:
746 1689 821 1780 Qui
838 1689 955 1779 diligit
974 1712 1037 1780 pa·
1217 1701 1317 1781 005132
1894 1682 1903 1691 '
2056 1724 2059 1731 -

46 1814 136 1875 trem
161 1809 227 1867 aut
248 1807 397 1865 matrem
420 1793 629 1887 plusquam
652 1816 727 1878 me,
752 1816 826 1863 non
842 1806 893 1863 est
908 1791 1038 1880 diguus

47 1926 117 1973 ne:
146 1900 211 1971 sed
228 1896 459 1987 mercenarii,
484 1920 574 1989 quos
595 1918 702 1988 supra
718 1895 857 1966 vocavit
879 1892 1037 1983 ignaros,
1116 1960 1126 1979 ,
1149 1959 1161 1980 ,
1191 1855 1274 1929 N⁰¹¹
1297 1859 1447 1978 delum
1471 1875 1523 1981 ⁰⁸}
1544 1856 1630 1933 hm
1654 1863 1698 1932 de
1714 1862 2079 1983 V⁰⁶⁸ll⁰¹¹⁸ss⁸¹¹ll⁰P

47 2026 129 2077 ,m
154 1998 429 2095 tranquillitati,
458 2020 561 2067 mu„
591 2011 728 2082 pacem,
759 2010 820 2070 ,up
850 1997 1038 2066 infletum,
1089 1962 1180 2081 dier,
1206 1984 1272 2031 nec
1288 1963 1545 2081 alasentenoa
1561 1969 1763 2060 quaerenda
1779 1980 1830 2037 est
1851 1961 2079 2087 hurusdictr:

44 2102 284 2196 Erangelium
300 2103 346 2171 ad
361 2095 548 2170 hominum
566 2100 729 2185 affectus,
754 2114 795 2172 ut
811 2122 907 2169 nunc
924 2098 1037 2190 pluri·
1088 2063 1170 2183 Em,
1182 2088 1295 2134 ¹¹¹¹¹¹¹⁰
1311 2066 1405 2134 ⁰V¹¹⁰
1423 2079 1457 2137 ‘l
1470 2090 1564 2136 ⁰⁰⁰⁸
1578 2081 1719 2187 P³³l⁰fg
1745 2093 1852 2139 unam
1877 2085 1995 2189 ¹¹¹‘ll{¹l
2009 2064 2080 2188 Ec:

10 2256 12 2267 ¹
48 2210 219 2291 mium,
244 2203 306 2298 qui
323 2202 714 2293 nonfgmnmvmm
731 2202 949 2285 doctrinm,
973 2202 1036 2271 ,ed
1088 2166 1331 2285 clessamlore,
1358 2168 1538 2238 collectam
1553 2194 1594 2240 ex
1610 2172 1777 2289 gentrbps
1793 2184 1828 2242 et
1846 2168 1997 2291 ludaeps,
2020 2195 2079 2241 cur

10 2386 12 2391 ,
48 2324 166 2385 temen
179 2322 279 2380 metu
297 2305 508 2375 sententiam
530 2328 628 2374 suam
646 2305 889 2387 dissimulant,
916 2317 951 2375 et
974 2325 1037 2372 sua
1088 2282 1412 2389 ⁰,⁰⁰⁸⁰J¹¹P³⁸²⁰¹'›
1432 2270 2079 2367 ⁰¹¹⁰¹¹¹⁰³P⁰lf¹¹¹⁰⁸D²¹sll⁰¹¹l¹⁸¹¹¹

10 2478 12 2503 ,
50 2409 331 2484 dissimulatione
365 2407 501 2477 rabiem
544 2420 778 2501 tyrannorum
813 2408 1036 2478 confirmant.
1088 2368 1281 2491 Ecclfflffln
1308 2384 1342 2442 ⁸¹
1362 2370 1559 2492 El³f¹82150
1584 2399 1649 2495 ⁸¹¹?
1672 2372 1864 2494 elsl'lflffl·
1884 2387 2005 2446 ⁵³¹¹cl⁰
2021 2397 2079 2445 1⁸·

50 2513 101 2589 Il'e
120 2511 180 2585 his
200 2510 368 2583 atrociter
388 2506 447 2580 hic
471 2509 631 2602 loquitur
646 2506 826 2581 Christus:
853 2534 951 2590 curn,
976 2532 1037 2577 ve-
1088 2487 1157 2565 ssela
1181 2488 1217 2546 ‘l
1231 2498 1269 2543 ¹¹¹
1285 2498 1324 2545 ⁰³
1341 2490 1558 2596 ³8n¹l¹0nfut
1575 2475 1643 2547 Det
1657 2493 1692 2551 et
1708 2491 1985 2596 povocahonem,
2011 2502 2080 2598 nq-

53 2618 168 2690 nieme
202 2615 310 2705 lupo,
341 2612 578 2682 mercenarius
611 2612 719 2703 fugit,
757 2612 864 2704 lupu,
890 2610 1038 2700 diffipgp
1090 2601 1170 2647 vam
1187 2591 1222 2647 et
1237 2590 1415 2646 aeternam
1432 2593 1607 2699 rustrcram
1630 2603 1669 2649 ac
1685 2594 1793 2699 vitam
1817 2583 2004 2667 accendet,
2030 2604 2080 2649 st-

54 2742 150 2805 ores,
173 2729 211 2789 et
224 2716 363 2810 aliquas
376 2716 527 2800 lacerat,
551 2727 592 2785 ut
607 2738 704 2785 nunc
718 2715 876 2807 exempla
899 2713 1036 2786 suntin
1088 2695 1148 2753 ⁶¹¹²
1161 2679 1207 2799 ,⁸⁶
1221 2674 1353 2771 Ephe&
1371 2683 1403 2754 ¹·
1420 2682 1566 2799 dfffluf‘
1591 2679 1640 2754 El
1662 2683 1761 2753 ded'l
1785 2707 1875 2804 ΕΜ.
1888 2699 1992 2776 ⁰³t¹⁰²
2008 2676 2079 2802 lle·
2138 2729 2147 2746 ⁶

56 2832 251 2913 „mmm
303 2815 346 2887 1„
376 2816 730 2889 mu12;„ulff,d0ffi
758 2832 1036 2888 mmmmm
1088 2784 1494 2872 clesraesuperomnra,
1521 2799 1678 2879 quaeest
1699 2807 1939 2877 corpuserus,
1964 2796 1998 2859 et
2019 2810 2078 2853 ru-

57 2924 267 3003 doctriuam,
293 2933 465 2990 ettamen
482 2943 529 2988 ne
549 2919 732 2991 offendant
754 2920 956 3012 principum
973 2943 1037 2989 vo.
1088 2896 1184 3005 teger
1205 2896 1324 2955 coetus
1347 2885 1467 2955 omnia
1492 2884 1529 2955 in
1544 2887 1712 2957 omnibus
1733 2885 1966 2979 perficientis,
1988 2885 2080 2959 sicut

57 3028 219 3106 lamam,
241 3022 301 3093 ,01
314 3034 447 3105 mem,
472 3022 529 3091 vel
544 3044 681 3091 errore,
696 3023 856 3111 papum,
883 3035 918 3092 εἰ
932 3046 1036 3091 mu,
1088 3002 1122 3060 et
1137 3010 1212 3078 rpse
1227 3010 1333 3078 supra
1349 2987 1485 3081 inquit:
1513 2984 1590 3078 Ego
1609 2990 1706 3080 veni,
1733 3004 1773 3061 ut
1788 2989 1896 3060 vitam
1911 2984 2079 3076 habeant,

57 3114 151 3214 sant,¹
167 3129 218 3199 ita
235 3126 404 3217 luporum
421 3124 575 3207 rabiem,
598 3125 636 3194 id
653 3135 724 3205 est,
747 3124 885 3193 furores
905 3123 1037 3214 impio·
1087 3104 1123 3162 ‘l
1138 3090 1279 3161 abunde
1296 3085 1461 3165 h³b⁰³¹¹¹⁹

58 3256 128 3305 rum
144 3233 333 3302 doctorum
369 3240 403 3298 et
432 3239 665 3321 tyrannorum
685 3226 907 3302 confirmant.
958 3227 1036 3296 Ad·
1189 3222 1373 3295 Discamus
1395 3246 1477 3313 ergo
1500 3219 1694 3295 Ecclesiam
1716 3227 1760 3295 ad
1785 3220 1882 3296 hunc
1901 3237 2076 3317 pastorem

59 3356 171 3407 versus
184 3328 254 3403 hos
269 3329 403 3400 dicitur
418 3326 508 3402 Mat.
528 3330 606 3399 12:
639 3326 713 3417 Qui
735 3353 808 3398 non
824 3343 1037 3414 rumetum,
1087 3322 1287 3411 Christum,
1315 3328 1413 3397 etad
1440 3327 1515 3397 eius
1533 3351 1654 3397 vocem
1678 3327 1857 3418 alligatam
1884 3350 2077 3410 esse,-nou

58 3450 169 3509 eontra
182 3458 242 3504 me
256 3444 319 3515 est,
344 3431 453 3525 etqui
468 3455 543 3503 nou
557 3444 743 3519 congregat
758 3454 907 3512 mecum,
932 3430 1038 3500 dissi·
1089 3452 1163 3499 esse
1177 3443 1316 3500 coetum
1333 3429 1587 3520 approbantem
1605 3431 1768 3519 dogmata
1786 3431 1979 3522 pugnantia
1996 3454 2078 3500 cum

57 3554 121 3633 pat.
169 3532 418 3609 EtMarci8.:
452 3531 568 3622 Quem
591 3533 738 3623 pudebit
754 3534 823 3602 mei
845 3545 879 3602 et
902 3556 1038 3602 sermo·
1088 3529 1305 3621 Evangelio,
1331 3556 1395 3600 nec
1412 3545 1586 3622 pastorem
1603 3526 1700 3602 hunc
1723 3534 1846 3624 procul
1862 3533 2078 3622 ablegemus,

58 3664 135 3713 sum
150 3661 315 3709 meorum
338 3638 376 3704 in
399 3630 465 3704 hac
486 3636 645 3706 adultera
670 3637 895 3723 generatione
905 3689 926 3725 a
941 3631 1037 3705 herne
1089 3658 1155 3705 nec
1169 3648 1333 3726 putemus
1350 3658 1430 3702 eum
1445 3635 1515 3702 iam
1531 3633 1684 3705 otiosum
1702 3660 1786 3719 esse,
1811 3636 1985 3728 quianon
2003 3659 2077 3705 cer-

58 3744 205 3814 ricissim
220 3739 416 3811 confundet
428 3738 532 3820 lilius,
554 3749 589 3807 et
607 3739 649 3806 ad
666 3735 775 3808 Rom.
790 3738 865 3811 10.:
889 3722 1047 3808 confes?
1090 3737 1189 3808 nitur
1202 3735 1326 3808 oculis.
1377 3733 1446 3806 Sed
1472 3736 1522 3805 sic
1540 3737 1616 3806 vult
1633 3740 1777 3826 agnosci
1800 3754 1834 3808 et
1855 3738 1921 3808 coli
1932 3789 1946 3824 ,
1972 3751 2012 3807 ut
2030 3738 2076 3806 ab

58 3846 158 3917 siol'rt
177 3845 224 3913 ad
249 3842 413 3912 salutem.
462 3838 510 3910 Et
525 3835 647 3909 Esaiae
663 3838 716 3908 5.:
750 3837 843 3923 Vae,
870 3840 933 3933 qui
950 3840 1038 3909 dici·
1090 3840 1166 3931 ipso
1183 3838 1252 3906 iam
1269 3851 1428 3928 petamus
1444 3840 1556 3918 bona,
1581 3852 1615 3909 et
1631 3841 1822 3909 sentiamus
1838 3854 2077 3932 proptereum

58 3945 272 4026 tismalum,
298 3947 452 4024 bonurn,
479 3967 542 4012 rae
563 3943 626 4036 qui
650 3942 856 4041 approbatis
875 3943 1039 4034 impium,
1091 3943 1195 4012 uobis
1209 3938 1325 4008 Deum
1342 3940 1540 4030 propicium
1558 3964 1650 4026 esse,
1677 3958 1834 4033 petamus
1851 3943 1896 4010 ab
1914 3941 1990 4031 ipso
2011 3963 2077 4030 gu·
2149 3990 2154 3999 ·

59 4046 278 4123 stdamuatis
292 4045 439 4119 iustum.
1090 4042 1334 4115 beruationem
1344 4089 1356 4131 ,
1382 4039 1558 4132 Spiritum
1574 4059 1746 4125 sanctum,
1773 4059 1807 4113 et
1824 4044 2078 4113 defensionem.

146 4150 308 4241 Quidam
322 4171 359 4218 se
376 4160 557 4217 excusatos
581 4159 722 4237 putant,
747 4148 775 4218 si
792 4159 949 4228 taceant,
973 4170 1039 4216 nee
1092 4144 1176 4216 ldeo
1198 4145 1368 4235 scriptum
1391 4159 1458 4218 est:
1490 4144 1679 4226 Ascendit,
1712 4148 1773 4215 dat
1797 4150 1891 4214 dona
1917 4140 2076 4216 homini-

59 4255 120 4327 sint
132 4248 335 4324 hortatores
350 4250 394 4319 ad
411 4251 604 4335 saevitiam,
630 4252 689 4318 sed
707 4245 776 4319 hoc
799 4251 875 4342 ipso
894 4248 1037 4319 silentio
1090 4250 1176 4328 bus,
1201 4259 1236 4317 et
1249 4246 1330 4321 Act.
1345 4247 1381 4319 2.
1403 4245 1550 4318 dicitur:
1583 4247 1642 4317 Ad
1663 4250 1840 4318 dexteram
1856 4246 1925 4318 Dei
1946 4248 2088 4319 exalta·'

58 4358 262 4429 oonlirmaut
295 4352 512 4442 impietatem
552 4366 587 4423 et
625 4353 881 4425 crudelitatem.
954 4350 1037 4420 ldeo
1089 4365 1165 4435 tus,
1198 4349 1470 4441 promissionem
1493 4347 1647 4440 Spiritus
1672 4351 1830 4422 sanctia
1860 4366 1959 4441 patre
1984 4351 2077 4420 acci-

180 1242 317 1321 Bonus
335 1253 467 1347 pastor
485 1243 651 1315 animam
666 1269 775 1317 suum
786 1242 905 1342 ponit.

59 4462 160 4531 sciant
185 4456 418 4527 necessariam
440 4476 514 4523 esse
533 4454 810 4540 confessionem,
836 4467 871 4525 et
896 4468 1038 4545 propter
1091 4455 1211 4543 piens,
1237 4452 1365 4521 effudit
1390 4454 1526 4542 ipsum,
1551 4465 1591 4520 ut
1613 4476 1710 4522 nunc
1735 4453 1861 4523 videtis
1883 4465 1916 4523 et
1936 4453 2078 4523 auditis.
2161 4438 2204 4465 ”

58 4564 197 4655 gloriam
214 4558 302 4641 Dei,
327 4572 360 4628 et
377 4558 422 4626 ad
447 4557 651 4626 liberandos
672 4557 780 4638 alios,
806 4557 867 4649 qui
894 4571 1039 4647 propter
1092 4554 1180 4625 Item
1198 4553 1296 4628 Ioan.
1309 4555 1387 4625 20st
1422 4551 1639 4638 lususllavst,
1664 4556 1883 4626 etrliciteis:
1918 4554 2078 4647 Accipite

46 4658 310 4737 'onteoiooem
326 4659 516 4750 rapiuntur
529 4659 574 4727 ad
589 4658 774 4748 supplicia.
826 4656 895 4728 Hic
916 4681 1039 4728 rursus
1090 4656 1263 4749 Spiritum
1280 4670 1451 4725 sanctum.
1489 4654 1585 4730 loan.
1601 4654 1678 4729 ll.:
1700 4656 1781 4728 Non
1797 4660 1997 4751 relinquam
2015 4679 2078 4728 vos

60 4768 251 4839 mouendus
277 4774 328 4833 est
351 4762 463 4832 lector
487 4761 532 4831 de
553 4761 759 4830 discrimine
779 4762 955 4831 bonorum
972 4783 1037 4849 gu·
1090 4755 1287 4851 orphanos,
1313 4757 1451 4826 veniam
1468 4761 1513 4829 ad
1534 4783 1608 4835 vos.
1661 4759 1713 4831 lta
1736 4762 1776 4829 in
1790 4761 1997 4854 quotidiana
2020 4761 2078 4829 in-

60 4868 280 4943 bernatorum
301 4864 548 4956 politicorum,
575 4859 856 4954 Prophetarum,
883 4878 918 4934 et
937 4862 1039 4953 Apo·
1088 4862 1274 4932 vocatione
1289 4860 1556 4932 meminerimus
1571 4886 1637 4931 nos
1652 4886 1726 4932 esse
1741 4888 1822 4933 oves
1837 4859 1944 4933 huius
1960 4877 2076 4954 pasto-

18 4992 36 5059 ᾖ
61 4974 240 5056 stolorum,
273 4981 307 5040 et
339 4962 487 5039 Christi.
545 4963 663 5036 Aliter
692 4963 856 5037 Christus
882 4967 1038 5038 animam
1089 4965 1157 5045 ris,
1184 4977 1218 5035 et
1234 4964 1278 5033 ad
1296 4986 1375 5032 eum
1391 4964 1654 5052 confugiamus,
1680 4968 1873 5054 auxilinm,
1893 4948 2078 5035 ‘delensio-
2197 5041 2200 5045 .

17 5064 22 5119 ²
62 5096 146 5147 tuam
160 5098 229 5168 pro
246 5069 511 5160 ovibuspouit,
535 5091 642 5160 quam
658 5066 799 5157 Scipio,
823 5069 957 5153 David,
983 5074 1039 5140 le·
1090 5090 1171 5136 nem
1198 5079 1233 5137 et
1259 5066 1554 5155 gubernationem
1577 5069 1622 5138 ab
1645 5069 1722 5159 ipso
1741 5084 1919 5160 petamus,
1945 5091 1985 5136 ac
2006 5066 2077 5135 nisi

64 5180 196 5249 remiss:
221 5198 310 5247 nam
332 5168 469 5244 Christi
492 5170 609 5262 passio
634 5171 814 5260 singulare
829 5172 1036 5243 sacrificinm
1090 5170 1128 5237 in
1144 5169 1204 5239 tali
1222 5170 1446 5240 invocatione
1461 5169 1537 5238 eius
1559 5172 1792 5261 praesentiam
1814 5192 2083 5261 cognoscemus,

63 5296 122 5369 est,
143 5281 356 5352 ordinatum
371 5276 417 5344 ad
434 5267 502 5344 hoc
519 5273 643 5362 ingens
664 5287 698 5341 et
720 5273 957 5342 inenarrabile
971 5276 1037 5344 bo·
1090 5284 1124 5342 et
1146 5267 1224 5341 has*
1239 5272 1492 5362 promissiones
1515 5272 1591 5340 eius
1616 5296 1716 5342 veras
1744 5296 1817 5342 esse
1845 5272 2079 5365 experiemur,

59 5405 147 5475 num,
170 5384 319 5456 uticam
332 5375 402 5449 Dei
415 5375 540 5469 placet,
561 5389 595 5447 et
610 5370 656 5448 sit
669 5375 860 5447 satisfactio
874 5399 940 5469 pro
955 5399 1036 5467 pec·
1088 5398 1164 5445 noo
1181 5374 1425 5466 intelligentur
1441 5370 1508 5445 hae
1524 5375 1712 5446 conciones
1728 5377 1772 5445 de
1785 5389 1936 5468 pastore.
