4522 5782
90 212 123 285 o
245 206 348 287 ιιιιι.
397 210 434 281 ι.
467 202 837 285 ιοιιιιιιιιιιιιιι
860 204 913 281 ιιι
936 205 1091 283 urtsr.
1115 204 1267 282 raum
1288 206 1358 279 ao
1383 202 1652 287 nouenos.
1704 216 1809 301 oar.
1833 221 1897 299 tv.
2003 208 2086 307 ιιι

90 405 140 457 ιιι
160 380 402 467 sttnts'tsltus,
425 380 493 475 qui
515 379 659 472 proprie
679 379 844 453 tribuunt
861 376 937 452 Deo
962 381 1040 471 qlo-
1093 380 1145 451 sie
1165 381 1321 477 rediligi
1339 395 1372 451 ιι
1391 380 1502 453 iustos
1522 388 1696 475 reputari,
1720 391 1809 466 sicut
1826 398 2080 477 testaturlleus

90 512 157 572 arn,
190 498 226 557 et
246 507 470 559 ιιιιιιιιιιιιι
490 484 754 555 ἱιιιοιιιίοιιιιιι
780 483 818 551 in
843 485 943 554 omni
967 486 1038 555 vita
1091 507 1128 553 se
1151 485 1298 572 diligere
1321 499 1353 554 et
1379 486 1563 557 iustificare
1586 482 1780 569 Abraham.
1845 496 1892 572 Et
1918 511 2012 596 quod
2039 508 2077 579 in

100 588 274 659 omuibus
295 587 457 678 negotiis.
526 587 581 657 lta
608 599 738 657 crescet
764 586 839 675 ipse
863 586 971 671 tides,
1003 602 1037 658 et
1092 586 1155 656 illo
1169 586 1349 678 proposita
1364 601 1447 657 sunt
1466 589 1666 661 testimonia
1681 596 1754 664 veri
1779 610 1814 668 et
1836 607 1955 693 magni
1976 632 2076 680 emo.

90 712 141 761 eos
169 689 271 761 dabit
297 690 368 761 elie
391 692 486 761 dona
509 689 600 759 sicut
625 689 816 781 promittit.
890 686 1035 777 Quanto
1090 688 1157 773 ris,
1184 691 1219 758 id
1237 715 1278 757 eo
1295 691 1423 759 factum
1440 704 1509 774 est,
1536 704 1574 761 ut
1592 694 1741 767 sciamus
1756 722 1821 769 nos
1837 703 2001 779 similiter
2017 712 2074 780 di·

90 793 154 883 tssis
178 806 281 886 puter
306 804 423 865 vester
452 791 553 862 debit
584 790 760 883 Spiritum
789 805 951 861 sanctum
976 816 1036 883 pe-
1088 790 1149 879 liqi
1169 804 1204 863 et
1220 792 1388 866 exaudiri.
1441 794 1497 865 Ad
1516 788 1614 865 httne
1630 821 1731 867 usum
1756 813 2074 885 accommodandos

89 895 213 967 trihus.
246 892 336 967 lude
351 894 503 967 existent
516 893 622 967 etiam
639 894 709 965 slis
725 895 819 964 bona
836 917 955 987 opera.
1087 907 1139 965 est
1162 888 1220 963 hic
1245 894 1343 964 locus
1367 892 1494 977 Pauli,
1527 895 1588 990 qui
1613 902 1779 975 transfert
1801 898 1846 976 ad
1868 932 1933 982 nos
1957 936 2072 987 exem·

1086 996 1184 1087 plum
1202 991 1380 1066 Abrahae.
1483 1082 1486 1089 Ι

1186 1094 1232 1167 ιιι
1249 1094 1317 1167 huc
1331 1098 1453 1168 referri
1469 1098 1591 1181 dehet,
1618 1106 1714 1197 quod
1729 1129 1832 1202 saepe
1847 1102 2000 1189 dicimus
2011 1120 2071 1193 ist·

1084 1196 1296 1270 culcandum
1323 1224 1396 1271 csse
1421 1202 1664 1290 conscientiis,
1697 1214 1793 1301 quod
1819 1206 2071 1306 promissioni,

144 1302 300 1394 insignis
314 1304 415 1377 locus
428 1319 501 1391 est,
518 1319 554 1375 ιι
568 1305 642 1373 duo
657 1301 829 1374 continet.
856 1300 1031 1385 Prinmm,
1082 1300 1155 1373 sint
1173 1303 1401 1378 universales.
1451 1300 1530 1373 Hoc
1547 1330 1626 1375 cum
1648 1306 1696 1379 its
1711 1310 1776 1395 sit,
1801 1310 1899 1390 Deos
1914 1325 2069 1413 postulat

89 1408 137 1481 ud
153 1401 241 1477 haec
264 1406 422 1495 iusticia,
446 1408 492 1477 de
513 1430 583 1500 qus
600 1405 851 1485 concionatur,
878 1408 1029 1476 revelate
1082 1428 1122 1473 ac
1141 1404 1329 1495 praecipit,
1352 1420 1393 1477 ut
1407 1430 1531 1476 omnes
1546 1408 1745 1481 credsot'se
1760 1417 1893 1507 pariter
1915 1414 2015 1515 diligi
2035 1408 2070 1499 ιι

98 1512 146 1581 ιιι
161 1508 280 1594 coelo,
305 1532 379 1581 nou
395 1509 441 1581 sit
454 1522 538 1579 nota
554 1502 683 1578 rationi
699 1520 762 1578 aut
777 1530 817 1576 ιιι
835 1506 921 1596 lege.
962 1507 1027 1579 Se·
1083 1506 1194 1577 iustos
1210 1507 1376 1597 reputari.

89 1614 173 1697 octo,
197 1612 295 1705 qood
309 1613 508 1704 exemplum
525 1608 785 1681 iustificationis
801 1603 969 1679 Abrahae
982 1615 1026 1681 ad
1184 1608 1366 1679 Postremo
1393 1632 1469 1679 non
1502 1608 1587 1682 satis
1613 1624 1665 1684 est
1692 1613 1810 1690 dicere
1832 1623 1876 1694 de
1908 1624 1976 1696 tide
2005 1618 2068 1705 seu

89 1737 160 1785 tues
182 1714 366 1805 pertineat.
438 1710 595 1807 Uterque
622 1713 721 1783 locus
749 1713 909 1783 continet
930 1735 1026 1802 egre·
1080 1711 1206 1781 fiducia
1230 1710 1503 1788 misericordiae.
1567 1708 1637 1785 Sed
1663 1739 1802 1790 necesse
1823 1740 1872 1796 est
1896 1730 2068 1802 medis'to-

89 1842 129 1889 ,ῃ
146 1817 357 1893 docuinam,
1081 1838 1153 1881 rem
1176 1813 1372 1903 consplecti.
1440 1812 1525 1885 ldeo
1549 1812 1682 1888 Paulus
1707 1822 1864 1909 addidit,
1899 1824 2067 1923 imputari

135 1915 241 1988 Prior
263 1919 359 1989 enim
381 1916 427 1988 de
447 1916 690 2002 revelatione,
722 1915 876 1986 ostendit
900 1915 1026 1987 discri-
1078 1916 1306 1985 credentibus
1323 1915 1334 1981 i
1342 1938 1363 1983 n
1392 1938 1495 2003 eum,
1522 1916 1584 2011 qui
1604 1918 1770 1994 excitavit
1791 1924 1905 1999 lesum
1928 1957 1947 2001 a
1971 1959 2066 2006 mor-

89 1088 129 1136 tu
150 1058 328 1157 scriptum
351 1072 403 1135 ιιι
426 1072 549 1135 aulem
569 1070 718 1159 propter
751 1058 862 1133 illum
886 1070 1032 1134 tontum

142 1164 364 1263 imputatum
374 1164 501 1269 sut'sse
515 1162 598 1253 illi,
625 1160 837 1247 sedetiam,
863 1174 924 1238 etc.

91 2046 117 2091 rt
144 2018 302 2091 iusticias
332 2019 420 2111 legis
450 2044 491 2089 ae
522 2017 786 2110 imputationis,
825 2033 859 2089 et
882 2021 1023 2090 deducit
1079 2020 1170 2103 tuis,
1206 2016 1268 2111 qui
1291 2017 1442 2088 traditus
1465 2032 1517 2090 est
1541 2036 1684 2111 propter
1710 2024 1836 2098 delicta
1858 2047 1999 2121 nostra,
2031 2028 2068 2113 et

88 2125 165 2193 „d
187 2126 334 2194 verbum
356 2121 704 2219 repromissionem,
734 2120 907 2213 planeque
931 2123 1023 2190 idern
1078 2119 1302 2191 resuscitatus
1316 2133 1460 2210 propter
1478 2120 1651 2191 iusticiam
1669 2140 1837 2203 nostram.
1865 2130 1933 2204 Hic
1944 2161 2066 2211 rursus

88 2238 159 2309 eet,
198 2228 293 2317 quod
320 2220 470 2295 loannes
491 2223 531 2293 in
556 2224 618 2293 illo
641 2222 757 2293 dicto:
798 2220 929 2309 Filius,
962 2226 1023 2317 qui
1077 2216 1187 2292 habes
1204 2236 1464 2311 argumentum,
1485 2225 1583 2317 quod
1601 2222 1867 2318 hdessignilicet
1882 2259 1956 2306 non
1972 2244 2067 2313 noti·

100 2326 141 2397 in
156 2326 237 2396 sinu
255 2327 385 2418 patris,
409 2326 484 2418 ipse
504 2325 683 2395 enarravit
710 2323 833 2409 nobis,
859 2325 942 2418 quia
960 2351 1024 2397 nec
1076 2325 1166 2393 ciam
1182 2325 1279 2413 legis,
1293 2336 1353 2394 aut
1367 2320 1696 2413 tantumhistorise,
1719 2333 1778 2401 sed
1795 2334 2067 2423 significetlidu-

89 2432 149 2513 io,
174 2452 239 2498 nec
256 2429 308 2499 lex
323 2432 427 2500 docet
441 2442 503 2499 aut
526 2441 640 2500 certos
656 2425 789 2512 reddit,
814 2430 910 2522 quod
926 2429 1025 2499 Deus
1077 2426 1179 2511 ciam,
1194 2420 1821 2521 quaeapprehenditimputationem,
1835 2442 2066 2535 quaefitpro-

88 2532 194 2603 „ierat
235 2546 394 2622 peccata,
429 2530 638 2627 praesertim
682 2528 851 2619 indignis.
925 2526 1025 2615 ltem,
1077 2543 1155 2620 pter
1169 2523 1590 2599 mediatoremChristum
1606 2554 1749 2622 passum
1764 2550 1797 2607 ιι
1815 2559 2032 2630 regnantem.

88 2636 132 2705 od
162 2634 375 2725 pronunciet
407 2632 546 2722 iustos,
586 2652 790 2725 quanquam
818 2655 891 2701 non
919 2632 1024 2702 satis·
1179 2629 1311 2700 Paulus
1336 2630 1510 2702 discernit
1533 2647 1681 2703 mortem
1705 2651 1738 2708 et
1762 2646 2066 2738 resurrectionem,

90 2736 203 2805 ientes
227 2736 307 2827 legi.
366 2730 430 2807 Est
454 2734 563 2823 igitur
583 2729 669 2804 haec
690 2733 899 2823 promissio,
933 2758 1024 2826 quae
1076 2744 1208 2803 etcum
1226 2735 1262 2803 ht
1287 2733 1421 2802 mentio
1442 2735 1728 2820 resurrectionis,
1755 2740 1973 2833 intelligatur
1990 2748 2064 2823 Re-

106 2834 362 2931 Evangeliom,
402 2838 446 2907 de
470 2833 677 2906 remissione
703 2847 951 2926 peccatorum,
990 2849 1024 2908 et
1076 2858 1185 2923 prtum
1211 2851 1245 2904 et
1265 2833 1499 2905 Pontificatus
1521 2829 1679 2907 Christi:
1718 2836 1807 2911 Naso
1839 2847 1920 2919 ideo
1941 2872 2065 2927 stamus

88 2941 273 3033 putatione
295 2938 474 3031 iusticiae,
507 2937 660 3008 revelata
682 2936 876 3022 divinitus,
915 2952 949 3008 et
973 2950 1024 3009 est
1076 2932 1230 3019 Christi,
1264 2938 1348 3030 quia
1364 2935 1529 3007 Christus
1549 2951 1670 3009 noster
1692 2945 1849 3031 pontifex
1871 2974 1936 3041 pro
1960 2956 2065 3028 nobis

88 3043 321 3135 rseotentia,
360 3065 465 3135 quarn
489 3040 671 3111 doctrinae
700 3038 787 3129 legis
807 3053 843 3110 ιι
864 3039 1024 3113 rationis.
1077 3038 1277 3130 interpellat
1302 3040 1398 3126 ³9⁰⁶
1423 3054 1578 3132 Ptlstms
1620 3055 1660 3113 ¹¹²
1687 3061 1825 3135 “9¹¹²“
1847 3074 1915 3122 ¹¹⁰⁸
1942 3054 2062 3132 ῗΰιιθι·

88 3168 157 3216 ,ιιι
170 3143 360 3233 diligenter
375 3138 443 3213 hoc
458 3142 536 3213 loco
554 3142 814 3211 observandum
831 3155 902 3225 ιιι,
926 3136 1031 3232 quod
1076 3140 1184 3227 ltem,
1209 3139 1293 3235 quia
1311 3136 1474 3213 Christus
1490 3141 1577 3211 vivit
1595 3157 1629 3212 et
1646 3163 1784 3235 regnat,
1810 3153 1869 3223 dat
1886 3153 2061 3247 Spiritum

87 3246 167 3343 [ung
194 3242 373 3339 seriptum
391 3258 461 3330 ast,
487 3246 581 3339 qood
600 3244 814 3330 imputetur,
845 3242 944 3337 quasi
966 3242 1023 3313 di.
1075 3258 1236 3315 sanctum
1269 3255 1305 3313 ιι
1333 3242 1512 3326 vivificat,
1554 3243 1683 3317 liberat
1709 3250 1756 3319 ab
1783 3252 1836 3323 ira
1864 3272 1896 3326 ιι
1921 3273 2063 3333 aeterna

93 3346 231 3423 ellare
255 3350 419 3418 voluntas
444 3351 487 3417 de
509 3346 744 3438 imputatione
767 3368 841 3414 non
866 3358 917 3416 est
939 3362 1023 3416 nota
1075 3359 1212 3435 morte,
1238 3343 1459 3415 resuscitabit
1475 3358 1646 3419 mortuos.
1699 3346 1753 3421 ιιι
1773 3353 1858 3428 fides
1882 3376 2061 3458 utrunque

87 3450 185 3537 toni,
209 3450 300 3535 sieut
324 3452 399 3533 ter,
423 3454 485 3520 sed
507 3463 560 3521 est
581 3446 650 3517 alia
677 3446 853 3519 sententia
877 3460 912 3519 ιι
930 3472 1023 3518 nova
1075 3441 1313 3547 apprehendit
1335 3460 1370 3517 et
1394 3445 1547 3538 applicat
1571 3450 1697 3534 uobis,
1721 3453 1886 3533 videlicet
1911 3484 2063 3538 mortem

87 3554 219 3627 dm.
537 3554 540 3559 ·
1075 3547 1229 3633 Christi,
1254 3563 1288 3620 et
1303 3548 1546 3619 resuscitatum
1570 3552 1820 3645 mediatorem,
1849 3568 2064 3656 pontificem,

115 3656 281 3727 'Deinde
312 3668 347 3726 et
372 3654 463 3724 illud
493 3652 792 3723 considerandum
822 3664 892 3735 est,
925 3654 1021 3746 quod
1075 3651 1346 3735 vivificatorem,
1385 3665 1533 3721 “mmm
1561 3648 1695 3725 chflffi
1728 3661 1981 3753 ίῬΡΙἚῙΨΜῙΒ
2023 3686 2064 3744 ⁰²

87 3760 261 3831 turituo's
280 3760 323 3826 ad
345 3760 505 3829 verbnm.
558 3752 638 3823 Non
664 3754 740 3825 vult
763 3775 828 3823 nos
853 3778 1022 3848 quaerere
1077 3769 1193 3825 teneat
1218 3752 1417 3842 victimam,
1456 3776 1563 3845 quam
1589 3769 1720 3829 statuat
1748 3779 1887 3837 certum
1912 3774 2063 3858 pretium

87 3884 119 3933 ῃ
136 3858 437 3942 illuminationes,
461 3858 522 3927 sed
546 3856 621 3925 vult
644 3878 710 3924 nos
732 3879 751 3925 a
772 3858 880 3925 verbo
896 3856 1021 3941 ordiri,
1075 3879 1148 3924 esse
1173 3878 1238 3945 pro
1263 3855 1411 3944 peccatis
1436 3855 1584 3937 nostris,
1619 3860 1701 3950 quia
1726 3860 1824 3935 Deus
1851 3872 1966 3944 voluit
1988 3898 2063 3949 esse

87 3966 194 4034 serbo
216 3962 392 4033 consolari
415 3958 648 4031 conscientias
670 3970 704 4027 et
726 3969 898 4042 statuere,
924 3958 1020 4051 quod
1073 3958 1228 4051 aliquam
1258 3957 1437 4025 victimam
1463 3980 1528 4047 pro
1551 3976 1702 4049 peccato.
1775 3962 1823 4038 Et
1845 3974 1989 4066 quidem
2013 3977 2059 4049 ita

87 4090 121 4137 es
135 4071 183 4136 sit
198 4081 291 4136 terta
306 4078 429 4136 etrata
445 4062 611 4131 voluntas
625 4056 712 4138 Dei,
736 4082 829 4153 quse
852 4061 889 4127 iu
910 4064 1020 4129 verbo
1074 4058 1237 4129 irascitur
1259 4070 1420 4150 peccato',
1445 4072 1483 4128 ιιι
1510 4060 1609 4129 trulla
1635 4062 1806 4155 placuerit
1829 4068 1961 4157 hostia,
1993 4079 2060 4151 nisi

87 4168 256 4263 ,mium
312 4164 406 4237 snnt
430 4164 539 4252 igitur
560 4161 802 4251 repudiandae
820 4162 1020 4251 Anabapti·
1074 4158 1262 4232 morshlii.
1316 4156 1395 4230 Hoc
1419 4160 1534 4249 ipsum
1560 4177 1708 4236 testatur
1731 4183 1765 4241 et
1793 4172 1881 4243 iram
1903 4178 1973 4249 Dei
1998 4184 2060 4254 ad·

87 4296 141 4343 „0
161 4286 197 4341 ,q
222 4264 433 4339 Mffliehm
462 4264 757 4354 imaginationes,
797 4286 889 4356 quae
912 4288 1021 4357 quae·
1075 4288 1194 4333 versus
1220 4275 1398 4353 peccatum
1423 4260 1638 4335 ineffabilem
1661 4291 1757 4358 esse,
1804 4287 1839 4344 et
1864 4272 2061 4353 misericor-

87 4388 112 4444 n
128 4370 410 4443 illuminationes
427 4369 504 4438 sine
527 4368 637 4445 verbo
654 4362 741 4451 Dei,
767 4378 803 4436 et
826 4381 922 4435 extra
940 4389 1020 4435 ver.
1072 4366 1169 4434 diam
1194 4387 1275 4451 erga
1306 4385 1370 4432 nos
1393 4360 1570 4434 infinitetn'
1601 4390 1700 4456 esse,
1740 4378 1835 4468 quod
1860 4378 1972 4453 filium
1996 4410 2060 4479 pro

87 4502 115 4547 n
140 4475 220 4545 Dei·
1073 4466 1272 4537 nohisfecit
1289 4465 1479 4536 victimam.

128 4576 312 4659 sectando,
336 4574 423 4642 illud
441 4566 1021 4657 continetegregiamconsolatio·
1173 4566 1235 4637 Ειι
1257 4582 1375 4638 ιιιιιιιι
1402 4590 1475 4636 ιιοιι
1501 4568 1617 4638 solum
1648 4598 1745 4645 mors
1767 4573 1901 4653 Christi
1932 4610 2059 4679 appre-

86 4704 132 4763 η’
155 4680 253 4772 quod
270 4673 337 4747 hoc
356 4677 432 4744 1000
451 4675 618 4746 transfert
631 4671 830 4760 exemplum
855 4672 1020 4741 iustifica-
1074 4663 1282 4754 hendendo,
1306 4670 1369 4739 sed
1382 4669 1489 4739 etiarn
1503 4674 1603 4763 quod
1619 4696 1699 4747 reso
1707 4679 1850 4752 scitatus
1870 4700 1923 4757 est
1939 4705 2060 4762 noster

86 4784 362 4861 ηῑηᾱοιῃῃιι,
386 4790 421 4845 et
444 4779 598 4870 primum
623 4764 725 4843 docet
741 4764 922 4842 Abraham
946 4792 1023 4843 esse
1075 4771 1234 4862 pontifex
1257 4775 1351 4861 epud
1380 4787 1525 4863 patrem.
1587 4770 1679 4846 Vere
1700 4786 1883 4873 exattdiat,
1910 4814 1991 4861 vere
2013 4796 2056 4863 sit

86 4908 185 4957 ,mm
208 4881 331 4975 populi
352 4878 446 4960 Dei,
485 4893 526 4949 ut
549 4878 701 4947 sciamus
725 4890 880 4946 caeteros
909 4878 1020 4946 iustos
1075 4874 1220 4956 elficex,
1270 4895 1352 4940 vere
1383 4872 1554 4964 vivificet,
1594 4880 1654 4949 det
1683 4880 1855 4972 Spiritum
1886 4908 2057 4975 sanctum,

86 4986 209 5067 tutari,
234 4983 413 5071 sicutipse
429 4980 715 5051 iustihcatusest.
1073 4977 1169 5046 iuvet
1190 4997 1273 5060 nos,
1297 4976 1423 5046 liberet
1440 4999 1460 5044 a
1474 4991 1587 5047 morte
1601 4999 1762 5067 aeterna,
1789 4994 2059 5067 resuscitaturus
2176 5006 2181 5015 ’

135 5085 276 5158 Deinde
289 5086 379 5155 illud
394 5083 661 5162 suavissimum,
687 5076 807 5146 videre
823 5079 918 5169 quud
936 5078 1020 5149 iacit
1072 5077 1118 5148 sit
1144 5092 1323 5156 mortuos,
1350 5090 1384 5148 ιι
1404 5080 1552 5148 daturus
1576 5106 1703 5154 novam
1729 5102 1762 5157 et
1784 5108 1986 5181 perpetuam
2005 5098 2057 5169 vi-

86 5212 157 5263 mes
173 5212 276 5283 pares
293 5180 479 5271 Abrahae,
503 5183 599 5278 quod
623 5178 751 5251 attinet
772 5181 817 5247 ad
841 5179 1020 5249 remissio·
1072 5194 1161 5265 um,
1185 5179 1393 5269 sapientiam
1411 5193 1444 5249 et
1466 5180 1655 5259 iusticiam.
1714 5184 1809 5259 Haec
1830 5198 1948 5265 omnia
1967 5196 2058 5273 Pau-

86 5322 115 5365 m
134 5305 372 5387 peccatorum,
392 5301 426 5357 et
440 5284 711 5378 imputationem
724 5281 894 5356 iusticiae.
927 5279 1017 5350 Nam
1071 5282 1126 5351 lus
1149 5283 1351 5372 complexus
1373 5297 1441 5365 est,
1482 5307 1563 5353 cum
1588 5289 1655 5358 ait:
1685 5284 1894 5368 Resurrexit
1918 5317 2054 5397 propt„

86 5402 214 5469 uo'rum
237 5387 577 5465 sordissimilitudo.
631 5382 756 5456 Sciant
771 5381 879 5473 igitur
894 5404 1019 5453 omncs
1073 5381 1250 5454 iusticiam
1270 5398 1439 5458 nostram.

86 5503 266 5569 disseres.
284 5498 388 5564 oreo.
417 5489 503 5566 Vota.
519 5492 597 5560 XV.
1503 5484 1554 5557 39
