4522 5782
80 210 149 287 Μ
2031 234 2109 319 sso

80 376 292 468 Christum,
341 383 585 461 ostendentem
636 380 740 452 nobis
787 380 1066 453 misericordiam
1121 382 1278 465 liationis
1296 395 1330 451 et
1347 382 1521 471 efficaciae
1532 380 1665 459 Christi
1684 388 1722 459 in
1736 393 1842 465 nobis
1859 396 2101 476 testimonium

80 486 211 556 aeterni
244 484 372 577 patris,
414 508 484 578 qua
508 478 849 583 agnitaac'cetlimns
872 485 916 552 ad
939 482 1066 570 Deum,
1119 498 1152 555 et
1176 482 1303 573 pignus
1332 500 1379 552 est
1406 485 1619 575 baptismus,
1651 502 1684 561 et
1707 516 1788 563 cum
1817 495 1868 567 sic
1889 499 2027 577 incoets
2048 522 2101 593 est

80 610 152 657 non
174 588 329 677 fugimus
346 598 386 657 ot
403 584 510 669 Saul,
536 585 595 687 sed
613 609 694 655 vere
710 586 931 674 agnoscimus
947 580 1063 657 Deu'm
1116 585 1339 675 mortificatio
1372 601 1405 656 et
1440 587 1651 683 vivificatio,
1697 594 1889 687 sepelimur
1913 626 1986 677 una
2018 631 2099 683 eum

80 712 151 759 esse
176 691 313 758 bonasus
337 701 369 757 et
395 702 630 776 praesentem,
657 710 721 754 nos
747 686 908 777 recipiet
930 686 1064 759 servari
1115 680 1271 760 Christo.
1308 692 1311 697 '

80 790 122 863 sb
139 814 185 860 eo
204 802 348 882 propter
363 789 497 874 filium,
522 791 564 860 in
578 784 643 859 bac
659 788 723 857 filii
744 789 822 859 luce
842 812 906 858 nos
921 814 1062 885 quoque
1161 872 1165 877 Ι
1215 786 1279 858 Est
1303 802 1419 859 autem
1442 784 1553 861 massa
1580 793 1713 885 peceati
1736 798 1873 891 sepulta
1892 803 2096 898 dupliciter:

80 892 389 979 renslormamur,
432 890 469 959 id
501 901 572 974 est,
621 889 814 987 accipimus
846 888 966 961 radios
998 915 1063 983 per
1115 882 1275 961 Primum
1292 891 1543 982 imputatione,
1569 893 1651 987 quia
1667 898 1900 976 remittuntur
1917 907 2023 979 nobis
2038 934 2095 983 rs-
2182 938 2187 948 ·

80 992 190 1065 ilium
206 994 246 1063 in
261 1016 327 1065 uos
341 1016 481 1081 sparsos
503 995 586 1064 dato
603 990 739 1083 Spiritu
763 1005 905 1073 sancto,
932 991 1061 1063 videti·
1113 990 1244 1085 liqniae
1267 994 1410 1084 peccati.
1965 990 1968 995 ’

80 1108 132 1171 :et
162 1095 332 1167 noticiam
347 1090 424 1214 Dei·
447 1106 482 1165 et
500 1105 765 1213 novosmotus,
790 1116 879 1191 quos
902 1088 1062 1173 accendit
1213 1090 1397 1178 Secundo,
1438 1095 1533 1187 quod
1557 1097 1795 1193 ad'ellectum
1824 1106 1970 1201 attinet,
2010 1114 2096 1209 quis

80 1196 310 1269 seonfismat
326 1194 490 1286 Spsrrtos¹
504 1211 644 1268 sanctus
662 1197 782 1287 audita
798 1219 884 1265 voce
898 1192 1060 1285 Evange-
1113 1187 1198 1262 haec
1223 1217 1343 1281 massa,
1366 1208 1549 1289 postquam
1578 1200 1782 1273 mortificari
1811 1209 1949 1303 coepit,
1989 1214 2095 1297 desiit

80 1298 129 1369 lii.
185 1297 259 1370 Nec
275 1297 446 1389 significat
464 1297 622 1395 novitas,
648 1296 875 1386 cogitationes
891 1311 925 1367 ει
943 1312 1059 1369 motos

80 1399 230 1473 rationis
253 1398 331 1470 sine
355 1397 493 1489 Spiritu
517 1413 655 1489 sancta,
680 1423 744 1467 nec
765 1398 936 1488 significat
955 1399 1060 1489 spiri·

80 1524 129 1575 us
155 1501 352 1586 rationem,
383 1503 443 1571 sed
467 1500 605 1571 tertiam
637 1524 822 1592 personam
848 1499 1060 1586 divinitatis,

80 1625 181 1699 gnam
196 1615 359 1672 aeternus
383 1615 481 1692 pater
502 1604 562 1673 dat
581 1626 645 1695 per
666 1600 778 1675 filium
802 1601 839 1669 in
863 1602 969 1672 corda
992 1627 1059 1672 no·

80 1718 157 1779 stra.
208 1702 290 1785 ¹Erit
310 1718 429 1777 sutem
447 1698 586 1775 novitas
606 1694 764 1783 hominis
782 1702 918 1794 integra
933 1702 971 1771 in
988 1688 1058 1772 Ec·

80 1805 178 1877 desis
201 1805 362 1890 coelesti,
387 1803 512 1901 inqua
537 1806 604 1876 erit
619 1804 716 1876 Deus
734 1804 853 1895 omnia
878 1804 917 1875 in
938 1805 1057 1875 omni·

80 1929 162 1991 sus,
187 1907 311 1993 idest,
334 1908 385 1977 sic
401 1906 549 1997 fulgebit
566 1908 603 1975 in
628 1908 751 1985 nobis,
777 1919 818 1974 ut
839 1906 953 1995 palam
971 1931 1057 1977 cou-

80 2009 259 2099 piciatur,
285 2033 358 2081 non
374 2031 436 2101 per
450 2009 685 2078 ministerium
702 2002 908 2096 Evangelii,
936 2023 970 2080 et
987 2008 1058 2077 cie-

80 2111 121 2183 ait
144 2133 270 2180 omnes
294 2106 430 2195 motus,
452 2111 520 2195 ita,
549 2124 588 2181 ut
612 2133 686 2178 non
711 2110 756 2181 sit
773 2107 881 2179 simul
897 2110 934 2178 in
953 2109 1058 2181 nobis

80 2227 266 2286 escarum.

172 2312 224 2383 At
238 2314 275 2383 in
291 2305 357 2381 har
374 2314 443 2383 vita
460 2310 553 2379 idem
570 2304 677 2379 lsomo
693 2310 856 2395 renatus,
879 2323 930 2379 cst
945 2308 1055 2379 Vetus

79 2412 263 2496 tNovtas,
293 2414 423 2493 idest,
457 2410 588 2481 Paulus
608 2426 659 2480 est
685 2437 815 2492 novus,
843 2411 927 2505 quia
952 2411 991 2479 in
1014 2435 1056 2480 eo

80 2518 206 2589 tabitat
223 2514 335 2600 Deus,
352 2530 384 2584 et
402 2514 554 2583 illustrat
572 2539 652 2582 eum
673 2515 780 2583 verbo
796 2538 860 2584 suo
876 2525 909 2583 ει
925 2512 1056 2581 sancti-

80 2630 146 2689 ,εει
185 2616 322 2709 Spiritu
347 2631 489 2699 sancto,
524 2629 558 2686 et
582 2638 681 2683 mens
713 2629 746 2687 et
775 2639 836 2684 cor
878 2615 1056 2706 accipiunt

80 2720 209 2813 liquos
242 2719 359 2786 radios
389 2718 477 2786 lucis
511 2715 653 2785 divinae
686 2731 719 2786 et
751 2731 869 2786 motos
900 2716 1054 2809 Spiritus

80 2821 193 2893 uncti.
238 2819 355 2891 Sentit
378 2820 471 2888 enirn
500 2816 632 2887 Paulus
655 2819 936 2901 invocationem,
961 2818 1055 2886 lidu-
1094 2840 1098 2847 ’

80 2925 173 3007 iam,
214 2921 380 2991 laetitiam
408 2921 445 2988 in
470 2918 563 2990 Deo:
606 2934 749 2988 eatenus
771 2935 822 2990 est
844 2941 978 2997 novus,
1020 2930 1054 2986 et

82 3047 149 3094 sec
165 3024 306 3092 novitas
321 3044 468 3108 regnare
492 3023 608 3095 debet.
659 3018 729 3089 Sed
753 3023 914 3089 noudum
933 3020 970 3087 in
988 3014 1053 3087 bac

80 3128 136 3199 tsa
151 3140 281 3195 natura
300 3122 402 3194 Pauli
424 3146 567 3214 prorsas
587 3134 639 3190 est
659 3120 736 3188 sine
755 3137 895 3211 peccato
924 3134 957 3190 ει
976 3120 1054 3191 sine

80 3242 199 3308 sorte,
222 3240 366 3296 eatenus
380 3238 431 3294 est
452 3238 551 3293 vetus
567 3216 690 3306 homo,
716 3226 777 3292 sed
796 3218 882 3305 baec
898 3237 1052 3293 vetustas

80 3327 318 3411 auctificatur,
346 3350 419 3395 non
442 3339 575 3417 regnat.

108 3492 197 3596 Qui
213 3495 352 3567 mortui
370 3519 499 3566 sumus
527 3502 690 3593 peceato,
730 3487 914 3590 quomodo
940 3501 1002 3566 ιιι.

168 3633 330 3705 Primum
356 3644 604 3723 argumentum
627 3641 781 3699 sumtum
800 3651 819 3696 a
838 3628 952 3697 causis
975 3627 1052 3697 elii-
1096 3702 1099 3707 ,

80 3737 251 3811 ientibus.

107 3839 258 3911 Mortua
283 3850 409 3907 natura
434 3855 506 3903 non
533 3832 580 3901 sit
603 3829 738 3899 efficax.

112 3941 157 4012 ln
184 3940 286 4009 nobis
308 3953 408 4008 vetus
439 3948 587 4023 natura,
628 3956 717 4025 quae
748 3944 799 4000 est
830 3953 942 3998 massa
970 3951 1050 4018 pec·

162 4041 230 4113 cati
253 4054 304 4111 cst
326 4052 485 4122 mortua,
517 4036 555 4104 id
580 4047 652 4118 ast,
688 4032 804 4123 coepit
824 4030 1049 4117 mortificari,

163 4167 231 4213 nec
252 4153 392 4231 regnat:

106 4242 209 4334 Ergo
231 4267 303 4313 non
327 4244 372 4313 sit
397 4238 532 4312 efficax.

159 4345 342 4417 Minorem
372 4343 519 4436 probat,
558 4336 640 4430 quia
664 4359 728 4427 per
748 4335 964 4425 baptismum
986 4358 1047 4403 su·

80 4472 142 4523 tus
162 4450 202 4517 in
229 4461 379 4519 mortem
401 4436 535 4513 Christi
560 4439 726 4526 baptizati
772 4451 807 4507 et
847 4436 1043 4527 consepulti

80 4576 138 4625 nn
163 4574 227 4621 eo:
270 4543 581 4642 qnia-baptismos
615 4553 668 4608 est
701 4536 943 4609 testimouium
976 4560 1049 4630 quo

80 4654 257 4743 tergimur
296 4666 462 4740 tanquam
494 4643 533 4711 in
569 4639 775 4727 sanguinem
815 4638 969 4722 curisti,
1010 4652 1049 4708 nt

80 4759 252 4826 bluamur
268 4766 301 4822 et
317 4748 529 4839 accipiamus
544 4741 788 4812 remissionem
814 4754 1049 4829 peccatorum.

80 4876 112 4930 ts
131 4856 304 4927 antetulit
323 4848 504 4928 remissio,
537 4860 576 4915 ιιι
599 4859 744 4935 propter
763 4857 912 4910 mortem
933 4855 970 4911 et
994 4864 1049 4907 re·

80 4957 317 5031 messionem
336 4950 468 5025 Christi
489 4947 594 5016 etiam
618 4967 656 5012 re
679 4947 752 5034 ipsa
777 4944 815 5012 in
838 4943 943 5011 uobis
962 4942 1049 5010 abo-

80 5073 180 5133 sstur
200 5070 401 5149 peccatum,
428 5050 512 5144 quia
529 5047 625 5146 filius
641 5069 703 5135 per
717 5042 950 5135 Evangelium
967 5043 1050 5112 dato

80 5162 202 5253 ipiritu
230 5173 352 5227 sancto
393 5152 508 5240 arguit
525 5149 633 5217 corda
663 5149 883 5237 deprecato,
916 5161 946 5211 et
966 5166 1049 5212 rur·

80 5286 124 5335 ιιι
145 5259 319 5340 vivificat,
351 5269 385 5325 et
402 5249 562 5322 accendit
585 5271 715 5318 novam
743 5246 857 5315 lucem
883 5259 919 5315 et
939 5266 1051 5314 novos

80 5348 184 5433 sotus
201 5360 240 5428 iu
257 5358 373 5428 nobis.
423 5351 541 5424 Ηιιὶιιι
563 5347 784 5423 remissionis
806 5370 870 5418 seu
893 5345 1052 5417 reconci.

109 5462 303 5534 Messias.
324 5462 429 5531 Orsa.
456 5452 543 5526 Vos.
565 5454 647 5525 XV.

1112 1319 1186 1366 esse
1209 1296 1353 1379 efficax,
1382 1298 1507 1381 idest,
1531 1323 1604 1368 non
1621 1317 1755 1391 regnat.

1210 1394 1284 1466 Nec
1306 1410 1442 1469 tantum
1466 1401 1510 1467 de
1525 1403 1794 1476 mortificatione
1815 1406 1976 1505 loquitur
1999 1412 2094 1493 Pau.

1111 1495 1188 1579 lus,
1213 1502 1273 1567 sed
1298 1500 1396 1570 addit
1415 1517 1660 1589 argumentum
1677 1508 1722 1575 de
1743 1508 1996 1585 vivificatione:
2022 1518 2093 1593 nisi

1111 1598 1206 1667 enim
1216 1601 1395 1671 accederet
1409 1602 1481 1671 vita
1492 1617 1527 1672 ει
1542 1604 1717 1689 vinceret,
1743 1611 1841 1679 natta
1858 1629 1948 1686 esset
1960 1617 2092 1693 tibers-

1110 1699 1174 1771 tio.
1220 1699 1304 1770 ldeo
1327 1716 1358 1771 et
1383 1725 1488 1794 supra
1513 1704 1738 1778 dictumest:
1771 1706 1897 1789 Gratis
1920 1721 2093 1797 exuberat

1109 1824 1216 1893 supra
1241 1804 1419 1877 delictum.
1473 1802 1578 1877 ltem:
1610 1805 1751 1899 Regnat
1767 1812 1878 1900 gratia
1899 1841 1963 1911 per
1989 1806 2093 1897 iusti-

1110 1904 1200 1973 ciam
1213 1905 1258 1973 ad
1276 1903 1384 1973 vitam
1400 1919 1589 1980 aeternam.
1619 1905 1705 1978 lnde
1717 1911 1766 1981 sic
1783 1933 2067 2006 argumentetur:

1279 2002 1370 2073 Visa
1393 2021 1519 2076 natura
1543 2021 1593 2077 est
1617 2009 1751 2082 efficax.

1167 2110 1171 2121 '
1210 2101 1286 2174 Nos
1302 2107 1467 2176 vivificati
1484 2131 1605 2179 sumus
1622 2134 1684 2200 per
1698 2109 1901 2206 Christum,
1929 2122 1994 2217 qui
2010 2124 2090 2197 ideo

1109 2207 1273 2277 assumsit
1302 2202 1395 2277 bane
1418 2232 1585 2290 massam,
1626 2225 1666 2280 ut
1692 2215 1794 2283 nobis
1816 2243 1960 2316 quoqne
1980 2225 2093 2298 viteus

1107 2306 1285 2377 redderet:
1312 2323 1344 2378 et
1362 2305 1449 2380 haee
1469 2310 1659 2381 vivificatio
1682 2315 1845 2388 incoatur
1861 2322 1901 2392 in
1917 2317 1984 2396 hec
2006 2328 2090 2412 rite,

1108 2430 1188 2477 cum
1213 2409 1307 2479 lilius
1330 2409 1396 2480 Dei
1421 2434 1483 2501 per
1501 2411 1736 2503 Euangeliom
1760 2433 1795 2491 et
1809 2419 1983 2513 Spiritum
2007 2450 2090 2500 sau·

1107 2521 1203 2605 ctum
1226 2513 1432 2582 consolatur
1453 2517 1580 2599 corda,
1617 2531 1651 2586 ει
1672 2517 1799 2588 liberat
1825 2546 1890 2595 nos
1912 2550 1953 2596 er
1975 2523 2090 2605 morte

1106 2624 1266 2699 aeterna,
1292 2615 1386 2684 iusta
1408 2615 1561 2685 dictum:
1588 2614 1767 2690 laetificati
1791 2622 1861 2695 lide
1881 2634 2006 2718 pacem
2025 2608 2090 2702 ba-

1107 2713 1241 2782 bemus.
1292 2714 1397 2788 ltem:
1424 2712 1461 2786 0
1478 2740 1571 2787 mors
1590 2742 1650 2788 ero
1666 2744 1760 2791 mors
1776 2736 1846 2809 tua,
1862 2739 1898 2798 et
1914 2752 1938 2798 o
1951 2727 2089 2803 inferne

1105 2835 1166 2882 ero
1184 2813 1343 2886 infernus
1359 2831 1440 2886 tuus
1455 2831 1518 2886 etr.
1570 2816 1664 2907 Quia
1681 2845 1765 2892 vero
1781 2819 1867 2896 haec
1881 2828 1972 2917 vita,
1996 2856 2086 2927 quse

1104 2915 1304 2987 restituitur
1318 2942 1380 3004 per
1392 2919 1504 2987 lilium
1519 2919 1601 2988 dato
1616 2918 1754 3010 Spiritu
1769 2941 1901 3011 sancto,
1924 2944 1976 3004 est
1994 2934 2087 3019 talis,

1104 3016 1219 3108 qualis
1236 3034 1286 3089 est
1302 3021 1376 3107 ipse
1391 3019 1546 3109 Spiritus
1562 3034 1721 3102 sanctus,
1738 3023 1811 3097 sint
1827 3030 1982 3102 actiones
1996 3059 2083 3105 con-

1104 3130 1269 3206 gruentes
1297 3120 1447 3208 Spiritui
1469 3135 1601 3191 sancto.
1652 3120 1701 3194 Ut
1719 3125 1806 3194 alibi
1829 3129 1976 3205 dicitur:
2010 3132 2084 3206 Nos

1104 3231 1232 3288 retecta
1261 3222 1350 3289 facie
1368 3221 1518 3311 gloriam
1542 3219 1691 3293 Domini
1720 3229 1939 3318 speculantes
1969 3247 2087 3307 usus.

1103 3321 1300 3391 formamur
1322 3324 1360 3391 in
1387 3325 1533 3393 eandem
1557 3324 1747 3413 imaginem
1768 3345 1833 3404 etr.

1205 3419 1256 3492 lta
1280 3425 1467 3493 necessitas
1495 3425 1586 3494 bene
1614 3430 1787 3517 operandi
1807 3455 1849 3501 ex
1876 3456 1980 3505 ostrea
2007 3436 2088 3508 effi·

1105 3520 1237 3608 ciente,
1264 3539 1297 3595 et
1313 3526 1410 3594 finali
1427 3528 1635 3598 ostenditur·
1689 3527 1731 3597 ln
1755 3527 1810 3601 his
1831 3533 2086 3625 comprehense

1103 3636 1155 3693 est
1178 3638 1212 3694 ει
1234 3628 1419 3698 necessitas
1441 3629 1574 3712 debiti,
1606 3628 1690 3721 quia
1717 3626 1777 3701 hic
1799 3637 1890 3705 ordo
1919 3637 2086 3711 immotus

1103 3739 1173 3809 est,
1198 3741 1239 3797 ut
1261 3742 1419 3800 creatura
1439 3730 1621 3800 rationalis
1635 3727 1715 3801 Deo
1736 3734 1898 3806 obediat:
1924 3752 1957 3808 et
1983 3741 2085 3813 resti·

1102 3826 1217 3896 tuitur
1243 3843 1389 3915 natura,
1429 3843 1469 3900 ιιι
1502 3833 1547 3900 ad
1569 3827 1661 3901 bane
1689 3833 1927 3907 obedientiam
1956 3843 2083 3915 redut.

1101 3924 1208 3998 Hunc
1224 3932 1388 4001 ordinem
1405 3931 1567 4003 nominat
1582 3930 1716 4005 Paulus
1731 3936 1904 4011 debitum.

1152 4120 1235 4225 Qui
1242 4137 1411 4215 mortuus
1428 4138 1499 4214 est,
1526 4124 1748 4225 iustificatos
1763 4141 1815 4206 est
1828 4158 1854 4205 a
1865 4138 2033 4241 peaalu.

1205 4296 1260 4370 De
1305 4295 1374 4373 hoc
1413 4300 1509 4373 dicto
1546 4302 1680 4373 multae
1726 4305 1967 4379 cavillationes
2009 4309 2084 4405 sgi-

1099 4414 1232 4482 tantur.
1809 4432 1814 4441 ·

1251 4501 1421 4575 Mortuus
1442 4504 1648 4575 iustificatns
1671 4518 1722 4578 est
1748 4522 1951 4602 spectato,

1253 4602 1358 4675 ludas
1381 4615 1432 4674 est
1455 4619 1633 4692 mortuus,

1239 4703 1384 4797 igitur:
1414 4704 1622 4776 lustiticatos
1643 4722 1706 4784 est.

1200 4834 1415 4930 Respondeo
1443 4839 1720 4931 simplicissimes
1759 4843 1906 4919 Dictum
1927 4842 1995 4920 hoe
2025 4849 2082 4921 lo.

1101 4938 1225 5035 quitur
1239 4942 1284 5011 de
1301 4941 1498 5011 actualibus
1514 4942 1662 5032 peccatis
1678 4938 1786 5016 buius
1804 4948 1915 5030 vitae,
1939 4965 1979 5020 ut
1993 4951 2083 5023 disi-

1102 5057 1163 5114 tur
1184 5036 1316 5134 νεκρὸς
1345 5038 1391 5114 οὐ
1411 5036 1557 5130 δάκνει,
1588 5043 1625 5113 id
1649 5061 1721 5132 est,
1752 5047 1814 5142 qui
1834 5063 1995 5121 mortuus
2011 5064 2084 5136 est,

1102 5144 1175 5214 iam
1199 5139 1293 5214 nihil
1307 5144 1378 5234 agit
1395 5146 1431 5213 iu
1448 5140 1513 5214 hac
1527 5146 1616 5216 vita:
1642 5161 1682 5217 ut
1696 5149 1934 5235 strangulatus
1951 5152 2081 5226 desinit

1101 5246 1224 5317 lucari.
1285 5240 1354 5316 vet
1386 5247 1502 5325 dicas:
1543 5242 1711 5320 Mortuos
1746 5247 1953 5324 iustificatos
1980 5266 2032 5325 est
2063 5278 2084 5327 a

1103 5361 1265 5441 peceato,
1284 5345 1349 5439 qui
1361 5360 1416 5423 est
1427 5348 1612 5420 crucifixus
1628 5370 1710 5420 eum
1729 5343 1887 5445 Christo.

1259 5444 1313 5523 69
