4522 5782
76 182 121 303 u
458 217 543 295 xtt.
591 207 1418 301 nmnnanonnvmououuts.
1473 211 1673 295 canuc.
2007 212 2084 293 tn

76 400 158 491 ubie
187 386 427 472 unir'ersalem
457 408 493 468 ct
518 393 707 486 gratuitam
731 413 824 477 esse,
856 404 890 461 et
914 412 980 460 nos
1001 389 1040 459 in
1092 388 1196 459 clesia
1225 388 1376 458 affirmat
1400 412 1419 458 a
1442 386 1519 459 Deo
1544 389 1711 462 traditam
1735 411 1819 460 esse.
1870 387 1948 462 Hac
1969 391 2081 482 igitur

76 492 144 577 tun
176 499 418 574 universalem
447 498 692 580 includamus,
727 507 763 565 et
786 496 830 563 ad
856 488 1038 564 Christum
1091 491 1206 582 specie
1234 492 1337 561 multi
1364 491 1490 560 offensi
1513 516 1532 561 a
1556 491 1632 563 Deo
1655 492 1844 577 deliciunt,
1876 508 1909 565 ct
1934 495 2079 565 difficile

76 606 268 679 caedamus.
322 600 462 673 Scimus
484 599 566 669 item
593 599 797 666 mandatum
817 593 883 665 Dei
908 594 1039 663 immu-
1090 605 1142 663 est
1158 593 1302 662 eluctari
1321 617 1361 661 ex
1377 587 1442 662 hac
1458 593 1669 672 tentatione,
1696 595 1756 663 sed
1771 596 1904 684 opponi
1920 594 1952 666 ei
1967 619 2076 686 opor·

76 707 152 779 tbilc
176 728 276 790 esse,
309 704 404 799 quod
429 700 624 794 praecipit,
642 711 681 767 ut
701 699 895 768 credamus.
946 692 1036 764 Cum
1089 707 1138 765 tet
1160 694 1322 763 miranda
1345 694 1565 779 testimonia,
1589 696 1718 787 quibus
1740 696 1888 764 verbum
1910 693 1977 765 Dei
2002 713 2076 770 trs.

76 834 109 881 se
136 807 311 878 doctrina
344 826 424 873 vera
453 816 486 874 et
516 801 617 871 firma
644 821 709 868 nos
740 795 1036 880 confirmavimus,
1089 796 1203 865 ditum
1226 810 1260 867 et
1282 811 1513 887 propagatum
1537 809 1587 866 est
1606 797 1689 866 inde
1707 820 1818 890 usque
1833 798 1878 865 ab
1894 797 2020 884 initio,
2040 812 2077 871 et

76 910 198 981 lamus
226 898 437 978 baec'dicu
462 905 502 972 in
525 900 659 972 loanne
682 912 717 971 et
740 899 847 982 alibi,
882 919 970 990 quae
993 897 1037 965 de
1088 897 1245 988 exempla
1268 897 1463 986 primorum
1487 911 1638 988 patmm.
1691 894 1786 967 Deus
1807 899 2001 969 manifestis
2021 912 2076 970 te·

76 1009 372 1085 medestinatione
394 1006 567 1090 citantur,
600 1026 673 1072 non
697 1024 739 1070 eo
762 998 851 1084 dici,
877 1011 917 1068 ut
938 998 1037 1066 labe·
1088 997 1262 1068 stimoniis
1291 999 1543 1068 miraculorum
1569 1000 1723 1069 ostendit
1747 1022 1784 1069 se
1806 1002 1925 1070 adesce
1948 1002 2075 1092 exiguo

76 1113 176 1187 dant
199 1112 327 1194 tidem,
353 1121 387 1178 et
402 1119 561 1177 evertant
578 1101 867 1196 promissionem,
893 1101 952 1169 sed
971 1101 1036 1168 do·
1088 1099 1203 1170 coetui
1220 1100 1446 1192 amplectenti
1462 1100 1537 1171 eius
1552 1102 1711 1176 verbum.

77 1215 197 1287 tinam
226 1211 413 1283 continent
436 1205 805 1278 commonefacientem
830 1224 913 1285 nos,
947 1224 1035 1292 qua-

76 1318 154 1388 ssit
170 1310 354 1398 Ecclesia,
380 1333 426 1380 ue
442 1308 568 1378 offensi
586 1307 708 1396 exigua
727 1318 761 1374 et
776 1297 903 1371 humili
920 1301 1035 1392 specie
1188 1300 1379 1395 Postquam
1411 1324 1539 1392 magno
1560 1302 1751 1373 certamine
1775 1304 1859 1375 vicit
1878 1327 1978 1376 mens
1997 1305 2074 1398 epi-

77 1441 143 1491 sea
159 1417 381 1488 aberremus.
431 1408 486 1481 Ac
502 1410 547 1478 de
562 1409 688 1478 effectu
705 1403 1035 1499 praedestinationis
1086 1425 1208 1472 curess
1230 1404 1309 1472 illas
1331 1403 1577 1492 cogitationes,
1602 1405 1760 1475 exoritur
1779 1409 1972 1477 secundum
1995 1432 2073 1478 cer·

77 1519 153 1611 agis
178 1540 288 1612 quam
312 1511 697 1603 decausaloqunntur.
749 1504 970 1598 Impossibile
984 1517 1035 1575 est
1086 1516 1204 1573 tamen
1230 1505 1460 1593 etiamalege
1476 1518 1612 1588 ortum,
1639 1505 1668 1572 si
1686 1506 1747 1599 qni
1765 1522 1849 1578 sunt
1864 1532 1968 1578 curae
1982 1507 2073 1595 Deo,

77 1644 114 1693 sn
145 1621 400 1710 obstupescere
431 1611 608 1683 rationem
637 1606 851 1692 humanam,
883 1606 914 1675 si
948 1628 1033 1675 con·
1086 1619 1362 1676 consentaneum
1385 1619 1436 1676 est
1458 1631 1479 1676 a
1502 1604 1578 1676 Deo
1602 1607 1686 1696 eligi
1705 1609 1850 1697 dignos,
1884 1611 1975 1679 bene
1996 1635 2073 1680 me-

77 1734 131 1793 rat
146 1716 348 1791 Ecclesiam
369 1716 414 1786 ud
436 1712 585 1805 imperia
601 1711 740 1782 mundi.
793 1705 882 1780 Cum
897 1704 1033 1779 Romae
1085 1723 1220 1786 rentes,
1256 1720 1472 1798 praestantes
1500 1707 1670 1796 ingeniis,
1700 1710 1888 1800 sapientia,
1918 1712 2070 1793 iusticia,

77 1825 218 1914 gnabat
238 1815 419 1909 Augustus
442 1814 582 1906 sapiens
604 1812 787 1905 princeps,
813 1821 848 1881 et
869 1808 1034 1879 salutaris
1085 1821 1119 1877 et
1141 1808 1222 1876 aliis
1245 1808 1448 1884 virtutibus.
1498 1806 1654 1905 Ego'me
1669 1811 1783 1880 sentio
1801 1812 1904 1903 longe
1921 1813 2069 1884 interio-

77 1926 118 1997 bi
134 1937 335 2004 terrarum,
360 1933 393 1992 et
410 1938 554 2007 magnos
568 1916 708 1985 labores
722 1911 910 1982 sustineret
922 1910 958 1977 in
976 1933 1033 1978 re·
1085 1933 1158 1978 rem
1190 1920 1271 1980 csse'
1293 1909 1419 1994 Saule,
1460 1908 1638 1991 Aristide,
1680 1909 1847 1998 Platone,
1892 1912 2072 2005 Scipione,
2193 2004 2196 2009 .

77 2027 156 2097 ardo
184 2021 356 2114 imperio,
383 2033 416 2090 et
438 2021 568 2089 tuenda
592 2040 696 2108 pace,
722 2027 756 2084 et
781 2026 921 2082 senatus
944 2022 1032 2080 esset
1083 2006 1262 2101 Augusto,
1295 2012 1474 2102 quomodo
1504 2025 1778 2082 consentaneum
1804 2027 1856 2086 est
1878 2039 1935 2082 me
1959 2016 2071 2105 magis

78 2148 195 2220 agnus
224 2136 344 2195 coetus
372 2120 530 2191 virorum
561 2114 791 2188 honestorum
816 2126 851 2184 et
872 2113 1032 2205 pruden-
1083 2112 1231 2182 electum
1247 2135 1330 2196 esse,
1356 2136 1462 2206 qnam
1478 2106 1545 2181 hos
1560 2134 1716 2182 summos
1730 2114 1850 2183 viros?
1899 2113 2070 2187 Hoccer·

77 2255 137 2315 m,
163 2226 230 2320 qui
251 2247 398 2313 magnas
416 2246 473 2293 res
493 2221 682 2311 gerebant,
708 2230 743 2289 et
758 2215 887 2285 molem
902 2216 1030 2305 gnber-
1083 2225 1200 2282 tamen
1222 2214 1335 2283 multo
1359 2214 1539 2282 difficilius
1560 2228 1612 2283 est
1636 2214 1836 2304 superiore,
1861 2229 1894 2287 et
1916 2211 1974 2286 hic
1996 2218 2069 2288 iam

77 2331 201 2403 tunnis
230 2327 270 2396 in
301 2339 377 2397 toto
405 2324 491 2394 orbe
520 2321 759 2403 sustinebant,
789 2315 870 2411 quis
900 2315 1031 2386 diceret
1081 2318 1292 2404 opponenda
1317 2329 1369 2386 est
1392 2312 1599 2403 cogitationi
1623 2315 1823 2405 dignitatis,
1856 2342 1924 2388 vox
1945 2313 2069 2388 Evan-

78 2457 137 2506 tuc
158 2442 302 2501 coetum
323 2449 397 2497 non
412 2447 485 2495 esse
500 2418 694 2493 Ecclesiam
708 2418 795 2502 Dei,
822 2419 881 2488 sed
902 2439 1030 2506 paucos
1081 2414 1164 2505 gelii
1186 2418 1230 2487 de
1252 2412 1415 2501 Christo,
1441 2430 1475 2488 et
1499 2417 1669 2507 particula
1693 2415 1826 2492 Gratis.
1876 2417 1952 2508 Ego
1973 2417 2068 2490 nibil

78 2535 236 2614 medam
258 2541 294 2598 et
315 2529 463 2597 miseros
483 2520 699 2594 bominesin
719 2518 867 2604 ludaea,
892 2512 1028 2586 Zacha·
1080 2541 1158 2585 sum
1182 2517 1330 2588 collatus
1347 2519 1389 2586 ad
1414 2514 1575 2603 Saulem,
1606 2512 1817 2599 Aristidem,
1850 2520 2067 2611 Scipionem,
2131 2534 2134 2539 ’

78 2662 150 2716 sm,
183 2624 392 2714 Elisabeth,
423 2625 646 2705 Simeonem,
672 2623 838 2704 Annam,
861 2619 1028 2703 Mariam,
1081 2616 1283 2703 Platonem,
1307 2618 1523 2710 Augustum,
1549 2622 1608 2689 sed
1625 2620 1689 2688 filii
1700 2621 1769 2690 Dei
1786 2622 1938 2711 dignitas
1952 2624 2068 2692 maior

78 2732 168 2829 seph
192 2748 228 2804 ct
249 2730 389 2823 aliquot
411 2728 542 2798 similes
567 2749 640 2796 esse
660 2723 871 2806 Ecclesiam,
894 2734 927 2790 et
951 2717 1027 2790 Deo
1081 2732 1149 2804 est,
1176 2743 1280 2811 qnam
1305 2743 1428 2789 omnes
1450 2722 1610 2789 omniurn
1633 2745 1853 2791 summorum
1879 2718 2065 2803 hominum

78 2863 140 2911 uae
161 2856 259 2918 esse,
286 2847 319 2903 et
340 2846 476 2902 tantum
504 2824 598 2896 hunc
619 2828 782 2915 exiguum
805 2836 838 2892 et
859 2825 1026 2890 miserum
1080 2820 1238 2895 virtutes.
1293 2816 1541 2911 Aspernantur
1567 2817 1653 2892 haec
1684 2817 1847 2893 homines
1877 2819 2066 2916 prophani,

78 2953 178 3011 ctum
195 2934 334 3005 socium
350 2935 426 3003 lore
440 2930 573 3001 aeterni
591 2929 688 3019 regni
707 2925 797 2995 Dei?
848 2920 939 2994 Cum
955 2923 1025 3011 igi·
1078 2923 1138 2989 sed
1170 2944 1235 2990 nos
1259 2921 1298 2989 in
1322 2919 1476 2992 Ecclesia
1501 2947 1575 2991 non
1597 2947 1827 3014 aspernemur
1848 2926 1959 2994 lilium
1982 2924 2066 2997 Dei.

77 3067 95 3113 r
115 3037 187 3110 hac
207 3037 325 3128 specie
348 3036 437 3105 ratio
460 3043 663 3114 moveatur,
688 3048 827 3097 necesse
848 3040 899 3095 est
921 3024 1025 3093 nobis
1077 3019 1184 3092 Hunc
1206 3046 1318 3092 uncam
1342 3026 1493 3092 sciamus
1514 3026 1743 3094 coristitutum
1761 3050 1833 3095 esse
1850 3028 2065 3118 propiciato-

78 3136 531 3215 sdicommoucfactionem,
556 3156 618 3201 seu
628 3128 916 3209 consolationem,
936 3149 1025 3218 quae
1078 3147 1172 3205 rem,
1198 3148 1263 3193 uec
1284 3124 1393 3193 ullam
1412 3148 1489 3217 esse
1500 3126 1725 3213 sapientiam,
1751 3142 1782 3198 et
1802 3129 1976 3199 iusticiam
1994 3123 2064 3199 hu.

78 3245 224 3317 nfirmct
254 3261 341 3322 nos,
377 3250 419 3308 ut
445 3232 640 3307 Ecclesiam
668 3231 819 3301 sciamus
848 3227 1023 3316 alligatam
1077 3247 1218 3294 martam
1241 3225 1503 3294 anteferendam
1527 3223 1610 3296 huic
1633 3226 1828 3300 mediatori.
1891 3226 1988 3299 llaec
2011 3243 2063 3302 est

78 3371 108 3419 te
122 3346 174 3417 acl
188 3338 444 3430 Evangelium,
467 3360 542 3407 non
558 3337 600 3404 ad
618 3356 745 3424 genus,
770 3353 844 3399 non
863 3329 1024 3400 multitu·
1077 3350 1177 3396 causa
1201 3326 1393 3418 particulae
1419 3324 1558 3414 Gratis,
1590 3353 1654 3397 cur
1674 3330 1778 3400 toties
1803 3331 1949 3422 repetita
1972 3330 2019 3403 sit
2041 3355 2063 3402 a

78 3470 178 3530 uem,
204 3467 280 3512 non
305 3439 517 3531 potentiam,
541 3436 711 3528 imperia,
738 3430 965 3524 sapientiam,
990 3444 1025 3501 et
1077 3426 1212 3513 Paulo,
1236 3428 1320 3523 qnia
1341 3428 1417 3497 cult
1439 3452 1504 3497 nos
1520 3430 1670 3498 avellere
1685 3444 1719 3500 et
1735 3427 1937 3502 abstrahere
1952 3455 1972 3502 a
1987 3433 2063 3503 col-

79 3550 211 3624 tticiam
229 3542 329 3633 legis.
1076 3528 1207 3599 latione
1223 3529 1430 3599 meritorum
1448 3544 1481 3598 et
1493 3529 1675 3620 dignitatis
1690 3527 1888 3617 hominnm,
1915 3534 1957 3602 ad
1975 3558 2061 3604 con·

129 3647 237 3721 Haec
262 3658 314 3715 est
338 3637 433 3713 haud
455 3638 565 3710 dubie
587 3635 760 3707 sententia
786 3633 961 3704 dictorum
984 3632 1021 3701 in
1075 3645 1230 3721 spectum
1252 3631 1360 3700 unius
1376 3625 1509 3700 Christi
1536 3634 1748 3702 mediatoris.
1802 3632 1924 3708 Tertia
1946 3646 2062 3707 tenta.

79 3745 358 3824 snneetPanlo.
410 3740 557 3813 Interim
574 3753 691 3811 tamen
707 3760 829 3806 cerum
846 3731 1021 3804 estDeum
1075 3733 1124 3803 tio
1146 3746 1198 3803 est
1222 3733 1265 3801 de
1286 3731 1572 3824 particularitate.
1626 3731 1715 3805 Cum
1739 3735 2061 3807 audivimusreiici

79 3857 123 3927 tte
145 3871 274 3922 omnes
291 3847 406 3917 salvos
421 3845 515 3928 lieri,
539 3856 573 3912 et
591 3837 859 3931 promissionem
876 3836 1022 3905 univer·
1074 3849 1317 3924 argumentum
1334 3831 1421 3925 legis
1434 3834 1478 3901 de
1494 3834 1664 3924 dignitate
1679 3850 1712 3905 et
1728 3837 1875 3919 meritis,
1901 3833 1959 3907 hic
1974 3860 2059 3909 vero

79 3982 139 4027 em
166 3975 264 4034 esse,
298 3949 393 4040 quo'd
416 3969 521 4014 nemu
545 3966 672 4033 negare
694 3952 819 4033 potest.
870 3936 1021 4008 Causam
1074 3934 1159 4004 novi
1182 3934 1356 4005 tumultus
1380 3934 1418 4001 in
1437 3949 1554 4004 mente
1569 3936 1734 4010 existunt.
1787 3936 2060 4028 Quiaalegect

80 4077 140 4133 tur
157 4048 402 4124 damnationis
417 4047 676 4116 oririanostro
693 4053 844 4134 peccato.
895 4040 1021 4110 Desa·
1074 4037 1261 4106 collatione
1288 4035 1496 4105 meritorum
1527 4038 1737 4124 disceditur,
1770 4039 1926 4128 disputat
1958 4063 2059 4109 mens

79 4186 103 4232 :e
121 4177 212 4228 vero
228 4153 281 4224 sic
294 4150 539 4230 sentiendum,
565 4145 684 4215 vocari
698 4166 762 4213 nos
781 4165 843 4231 per
859 4134 1020 4228 Evange-
1074 4138 1188 4208 Deum
1203 4159 1275 4207 csse
1291 4159 1520 4226 personarum
1538 4153 1767 4230 acceptorem,
1785 4162 1826 4207 cx
1841 4153 1916 4209 totu
1927 4162 2058 4229 genere

79 4288 140 4346 tm,
170 4271 204 4327 et
227 4252 389 4325 assentiri
406 4273 471 4318 uos
486 4249 631 4329 debere,
656 4258 784 4315 etcum
800 4243 1022 4325 assentimur,
1073 4234 1231 4310 humano
1252 4240 1422 4331 quosdam
1446 4263 1647 4331 excerpere,
1673 4264 1760 4333 quos
1785 4241 1854 4310 sibi
1879 4243 2058 4332 adiungat,

79 4365 126 4435 nd
145 4357 259 4428 dubie
274 4376 340 4425 nos
351 4348 446 4425 trahi
463 4365 498 4422 et
513 4346 682 4441 consequi
697 4342 1020 4416 reconciliationem
1072 4355 1225 4411 caeteros
1247 4362 1347 4432 pares
1369 4339 1525 4415 relicere.
1578 4339 1679 4410 Talis
1698 4341 1822 4412 electio
1846 4343 1922 4413 sine
1942 4346 2056 4414 causis

79 4464 253 4537 amissam.
1072 4442 1214 4512 videtur
1251 4441 1446 4534 tyrannica.
1514 4438 1609 4510 Huic
1638 4443 1825 4513 tentationi
1855 4458 2058 4537 opponatur

132 4558 353 4637 Concutitur
376 4551 531 4625 humana
555 4549 645 4620 ratio
668 4544 790 4616 multis
811 4543 1020 4616 offensioni·
1071 4543 1280 4614 universalis
1294 4543 1501 4634 promissio,
1529 4566 1618 4635 quae
1632 4555 1781 4615 testatur
1796 4542 1911 4615 Deum
1927 4547 2055 4616 offerre

80 4691 114 4755 s,
150 4661 292 4757 quoties
320 4658 416 4727 videt
447 4677 526 4739 eos,
557 4651 619 4745 qui
646 4671 719 4717 uon
748 4661 831 4718 sunt
853 4646 1020 4730 Ecclesia,
1071 4645 1238 4715 omnibus
1252 4645 1418 4727 salutern,
1444 4667 1511 4713 neo
1526 4644 1675 4715 alcibium
1691 4658 1741 4716 est
1757 4650 1963 4718 mandatum
1981 4670 2056 4717 csse

80 4766 243 4842 terellere
268 4758 517 4837 multitudine,
551 4751 724 4845 potentia,
754 4750 930 4841 imperiis,
964 4769 1019 4814 sa·
1069 4744 1159 4837 Dei,
1185 4762 1224 4818 ut
1245 4738 1330 4812 hnic
1351 4744 1575 4834 promissioni
1594 4771 1717 4817 omnes
1732 4748 1895 4833 credant,
1916 4750 1999 4819 item
2013 4764 2055 4820 ut
2151 4736 2154 4740 ⁸

80 4870 184 4952 mtia,
219 4860 450 4940 fortitudine,
482 4871 517 4928 et
548 4854 668 4922 multis
692 4852 893 4925 virtutibus.
950 4846 1018 4917 Hic
1069 4870 1192 4916 omncs
1221 4846 1366 4916 audiant
1395 4845 1506 4914 lilium
1530 4843 1608 4915 Dei.
1668 4846 1769 4936 Quos
1797 4848 1905 4940 igitur
1926 4850 2057 4940 elegit?
2157 4896 2160 4901 -

80 4976 186 5045 imum
198 4965 477 5057 disputatmens,
503 4983 549 5029 an
558 4957 604 5026 sit
614 4953 848 5046 providentia,
870 4948 1018 5021 anDcus
1066 4946 1299 5041 Respondeo:
1325 4944 1435 5036 Eligit
1455 4972 1533 5032 eos,
1556 4949 1618 5041 qui
1636 4972 1673 5018 se
1688 4964 1884 5024 sustentant
1898 4953 2053 5045 promis·

80 5091 130 5150 ret
152 5064 344 5141 homines?
393 5060 643 5134 Ratiocinatur
662 5055 757 5124 enim
775 5077 817 5123 ex
835 5055 929 5143 lege,
955 5053 1017 5120 de-
1069 5049 1187 5137 sionc,
1212 5071 1302 5143 quae
1323 5062 1468 5139 propter
1489 5049 1602 5118 lilium
1620 5052 1873 5142 propositaest.
1925 5051 2052 5142 Quen.

80 5202 113 5249 ιε
132 5169 265 5243 melius
286 5190 362 5236 esse
379 5150 503 5243 iustis,
528 5163 638 5231 iustos
658 5156 786 5225 debere
807 5153 965 5247 imperiis
983 5166 1018 5223 et
1068 5174 1173 5243 quam
1197 5150 1305 5240 igitur
1326 5173 1401 5218 non
1422 5163 1566 5240 propter
1588 5145 1774 5221 hominum
1796 5155 1921 5224 merita
1940 5154 2051 5244 eligit,

80 5279 205 5371 gnitate
231 5270 373 5342 llorere.
431 5263 480 5336 At
507 5264 546 5332 in
568 5260 704 5330 mundo
726 5270 845 5326 tenent
869 5254 1016 5346 imperia
1066 5267 1185 5325 tamen
1206 5251 1395 5322 discrimen
1418 5263 1470 5322 est
1493 5250 1661 5322 intereos
1677 5255 1738 5347 qni
1756 5255 1990 5346 recipiuntur,
2015 5271 2051 5328 et

81 5380 151 5476 pii,
174 5386 212 5448 et
233 5374 433 5467 pugnantes
452 5388 533 5439 cum
555 5387 596 5435 ca
619 5359 800 5448 docuina,
825 5380 930 5453 quam
946 5354 1017 5426 Ec·
1067 5367 1233 5432 caeteros.
1285 5352 1373 5426 Nam
1396 5347 1435 5422 bi
1458 5353 1521 5449 qui
1544 5353 1784 5446 recipiuntur,
1808 5356 1964 5430 retinent
1986 5381 2052 5428 vo.
