4522 5782
66 216 114 299 aa
205 232 208 237 ·
362 270 408 317 ,-
474 219 557 351 xu.
608 208 906 323 uuauuamu
933 218 984 295 m
1003 172 1434 295 uvaaojroauuas.
1491 219 1596 295 cae.
1623 219 1688 294 111.
2024 226 2101 305 ,aa

67 418 240 490 qaisquam
264 393 418 465 similem
441 418 513 465 esse
535 392 709 487 Scipioni.
761 394 922 468 Debebat
945 395 1056 483 igitur
1106 391 1250 468 ral.19.
1274 391 1425 464 dicitur:
1454 391 1542 465 Sitis
1563 394 1688 478 sortes,
1711 394 1753 466 'et
1773 394 1898 483 facite,
1923 399 2006 492 quia
2031 400 2099 471 erit

66 521 252 588 agnoscere
276 520 376 566 suam
402 496 699 577 mediocritatem,
727 510 760 566 et
777 522 999 591 nequaquam
1018 522 1054 566 se
1107 497 1275 571 dominus
1292 520 1373 566 cum
1387 499 1495 569 bono.

67 601 225 671 conferre
259 600 448 689 superiori.
516 598 615 688 Quid
645 612 697 669 est
726 600 909 681 usitatius,
947 623 1053 694 quam

67 704 156 796 quod
177 699 287 773 multi
313 716 489 772 conantur
510 702 603 790 leges
623 701 733 785 serre,
759 702 951 773 reformare
973 722 1054 771 suas

68 805 240 888 civitates,
266 817 467 884 utrocant,
493 806 554 873 sed
567 800 660 873 nihil
677 803 848 890 salutare,
873 806 1054 876 autdura·
1208 797 1301 891 Apte
1332 798 1495 875 cohaeret
1520 802 1653 889 oratio,
1686 817 1787 895 ante,
1822 807 1925 876 utin
1950 806 2098 903 syllogi-

67 908 131 977 bile
146 905 401 986 constituitur,
426 907 496 974 nisi
513 906 592 977 Deo
608 906 818 991 adiuvante,
843 922 882 976 ut
897 905 1054 987 Solonis,
1105 925 1202 987 smo,
1228 904 1398 974 maiorem
1421 906 1625 997 proposuit,
1650 929 1749 977 nuuc
1773 907 1949 978 minorem
1966 912 2098 983 attexit.
2206 906 2215 918 '

67 1009 236 1098 dugenti,
269 1022 304 1078 et
331 1008 503 1078 similium
532 1009 758 1101 quorundam
789 1009 881 1097 leges
911 1009 1055 1078 fuerunt
1106 1003 1258 1093 Memini
1282 1030 1382 1079 meae
1405 1007 1619 1093 vocationis,
1646 1009 1740 1078 clare
1762 1011 1932 1101 profiteor
1950 1036 2007 1082 me
2023 1038 2099 1085 nou

67 1112 167 1181 utiles
186 1111 345 1194 civibus,
371 1124 406 1180 et
420 1113 653 1181 duraverunt:
680 1110 945 1203 interimquam
959 1111 1056 1180 mul·
1106 1128 1180 1176 esse
1201 1107 1391 1193 Messiam,
1424 1110 1482 1178 sed
1514 1110 1753 1181 ministerium
1784 1112 1880 1199 eius,
1916 1129 1950 1185 et
1973 1128 2098 1186 testem

65 1228 181 1283 torum
210 1213 334 1282 sutiles
355 1211 621 1282 emendationes
645 1214 879 1284 turbaverunt
899 1212 1052 1286 Atticam
1107 1210 1251 1278 missum
1275 1225 1357 1279 aute
1378 1234 1477 1295 eum,
1510 1211 1643 1293 idest,
1678 1225 1718 1282 ut
1743 1216 1956 1284 annunciem
1980 1216 2097 1308 ipsum

65 1316 246 1385 civitatem
261 1328 296 1384 et
313 1312 526 1385 Romanam.
1071 1370 1074 1375 .
1105 1334 1188 1383 mox
1200 1310 1398 1382 affuturum
1414 1335 1496 1382 esse.
1551 1312 1752 1385 Plurimum
1768 1317 1875 1387 relert
1892 1319 1929 1387 in
1940 1317 2098 1391 Ecclesia

257 1422 260 1429 ·
1105 1413 1296 1483 discrimen
1332 1415 1503 1504 intelligi,
1542 1415 1638 1487 inter
1673 1439 1860 1507 personam
1894 1414 2030 1509 Christi
2064 1435 2099 1491 et

1105 1510 1317 1607 Prophetas,
1350 1514 1541 1607 Apostolos
1561 1541 1601 1587 ac
1621 1541 1744 1587 omnes
1765 1520 1939 1592 doctores.
1990 1520 2098 1593 Solus

1104 1618 1198 1687 lilius
1215 1614 1282 1687 Dei
1306 1632 1357 1689 est
1379 1619 1522 1690 victima
1538 1642 1603 1710 pro
1621 1620 1726 1690 nohis
1741 1632 1775 1689 et
1792 1623 1985 1703 mediator,
2010 1622 2098 1714 pross

1104 1732 1183 1811 pter
1206 1714 1303 1791 hone
1328 1721 1442 1790 solum
1467 1721 1693 1813 recipimura
1710 1734 1808 1813 patre
1826 1724 1953 1795 fiducia
1972 1725 2098 1816 ipsius,

1105 1822 1201 1893 solus
1229 1818 1287 1891 hic
1319 1825 1379 1892 dat
1399 1820 1575 1915 Spiritum
1605 1838 1765 1899 sanctum
1791 1837 1826 1894 et
1850 1828 1958 1910 vitam
1981 1843 2097 1900 aeter·

1105 1948 1204 1992 nam:
1238 1927 1298 1993 sed
1320 1919 1537 2016 Prophetae,
1572 1924 1736 2017 Apostoli
1766 1939 1799 1996 et
1820 1929 1947 1999 caeteri
1973 1928 2096 1999 docto-

1106 2050 1159 2094 res
1188 2041 1396 2118 propouunt
1419 2022 1677 2117 Evangelium,
1709 2040 1885 2099 testantur
1913 2032 1959 2102 de
1983 2032 2097 2103 salva·

161 2127 382 2223 Quanquam
414 2130 523 2219 igitur
555 2145 589 2201 et
618 2129 803 2220 politicum
828 2142 1051 2220 praeceptum
1105 2142 1181 2197 tore
1205 2128 1287 2207 illo,
1311 2152 1375 2196 nee
1398 2123 1533 2197 habent
1547 2130 1771 2200 autoritatem
1789 2132 2011 2223 excogitandi
2029 2158 2096 2203 no-

58 2250 125 2320 est,
150 2248 274 2303 tamen
290 2230 546 2324 quia-Baptista
560 2233 606 2300 de
619 2229 778 2301 Ecclesia
793 2233 969 2325 loquitur,
997 2231 1053 2299 di·
1105 2254 1184 2301 vam
1213 2230 1413 2301 doctrinam
1444 2243 1479 2301 et
1506 2254 1618 2300 novos
1648 2233 1783 2313 cultus,
1817 2256 1882 2301 nee
1904 2236 2098 2304 invocandi
2155 2322 2158 2333 Ι
2214 2266 2217 2271 ·

58 2336 249 2409 camus-de
272 2333 479 2404 ministeriis
498 2329 689 2407 Ecclesiae.
740 2330 962 2417 Ministeria,
988 2356 1053 2422 gu·
1104 2346 1205 2418 sunt,
1236 2355 1302 2403 nee
1330 2333 1459 2401 iiducia
1488 2332 1526 2400 in
1555 2332 1651 2424 ipsos
1673 2334 1879 2405 collocanda
1904 2349 1967 2410 est.
2016 2334 2098 2407 Hoc

59 2437 307 2520 bemationes,
341 2437 477 2520 cultus,
509 2458 575 2504 nec
595 2437 735 2528 placent
756 2432 852 2519 Deo,
884 2460 950 2504 nee
970 2447 1052 2504 sunt
1085 2435 1296 2521 ,discrimen
1326 2435 1390 2504 etsi
1420 2456 1457 2501 se
1489 2434 1591 2505 multi
1623 2437 1820 2526 intelligere
1852 2451 1996 2528 putant,
2032 2440 2097 2532 qui

59 2542 237 2627 efficaces,
269 2562 335 2608 nec
361 2538 559 2621 durabiles,
591 2538 661 2605 nisi
690 2535 787 2606 Deus
815 2538 860 2607 sit
887 2552 991 2608 autor
1018 2549 1053 2604 et
1104 2537 1210 2606 verba
1231 2548 1413 2628 utcunque
1431 2551 1645 2629 sequuntur,
1672 2552 1706 2607 et
1724 2537 1891 2624 recitant,
1918 2556 2037 2611 tamen
2056 2564 2096 2609 re

1240 660 1329 763 Ipsi
1349 690 1411 737 vos
1433 675 1539 739 testes
1562 666 1648 738 artis
1670 664 1773 767 quod
1792 665 1966 746 dixerim.

161 1464 210 1537 ln
233 1467 366 1537 talibus
385 1468 477 1537 vitae
491 1466 641 1557 negotiis
657 1467 851 1557 cogitemus
866 1461 957 1537 hane
973 1490 1054 1536 sen·

63 1569 232 1643 tentiame
256 1567 338 1667 Non
357 1584 472 1662 potest
490 1564 599 1639 homo
615 1569 683 1638 sihi
699 1570 889 1663 quicquam
904 1593 1053 1655 sumere,

62 1674 127 1742 nisi
152 1672 202 1743 sit
219 1671 251 1740 ei
267 1672 390 1741 datum
407 1675 451 1741 de
468 1666 577 1743 coelo.
628 1668 725 1741 llaec
741 1672 913 1741 sententia
930 1673 1054 1741 doceat

59 1799 142 1856 nos,
177 1774 475 1864 gubernationem
499 1796 572 1845 esse
595 1798 684 1865 opus
705 1772 789 1858 Dei,
822 1768 981 1854 moneat',
1008 1798 1054 1842 ne

10 1812 14 1935 l
59 1878 133 1946 sine
156 1876 349 1946 vocatione
367 1899 422 1945 res
436 1899 581 1965 magnas
596 1875 848 1966 suscipiamus,
872 1871 959 1953 haec
975 1901 1053 1945 mo-

59 1978 174 2050 destia
190 1978 293 2049 utilis
307 1992 359 2049 est
374 1978 451 2071 paci
472 1993 506 2049 et
523 1974 734 2049 concordiae
751 1977 926 2070 publicae.

59 2644 215 2713 adiutor.
266 2638 418 2709 loannes
430 2640 593 2709 minister
605 2640 673 2710 fuit
687 2639 865 2730 baptismi,
886 2641 930 2707 ad
947 2662 1052 2733 quem
1104 2662 1184 2709 vera
1204 2662 1277 2707 non
1295 2638 1500 2728 intelligunt
1514 2636 1592 2724 isti,
1618 2640 1679 2733 qui
1697 2640 1873 2711 iusticiam
1891 2642 1974 2710 fidei
1992 2643 2098 2732 igno-

59 2744 236 2816 divinitus
253 2743 356 2812 certis
370 2742 583 2812 testimoniis
598 2754 741 2811 vocatus
757 2742 837 2813 fnit.
890 2739 970 2810 Hoc
985 2741 1053 2830 igi·
1104 2755 1203 2825 rant,
1230 2764 1292 2808 seu
1309 2739 1371 2833 qui
1387 2741 1566 2811 somniant
1581 2765 1618 2811 se
1634 2742 1746 2811 iustos
1762 2764 1847 2827 ease,
1877 2744 1912 2811 id
1931 2756 1993 2828 est,
2017 2744 2096 2834 pla-

59 2866 119 2921 tur
143 2844 389 2917 ministerium
416 2844 550 2936 placuit
566 2841 662 2925 Deo,
695 2844 765 2913 fuit
787 2843 908 2912 efficax
929 2858 963 2913 et
984 2845 1052 2912 du·
1104 2867 1181 2911 cere
1204 2838 1301 2928 Deo,
1336 2856 1371 2912 et
1397 2858 1556 2934 acceptos
1587 2867 1661 2913 esse
1691 2846 1737 2913 ad
1768 2844 1877 2915 vitam
1900 2861 2097 2929 aeternam,

56 2949 186 3023 rabile.
240 2945 337 3016 Idem
355 2944 507 3017 loannes
527 2946 1050 3035 agnoritmodumsuaevoca·
1104 2958 1248 3037 propter
1263 2968 1343 3014 suas
1358 2944 1526 3036 virtutes,
1555 2962 1615 3017 aut
1633 2947 1877 3038 impletionem
1896 2948 1992 3037 legis.
2044 2944 2095 3017 Ηί

56 3053 190 3135 tionis,
222 3071 265 3119 ac
286 3050 390 3119 toties
411 3046 598 3138 profitetur
617 3072 655 3118 se
677 3070 845 3118 noneste
867 3045 1051 3117 Messiam.
1102 3060 1241 3118 tantum
1258 3046 1499 3136 imaginantur
1514 3042 1696 3118 Christum
1715 3051 1895 3119 doctorem
1914 3074 2007 3140 esse,
2034 3062 2096 3121 aut

55 3154 99 3227 si
119 3152 195 3222 sibi
219 3162 375 3221 sumeret
394 3152 550 3221 alienum
575 3145 765 3234 honorem,
799 3151 1050 3220 abiiceretura
1103 3160 1396 3232 monstratorem,
1430 3149 1545 3241 qualis
1567 3150 1636 3220 fuit
1660 3149 1799 3235 Moses,
1833 3163 1894 3220 aut
1918 3151 1979 3218 alii
2004 3149 2094 3220 Pro-

54 3255 165 3340 Deo,
191 3266 227 3324 et
249 3254 320 3323 rito
343 3253 574 3344 dissiparetur
595 3254 671 3321 eius
694 3251 914 3342 gubernatio.
966 3249 1050 3321 Ideo
1102 3247 1240 3344 phetae.
1293 3250 1405 3343 Saepe
1429 3250 1538 3339 igitur
1551 3247 1710 3342 Baptista
1732 3254 1776 3322 de
1801 3248 1868 3323 hoe
1887 3253 2095 3325 discrimine

53 3360 107 3431 sic
131 3356 316 3450 praefatus
344 3369 412 3426 est:
445 3354 528 3425 Non
551 3368 665 3444 potest
688 3357 757 3425 sihi
781 3350 890 3424 homo
913 3377 1051 3424 sumere
1103 3353 1355 3434 concionatur,
1388 3366 1423 3423 et
1446 3347 1537 3422 hanc
1564 3356 1772 3425 concionem
1793 3348 1853 3424 hic
1877 3355 2095 3444 gravissimis

51 3460 271 3557 quiequam,
295 3456 366 3525 nisi
387 3458 434 3529 sit
456 3456 487 3525 ei
507 3458 629 3526 datum
657 3457 703 3526 de
725 3458 835 3530 coelo.
886 3454 971 3526 Fuit
995 3458 1050 3524 in·
1103 3456 1219 3525 verbis
1234 3456 1371 3547 repetit.

51 3564 141 3635 felix
164 3559 495 3651 gubematiolregis
510 3554 648 3642 Achra,
677 3560 739 3630 etsi
762 3559 873 3628 multa
896 3559 1051 3642 molitus,

52 3664 174 3737 multa
200 3674 348 3732 conatus
362 3676 432 3751 est,
460 3674 494 3731 et
508 3661 694 3750 praesidiis
711 3662 909 3730 vicinorum
927 3683 1049 3749 regum
1531 3744 1536 3753 ·

52 3768 256 3857 diligenter
275 3784 313 3833 se
337 3762 559 3834 communiit.
612 3758 767 3835 Ecoutra
787 3757 962 3832 Ezechiae
983 3784 1050 3852 gu·
1204 3758 1450 3832 similitudine
1474 3763 1629 3832 declarat
1649 3762 1860 3845 discrimen,
1888 3778 1927 3835 ut
1942 3785 2094 3854 sponsus

50 3867 224 3943 bematio
245 3865 314 3935 tuit
334 3864 417 3935 felix
440 3879 474 3936 et
488 3865 671 3951 salutaris,
696 3866 780 3958 quia
796 3865 968 3933 divinitus
986 3865 1051 3933 ad·
1103 3854 1273 3955 perpetuo
1287 3863 1429 3932 foedere
1445 3876 1480 3934 et
1493 3887 1613 3935 amore
1628 3866 1696 3933 sibi
1712 3888 1876 3956 sponsam
1893 3866 2026 3954 iungit,
2052 3890 2093 3935 ac

51 3972 261 4043 iurabatur.
313 3965 480 4036 Ieremias
504 3967 657 4051 seruauit
678 3967 873 4058 populum,
898 3991 994 4034 novo
1017 3981 1051 4035 et
1102 3988 1230 4057 eorpus
1261 3964 1311 4044 ei,
1351 3988 1391 4033 ac
1422 3989 1544 4036 omnes
1571 3970 1734 4037 fortunas
1763 3968 1907 4040 addicit.
1973 3968 2092 4037 Amici

51 4073 231 4146 inusitato
246 4070 413 4154 consilio,
439 4068 496 4140 cui
510 4092 619 4159 reges,
645 4072 851 4153 sacerdotes,
878 4081 913 4137 et
927 4091 1051 4138 omnes
1102 4091 1186 4136 vero
1215 4067 1356 4136 invitati
1388 4082 1471 4138 sunt
1498 4083 1621 4154 testes,
1656 4082 1690 4139 et
1714 4093 1843 4160 sponso
1867 4070 2093 4158 gratulantur

52 4176 237 4268 sapientes
274 4173 563 4245 adversabantur.
641 4168 858 4241 Huiusmodi
891 4171 1048 4262 exempla
1102 4166 1286 4239 honorem.
1356 4166 1406 4239 lta
1441 4166 1604 4242 Christus
1641 4185 1692 4240 est
1725 4194 1873 4262 sponsus
1905 4167 2093 4257 Ecclesiae,

52 4281 250 4349 innumera
273 4274 425 4344 sciamus
448 4273 625 4365 pertinere
647 4275 690 4342 ad
716 4269 808 4342 hanc
827 4271 1050 4353 sententiam,
1101 4273 1218 4362 iungit
1248 4265 1340 4341 hanc
1370 4271 1437 4341 sibi
1471 4288 1615 4344 aeterno
1647 4274 1788 4349 foedere
1818 4286 1855 4343 et
1887 4298 2026 4359 amore,
2058 4289 2093 4344 et

50 4396 87 4452 st
113 4402 185 4450 nos
213 4376 285 4468 ipsi
316 4377 493 4446 discamus
522 4371 616 4444 nihil
644 4378 852 4445 tentandum
876 4398 949 4444 esse
972 4375 1049 4445 sine
1101 4375 1221 4443 omnia
1252 4395 1313 4443 sua
1347 4374 1441 4443 hona
1472 4375 1504 4442 ei
1536 4376 1665 4459 donat,
1687 4374 1924 4465 sapientiam,
1959 4376 1995 4444 id
2027 4389 2091 4460 est,

50 4482 263 4563 roratione,
288 4502 354 4548 ner
369 4478 588 4548 confidamus
605 4473 773 4548 humanis
789 4477 965 4561 consiliis,
990 4490 1051 4547 aut
1101 4475 1334 4565 Evangelium
1358 4496 1420 4544 seu
1443 4475 1659 4564 agnitionem
1686 4501 1824 4558 veram,
1851 4475 1917 4546 Dei
1934 4490 1967 4547 et
1984 4478 2094 4546 mise·

49 4586 207 4667 viribus,
234 4582 296 4650 sed
314 4582 464 4651 sciamus
479 4581 753 4670 gubernationes
768 4604 850 4648 vere
860 4603 932 4648 esse
943 4602 1049 4670 opera
1101 4579 1296 4660 ricordiae‚
1335 4577 1530 4659 iusticiam,
1561 4580 1805 4651 defensionem
1832 4580 2092 4666 admirabilem,

50 4688 136 4773 Dei,
165 4698 295 4756 etnon
311 4707 383 4753 esse
396 4683 526 4766 felices,
552 4681 705 4753 nisiDeo
722 4683 875 4751 iuvante.
930 4680 1050 4768 Quare
1101 4679 1404 4750 resuscitationem
1419 4703 1460 4747 ex
1475 4695 1608 4765 morte,
1631 4697 1664 4751 et
1681 4682 1787 4749 vitam
1805 4695 1995 4755 aeternam.
2037 4675 2091 4751 Ae

52 4786 254 4862 amaria
276 4797 434 4865 tantum,
468 4808 558 4877 quae
584 4786 735 4874 postulat
758 4785 914 4862 vocatio,
942 4783 1049 4852 sacia-
1101 4785 1231 4853 mirum
1249 4794 1309 4863 est,
1336 4783 1429 4873 quod
1447 4782 1620 4873 scriptura
1635 4784 1824 4876 aliquoties
1838 4797 1970 4869 monet,
1990 4807 2091 4852 arno-

53 4916 152 4976 nus,
180 4902 218 4959 et
231 4888 405 4957 auxilium
421 4884 487 4956 Dei
506 4887 756 4979 imploremus,
781 4886 871 4955 sicut
888 4884 1048 4958 Putas.
1100 4909 1174 4955 rem
1202 4884 1324 4974 sponsi
1355 4895 1388 4952 et
1417 4907 1575 4975 sponsae.
1634 4886 1740 4970 ltem',
1773 4900 1976 4976 perpetuam
2003 4907 2090 4954 eon·

53 4991 247 5087 praeripit:
273 4986 491 5059 Commenda
508 4988 656 5059 domino
675 4990 767 5057 viam
787 5003 900 5069 tuam,
926 4989 1048 5079 etipse
1071 5028 1075 5054 t
1100 4986 1319 5058 iunctionem
1357 4987 1477 5077 sponsi
1517 5002 1551 5059 et
1591 5010 1760 5080 sponsae,
1783 5012 1855 5056 esse
1897 4988 2089 5075 imaginem

55 5099 169 5167 laciet.
210 5092 317 5162 ltem:
338 5089 831 5182 SubditusestoDeoetspera
845 5092 985 5174 ineum,
1010 5090 1045 5158 id
1099 5089 1229 5159 amoris
1245 5103 1281 5160 et
1295 5089 1447 5159 foederis
1455 5086 1589 5159 Christi
1601 5106 1634 5161 et
1642 5090 1829 5164 Ecclesiae.
1857 5088 1952 5160 Haec
1966 5092 1994 5157 si
2007 5112 2090 5179 pos·

57 5214 120 5285 est,
146 5196 408 5286 suscipeopera
425 5192 619 5263 vocationis
634 5193 838 5271 necessaria,
864 5208 897 5263 et
913 5193 1046 5261 sustine
1070 5268 1072 5275 ,
1098 5215 1213 5260 semus
1239 5214 1278 5258 re
1301 5215 1382 5259 vera
1406 5193 1577 5282 aspicere,
1603 5207 1643 5263 ut
1665 5209 1746 5264 sunt
1773 5190 2089 5274 ordinataaDeo,
2169 5190 2177 5207 '
2219 5192 2225 5201 “

62 5324 112 5372 eas
125 5319 338 5381 aerumnas,
363 5310 398 5365 et
413 5318 453 5362 ea
471 5295 647 5391 pericula,
674 5317 764 5387 quae
779 5294 881 5362 affert
896 5295 1046 5379 vocatio,
1070 5293 1072 5298 ’
1097 5294 1240 5363 collatio
1276 5294 1417 5363 doceret
1453 5308 1487 5364 et
1523 5296 1767 5365 consolaretur
1799 5318 1864 5363 nos
1896 5295 2090 5389 uberrime,

65 5416 97 5472 et
111 5402 249 5475 conlide
263 5400 384 5471 Deum
408 5397 474 5469 tibi
499 5397 694 5469 affuturum
709 5416 800 5481 esse,
825 5395 914 5467 sicut
928 5400 963 5469 2·
979 5394 1047 5466 Pa·
1070 5478 1073 5484 ,
1096 5398 1176 5466 ideo
1191 5395 1367 5489 sequitur:

1242 3617 1322 3719 Qui
1344 3619 1457 3696 habet
1478 3648 1673 3723 sponsam,
1709 3648 1867 3739 sponsus
1889 3636 1955 3702 esa.
