4522 5782
61 222 129 303 m
228 248 233 261 ·
438 218 521 296 ιιι.
571 214 872 299 namucno
899 216 961 293 m
977 180 1163 293 attan
1194 209 1410 291 toanms.
1458 215 1567 309 cae,
1592 219 1693 295 xiv.
1945 220 2084 301 -ne

63 391 231 479 tta-ittet,
245 397 306 465 sed
323 393 562 467 contuentem
580 393 724 485 propria
741 349 1045 480 diligentiupro·
1096 387 1147 458 sic
1164 399 1197 457 et
1213 410 1279 479 ego
1294 386 1398 458 mitto
1412 412 1487 462 vos.
1538 386 1712 460 Matthaei
1726 391 1872 463 ultimo:
1898 388 1992 465 Ecce
2014 410 2079 483 ego
2138 468 2141 477 ,
2227 406 2232 415 ’

61 499 141 587 priis
172 497 336 569 consiliis
361 509 396 567 et
427 497 585 572 viribus,
622 508 658 565 et
683 499 715 567 1.
738 492 833 565 Petri
856 496 920 566 ult.
943 494 1044 563 dicit:
1097 490 1279 561 vobiscum
1310 512 1388 560 sum
1418 491 1588 562 omnibus
1622 495 1747 564 diebus
1778 497 1959 588 usquead
1990 520 2080 565 con-

60 600 227 689 vigitate,
268 599 352 690 quia
384 596 742 668 adversarius'vester
771 597 937 666 diabolus
963 609 1043 666 tan·
1095 591 1367 663 summationem
1384 594 1504 667 seculi.
1556 592 1848 689 Hisdulcissimis
1864 609 1898 667 et
1913 597 2077 667 firmissi-

57 722 158 797 quam
180 700 242 773 leo
265 701 408 789 rugiens
431 701 614 783 circumit,
655 720 826 791 quaerens
849 722 955 791 quem
978 698 1042 765 de·
1094 695 1161 764 mis
1174 693 1479 765 consolationibus
1496 718 1561 765 nos
1573 712 1820 783 sustentemus,
1835 723 1915 781 cum
1930 700 2076 769 intanta

57 817 170 888 vocet,
197 804 256 879 cni
280 802 429 875 resistite
450 803 559 871 fortes
583 801 621 871 in
641 800 722 872 fide.
774 797 892 869 Homo
914 800 951 868 in
975 796 1041 868 hac
1093 798 1302 867 confusione
1320 790 1507 866 hominum
1526 815 1701 890 quaerunt
1726 800 1835 868 animi
1858 805 1901 870 de
1922 800 2075 873 efficacia

52 906 304 996 depravatione
319 917 463 974 naturae
478 904 673 975 delectatur
687 902 760 972 suis
775 902 900 986 donis,
915 916 1038 972 etcum
1092 899 1292 982 ministerii,
1347 898 1493 969 lnitium
1510 898 1594 989 ergo
1614 895 1721 971 huius
1743 902 1927 971 concionis
1947 926 2075 972 conso-

50 1007 356 1100 esttranquillitas
370 1018 405 1077 et
420 1007 539 1096 quies,
565 1006 678 1095 placet
691 1004 758 1075 sihi
777 1017 921 1096 propter
934 1006 1040 1086 dona,
1092 999 1185 1071 latur
1207 998 1402 1071 Ecclesiam
1425 1015 1460 1071 et
1486 1003 1684 1088 ministros,
1716 1027 1756 1073 ac
1778 1017 1926 1074 testatur
1947 1005 1985 1072 in
2007 1000 2077 1075 hac
2166 1086 2169 1095 Ι

10 1140 12 1147 ·
50 1127 81 1181 ιι
113 1109 267 1178 effertm
290 1104 331 1177 ac
363 1107 587 1177 obliviscitur
621 1104 703 1189 Dei,
750 1118 784 1175 et
813 1128 914 1195 saepe
941 1119 1035 1185 extra
1091 1101 1163 1171 vita
1178 1103 1318 1173 labores
1334 1127 1407 1173 non
1428 1103 1504 1173 sore
1525 1104 1663 1189 irritos,
1693 1119 1728 1176 et
1751 1119 1830 1199 post
1851 1101 1944 1176 hanc
1964 1104 2074 1176 vitam
2146 1162 2158 1178 ,

49 1225 183 1299 metm,
213 1213 340 1290 idest,
374 1223 470 1279 extra
493 1209 714 1280 vocationem
737 1202 963 1298 provehitur,
998 1218 1038 1274 ut
1091 1198 1276 1275 habituros
1290 1227 1363 1274 esse
1377 1217 1517 1275 aeterna
1536 1207 1642 1277 bona.

48 1312 158 1385 iosias
177 1334 383 1405 quanquam
399 1324 540 1380 sanctus
555 1334 634 1396 rex,
668 1323 784 1383 tamen
806 1310 844 1378 in
868 1309 1037 1378 successiss
1189 1303 1329 1376 Deinde
1349 1307 1593 1407 interpellatus
1615 1333 1634 1376 a
1659 1304 1817 1390 Thoma,
1858 1334 1931 1404 qno
1955 1312 2074 1395 vadat,
2124 1304 2145 1373 ’.

48 1415 172 1489 hstis
193 1414 385 1499 audacior,
418 1427 454 1483 et
476 1411 610 1483 bellum
635 1428 754 1485 movet
779 1414 856 1482 sine
883 1409 1036 1481 necessi·
1088 1430 1213 1478 rursus
1252 1410 1406 1481 occurrit
1439 1433 1552 1478 novae
1585 1410 1815 1481 dubitationi.
1877 1414 2073 1501 Anguutnr

48 1532 136 1599 tate,
172 1516 223 1587 ita
244 1515 414 1587 omnihus
439 1510 645 1585 hominihus
668 1514 773 1585 multi
798 1515 914 1583 tristes
936 1534 1037 1585 casus
1088 1510 1219 1596 animi,
1250 1511 1386 1581 etiamsi
1402 1511 1531 1581 scimus
1551 1535 1675 1602 magna
1701 1510 1872 1602 praeniia,
1907 1536 2070 1603 magnam

47 1618 239 1699 accidunt,
272 1618 353 1689 euin
379 1616 419 1686 in
442 1616 700 1711 tranquillitate
723 1616 845 1686 confisi
868 1610 1036 1685 humanis
1088 1612 1237 1701 gloriam
1258 1606 1436 1683 Ecclesiae
1467 1618 1683 1705 propositam
1711 1639 1802 1700 esse,
1839 1630 1958 1686 tamen
1983 1617 2071 1710 quid

48 1720 210 1793 consiliis
224 1735 285 1790 ant
311 1721 473 1798 fortuna,
504 1719 643 1789 facilius
665 1718 801 1811 aliquid
827 1717 1034 1808 suscipiunt,
1087 1715 1263 1802 agendum
1280 1713 1343 1796 sit,
1371 1716 1502 1807 quibus
1519 1716 1676 1785 consiliis
1699 1730 1793 1787 tanta
1818 1719 1929 1787 moles
1951 1742 2071 1788 rerum

47 1847 153 1918 quam
173 1822 438 1911 iacerenttristi
455 1833 633 1911 tempore,
662 1820 750 1891 sicut
771 1821 941 1911 scriptum
966 1832 1033 1889 est:
1088 1818 1239 1904 regenda
1258 1817 1322 1901 sit,
1345 1819 1431 1910 quid
1449 1819 1648 1887 docendum
1665 1819 1728 1903 sit,
1751 1823 1931 1911 quomodo
1945 1823 2071 1889 adver-

46 1925 148 1999 sedit
181 1925 336 2015 populus
357 1923 572 1992 manducare
593 1934 627 1993 et
651 1922 793 2006 hibere,
825 1936 859 1992 et
883 1921 1035 1992 surrexit
1086 1919 1247 1990 sontibus
1262 1919 1421 2008 imperiis
1435 1919 1712 1989 circumferenda
1726 1921 1965 2006 sitdoctrina,
1979 1946 2070 2014 qno·

47 2028 186 2099 ludere.
238 2022 360 2096 Sirone
383 2025 492 2114 igitur
508 2025 712 2115 vigilantes,
738 2037 773 2093 ct
789 2022 940 2093 maxime
959 2046 1033 2092 me·
1087 2021 1195 2090 modo
1224 2022 1367 2109 regendi
1396 2021 1467 2092 sint
1500 2015 1662 2089 homines
1692 2023 1769 2091 sine
1799 2024 2010 2092 exercitibus
2035 2036 2070 2092 et

46 2142 189 2199 mamus
203 2127 520 2218 tranquillitatem,
540 2150 631 2219 quae
646 2127 736 2197 solet
751 2126 918 2195 omnibus
935 2148 1034 2195 sum·
1086 2120 1163 2191 sine
1177 2124 1303 2201 armis,
1329 2117 1396 2192 hoc
1412 2145 1495 2191 vcro
1519 2125 1708 2194 obscurum
1733 2136 1793 2193 est.
1847 2124 1945 2212 Quid
1969 2127 2069 2193 vide·
2191 2194 2198 2205 ,

46 2231 161 2300 miset
178 2224 311 2301 infimis
326 2228 452 2299 afferre
474 2229 613 2321 aliquos
634 2228 750 2298 tristes
774 2250 884 2297 casua.
937 2224 1032 2296 lnira
1086 2237 1146 2293 tur
1163 2222 1370 2304 absurdius,
1396 2247 1502 2315 quam
1527 2248 1655 2313 paucos
1678 2214 1871 2295 imbecilles
1894 2221 2070 2314 homiues,

46 2346 161 2404 autern
177 2332 226 2401 de
242 2329 339 2403 Petri
354 2331 455 2422 lapsu
470 2345 502 2402 et
511 2331 741 2401 conversione
749 2329 851 2423 plura
861 2329 1034 2399 dicentur.
1087 2325 1188 2393 nulla
1205 2326 1395 2396 instructos
1413 2327 1588 2417 potentia,
1620 2328 1717 2407 velut
1736 2352 1899 2407 errones,
1932 2331 2069 2399 discor-

1085 2441 1201 2496 rentes
1218 2450 1280 2525 per
1300 2439 1412 2497 totum
1439 2429 1561 2497 orbem
1584 2442 1775 2513 terrarum,
1808 2432 1926 2499 moliri
1953 2443 2071 2499 niuta-

378 2548 517 2658 (Ἄρηι
555 2549 677 2636 xlv·
1086 2530 1220 2598 tionem
1253 2529 1352 2599 orbis
1384 2544 1578 2614 terrarum,
1617 2544 1651 2600 et
1676 2531 1834 2621 polliceri
1860 2529 2068 2601 huminibus

1086 2645 1225 2700 aeterna
1243 2632 1356 2714 hona,
1381 2631 1513 2701 cumin
1532 2632 1694 2702 maximis
1711 2634 1859 2702 miseriis
1884 2649 2069 2703 versentur

1084 2733 1180 2830 ipsi?
1206 2731 1280 2802 Has
1294 2733 1510 2803 obiectiones
1524 2735 1567 2801 de
1580 2734 1797 2804 absurditate
1818 2735 1906 2803 tanti
1928 2735 2070 2804 consilii

75 2902 81 2913 ,
142 2826 305 2905 Exorans
321 2847 373 2903 cst
388 2828 552 2903 Christos
570 2833 712 2923 longam
734 2833 960 2917 concionem,
993 2833 1032 2901 in
1085 2849 1119 2901 et
1150 2838 1194 2904 de
1226 2835 1435 2904 difficultate
1459 2835 1629 2924 praecidit
1651 2831 1833 2920 Christus,
1868 2859 1992 2906 omnes
2011 2837 2068 2904 iu·

50 2962 112 3032 qna
136 2937 239 3008 varie
256 2936 381 3004 miscet
398 2936 657 3005 consolationes
683 2949 718 3005 et
747 2936 963 3020 doctrinam,
999 2948 1031 3004 et
1084 2937 1190 3021 bens,
1229 2951 1268 3007 ut
1291 2951 1485 3027 sequantur
1507 2936 1671 3025 Apostoli
1694 2961 1731 3006 se
1752 2940 1899 3017 ducem,
1941 2952 1975 3009 et
2002 2961 2067 3008 suo

51 3037 287 3128 interpellatio
303 3037 447 3127 praebet
467 3037 685 3106 occasionem
710 3037 813 3106 novis
833 3036 1031 3122 sententiis,
1077 3040 1191 3107 'unius
1204 3038 1335 3108 auxilio
1353 3040 1548 3118 confidant,
1583 3063 1620 3107 se
1640 3041 1715 3107 soce
1737 3029 1965 3129 perfectorem
1989 3053 2068 3109 tan-

50 3166 123 3210 tum
138 3137 401 3209 dixisset2Non
416 3141 581 3209 turbetur
597 3163 658 3207 cor
673 3152 849 3223 vestrum,
871 3140 908 3205 in
925 3142 1031 3206 domo
1084 3153 1138 3209 tae
1166 3141 1240 3223 rei,
1280 3164 1316 3211 se
1339 3140 1461 3231 populi
1489 3141 1628 3210 animos
1652 3142 1906 3210 inclinaturum
1930 3143 2069 3211 essead

52 3244 156 3331 patris
170 3241 244 3309 mei
258 3241 462 3309 mansiones
479 3240 612 3309 multae
626 3255 720 3323 sunt,
738 3242 859 3319 idest,
881 3237 1030 3308 Etiamsi
1082 3239 1316 3330 Evangelium
1337 3243 1642 3333 amplectendum,
1662 3256 1697 3313 et
1711 3245 1900 3312 ducturum
1918 3246 2067 3312 creden-

50 3341 304 3417 hictolcranda
330 3356 435 3413 crunt
458 3343 581 3426 exilia,
616 3365 763 3429 magnae
783 3366 971 3413 aerumnae
997 3358 1030 3413 et
1083 3358 1134 3413 tes
1159 3348 1201 3412 ad
1220 3342 1355 3428 Deum,
1388 3368 1425 3412 se
1449 3347 1587 3414 frenum
1612 3344 1824 3414 iniecturum
1850 3369 1922 3413 esse
1945 3359 2068 3440 tyran-

51 3471 166 3532 ncccs,
200 3444 478 3530 tamenscitote,
511 3466 575 3514 vot
589 3445 627 3512 in
644 3445 744 3514 coelo
767 3445 896 3525 vitam,
928 3445 1030 3515 laeti·
1084 3448 1150 3518 nis.
1205 3440 1743 3537 Magnahaecpromissasunt,
1769 3470 1858 3540 quae
1879 3448 1984 3536 longe
2008 3471 2069 3516 su-
2155 3514 2161 3531 ,

27 3552 128 3625 ,tiam
156 3564 193 3620 et
212 3546 365 3635 gloriam
385 3547 633 3638 sempiternam
655 3571 734 3614 cum
767 3547 931 3616 universa
955 3545 1028 3617 Ec·
1081 3561 1209 3644 perant
1224 3549 1343 3617 omnia
1360 3542 1514 3618 humana
1539 3549 1685 3617 consilia
1713 3563 1746 3618 ct
1771 3545 1945 3619 humanas
1966 3551 2069 3623 vires.

50 3652 144 3721 clesia
161 3646 350 3719 habituros
365 3672 456 3733 csse,
476 3663 511 3721 et
525 3649 668 3741 quidem
685 3649 817 3720 multae
831 3664 913 3719 ειιιιι
930 3673 1030 3717 man·
1085 3649 1167 3719 ldco
1189 3651 1235 3720 ab
1256 3650 1378 3741 impiis
1399 3651 1618 3740 sapientibus
1638 3651 1747 3721 effuse
1771 3653 1945 3725 ridentur.
1997 3651 2067 3721 Sed

51 3756 174 3835 mnes.
222 3749 380 3821 Ecclesia
396 3751 460 3821 etsi
483 3764 535 3821 est
557 3751 703 3839 exiguus
725 3765 862 3835 coetus,
891 3754 918 3819 si
944 3777 1028 3821 cou-
1083 3775 1148 3821 nos
1165 3753 1208 3841 in
1229 3746 1564 3821 Ecclesiasciamus
1586 3746 1677 3820 hanc
1699 3755 1975 3824 consolationem
2006 3777 2066 3820 ve·

49 3856 180 3925 letatur
203 3855 247 3923 ad
272 3853 465 3944 impiorum
489 3853 775 3937 multitudinem,
810 3869 928 3923 tamen
953 3878 1030 3921 ma·
1082 3878 1177 3938 ram,
1204 3867 1237 3923 et
1255 3854 1451 3923 necessario
1470 3853 1717 3923 inculcandam
1736 3879 1808 3924 esse
1832 3855 2001 3941 siugulis,
2028 3868 2067 3921 ιιι

49 3958 236 4044 gauserit,
268 3978 335 4025 nec
355 3956 426 4025 tuit
446 3954 568 4024 irritus
592 3955 695 4023 labor
717 3954 863 4024 Patrum
884 3970 917 4025 ct
940 3955 1029 4025 Pro-
1081 3956 1192 4023 animi
1216 3957 1383 4023 adversus
1407 3955 1629 4026 difficultates
1653 3956 1881 4048 professionis
1904 3951 2068 4039 Evange-

48 4055 252 4149 phetarum,
289 4080 355 4125 nee
376 4054 630 4149 Apostolorum
662 4071 697 4125 et
718 4059 941 4150 sequentium
967 4083 1028 4147 pa·
1081 4057 1121 4126 lii
1146 4058 1183 4126 in
1209 4058 1279 4126 vita
1304 4057 1439 4145 privata
1463 4071 1496 4128 et
1518 4059 1660 4157 publica
1677 4057 1942 4130 confirmentur.
1991 4054 2068 4127 Hac

48 4176 180 4233 storum
195 4161 301 4229 labor
317 4159 434 4227 inanis
448 4159 536 4242 erit,
557 4159 647 4228 sicut
660 4154 785 4228 Esaiae
799 4184 876 4251 cap.
892 4155 953 4231 55.
972 4161 1028 4230 di·
1081 4160 1263 4230 occasione
1277 4159 1380 4231 dicit:

47 4263 151 4334 citur:
165 4260 328 4331 Verbum
341 4282 479 4346 meum,
493 4264 590 4354 quod
606 4262 786 4348 egreditur
800 4264 843 4329 de
858 4286 918 4330 oce
935 4288 1028 4346 mco,

46 4390 118 4435 non
138 4378 340 4436 revertetur
361 4365 405 4431 ad
432 4385 488 4431 me
510 4386 682 4447 vacuum,
713 4365 774 4432 sed
798 4364 897 4433 faciet
921 4388 1027 4457 quae-

46 4469 322 4561 tunquevolui,
358 4478 394 4535 et
409 4465 677 4556 prosperabitur
699 4465 736 4533 in
760 4461 835 4548 his,
868 4469 1028 4558 adquae
1183 4463 1232 4536 Et
1265 4461 1440 4556 emphasis
1471 4465 1587 4533 estin
1622 4465 1943 4534 demonstratione:
1989 4460 2066 4554 Ego

47 4571 125 4639 misi
143 4569 250 4641 illud.
300 4567 450 4654 Semper
471 4568 560 4646 suit,
586 4579 656 4650 est,
683 4581 716 4636 et
739 4568 806 4636 erit
826 4567 942 4660 aliqua
960 4567 1029 4638 Dei
1083 4590 1145 4656 ego
1162 4568 1325 4659 inquam,
1351 4567 1444 4634 lilius
1459 4563 1543 4650 Dei,
1571 4566 1697 4635 missus
1713 4580 1751 4635 ut
1766 4567 1831 4635 sim
1848 4571 1937 4651 dux,
1964 4582 1996 4637 et
2021 4569 2066 4636 li-

46 4669 203 4743 Ecclesia
231 4683 264 4741 et
296 4692 444 4760 regnum
473 4665 624 4739 Christi.
684 4667 759 4739 Nec
788 4684 895 4741 staret
923 4695 1028 4739 mun·
1083 4671 1225 4738 herator
1242 4669 1416 4737 adiuvabo
1432 4690 1505 4750 vos,
1519 4692 1579 4736 ero
1595 4669 1775 4737 vobiscum
1793 4693 1905 4760 usque
1921 4671 1962 4736 ad
1980 4694 2067 4738 con-

47 4776 130 4859 dus,
165 4775 238 4841 nisi
254 4772 366 4863 aliqui
383 4782 497 4841 essent
511 4770 630 4850 electi,
661 4785 808 4863 propter
832 4770 1029 4865 qnosDeus
1081 4773 1352 4840 summationem
1370 4769 1491 4841 seculi.
1531 4765 2067 4855 Erovia,idest,monstrator

47 4891 161 4949 serva
177 4869 522 4963 genushumanumz
556 4873 622 4943 etsi
638 4875 748 4962 igitur
762 4874 800 4940 in
820 4887 916 4942 tanta
942 4898 1028 4962 pau·
1083 4873 1179 4957 viae,
1207 4874 1309 4940 dator
1324 4871 1482 4950 consilii,
1518 4873 1644 4939 tollens
1664 4895 1721 4955 ea,
1755 4898 1844 4965 quae
1867 4874 1924 4941 vel
1946 4875 2066 4964 priva-

45 4974 340 5051 citatellcclesiae
356 4987 512 5065 pastores
527 4997 629 5065 saepe
651 4975 833 5055 dubitant,
867 4999 912 5042 an
937 4976 1030 5044 inter
1082 4975 1163 5054 tim,
1197 4974 1252 5043 vel
1268 4973 1409 5062 publice
1425 4973 1493 5042 iter
1506 4973 1629 5043 salutis
1644 4974 1855 5063 impediunt.
1890 4973 1967 5063 Ego
1988 5000 2087 5050 sum,

45 5084 226 5155 auditores
239 5102 323 5149 suos
339 5080 409 5148 sint
424 5076 541 5170 aliqua
558 5079 715 5146 membra
731 5077 854 5166 populi
872 5076 954 5161 Dei,
976 5092 1030 5146 ta·
1083 5078 1231 5156 veritas,
1257 5075 1292 5143 id
1313 5088 1382 5159 est,
1409 5098 1512 5143 verae
1526 5074 1707 5143 doctrinae
1721 5077 1765 5143 de
1789 5077 1970 5145 voluntate
1988 5073 2086 5160 Dei‚·

45 5208 124 5255 ιιιιι
147 5178 239 5255 haec
262 5183 355 5251 dicta
378 5178 622 5247 meminerint:
662 5177 743 5248 Non
767 5192 963 5248 revertetur
984 5181 1027 5248 ad
1082 5192 1116 5248 et
1139 5178 1317 5247 desalute
1340 5191 1481 5247 aeterna
1507 5189 1628 5259 autor,
1665 5178 1776 5265 sugite
1799 5191 1833 5246 et
1854 5179 2067 5249 execramini

43 5287 261 5357 meeerbum
284 5305 447 5353 vacuum.
501 5279 606 5349 ltem:
634 5278 867 5367 Evangelium
890 5294 941 5350 est
963 5305 1028 5371 po·
1081 5304 1204 5349 omnes
1233 5279 1421 5373 opiniones
1449 5303 1529 5347 cum
1561 5303 1638 5347 mea
1668 5281 1828 5348 doctrina
1860 5297 2067 5369 pugnantes.

44 5392 149 5459 tentia
168 5383 251 5459 llei.
301 5381 560 5457 Etloan.20.:
594 5381 695 5453 Sicut
715 5382 813 5473 misit
838 5406 894 5452 me
915 5398 1026 5474 pater,
1081 5379 1266 5476 Denique,
1289 5379 1367 5474 Ego
1383 5404 1460 5451 sum
1479 5380 1570 5472 vita,
1603 5381 1639 5450 id
1658 5395 1727 5464 est,
1753 5404 1829 5449 mea
1844 5405 1941 5451 mors
1957 5383 2072 5474 placat

268 2688 359 2769 Non
375 2692 541 2766 turbetur
560 2718 621 2766 cor
637 2704 806 2767 vestrum.

1257 4323 1346 4423 Ego
1359 4354 1441 4400 sum
1461 4326 1541 4415 via,
1574 4324 1727 4412 veritas,
1760 4334 1792 4396 el
1809 4323 1897 4409 vita,
