4522 5782
88 222 159 313 Μ
274 226 376 310 aut
424 234 462 309 Ω.
491 228 858 311 counnrt'ratttt
885 230 938 307 ttt
962 230 1117 311 netsr.
1143 214 1292 308 PAUIsl
1316 226 1385 304 AD
1409 225 1673 308 Romanos,
1722 225 1831 307 CAP.
1865 220 1928 307 Vl.
2028 224 2115 307 m

88 397 221 479 ssb‘rint
242 396 381 478 hahetis
400 406 665 492 remissionem,
693 432 783 502 quae
804 407 853 479 ita
878 404 933 493 lit,
958 419 997 477 ut
1017 407 1067 476 si·
1117 402 1216 473 mine
1235 404 1387 476 noticiae
1413 404 1515 490 illae,
1548 405 1608 474 sed
1632 405 1778 479 allectus
1806 402 1878 478 non
1910 405 2099 495 obediunt,
2221 474 2229 491 ,

88 506 323 601 nul-propter
334 522 484 581 mortem
498 503 633 582 Christi
648 511 782 582 aboleri
798 522 990 603 peccatum,
1005 531 1067 580 seu
1115 503 1212 596 Ergo
1232 507 1422 596 diligenter
1442 510 1640 579 notandum
1665 524 1716 580 est
1738 510 1929 580 discrimen
1958 512 2098 603 appeti-
2161 502 2169 521 '

88 608 294 680 mortificari
320 609 447 682 vitiosa
476 624 618 684 natura·
639 614 804 704 incipiat:
847 612 929 705 quia
959 611 1066 683 simul
1115 608 1254 681 tionum
1270 608 1540 682 etnoticiarum:
1567 606 1724 712 στοργαὶ
1736 625 1820 683 sunt
1833 615 2017 685 bonaesuu
2032 636 2099 684 na-

88 711 192 783 datur·
204 708 361 805 Spiritus
378 727 537 798 sanctus,
563 728 601 786 ut
618 716 804 787 mortificet
827 727 980 784 veterem
1002 737 1066 783 na·
1116 726 1215 798 tura,
1239 714 1299 781 sed
1323 713 1415 783 liunt
1429 713 1595 802 vitiosae,
1623 716 1706 809 quia
1731 716 1875 795 suntin
1899 729 2026 809 natura
2043 714 2099 785 vi-

88 825 281 890 turam-et
305 812 578 897 incoiitnovam.
630 815 833 907 sepelimur
856 829 973 887 autem
994 839 1066 885 una
1115 813 1224 898 tiose,
1247 828 1373 885 etnon
1396 814 1600 905 diriguntur
1622 820 1665 887 ad
1683 816 1832 905 gloriam
1853 815 1934 888 Dei.

88 934 159 985 mm
173 909 342 1001 Christo,
365 917 449 1010 quia
464 908 649 1011 postquam
666 934 791 990 natura
807 916 1067 988 nostra'morti-
1216 913 1329 987 Vetus
1358 912 1465 987 homo
1489 941 1563 986 nou
1593 918 1771 1010 significat
1799 932 1937 989 tantum
1961 932 2096 1010 partem

88 1014 179 1085 icari
210 1017 346 1110 eoepit,
379 1034 559 1110 peccatum
590 1021 768 1112 sepultum
791 1034 841 1090 est
865 1019 1066 1110 dupliciter.
1115 1010 1290 1103 hominis,
1314 1018 1448 1089 scilicet
1463 1035 1635 1091 sensuset
1656 1019 1890 1112 appetitiones
1917 1043 2099 1107 sensuum,

88 1114 247 1188 Primum
262 1118 516 1212 imputatione,
539 1117 753 1216 Quanquam
778 1122 873 1191 enim
896 1120 1066 1213 reliquiae
1114 1120 1175 1188 sed
1203 1121 1307 1191 etiam
1332 1120 1506 1190 rationem
1531 1135 1565 1190 et
1589 1123 1819 1193 voluntatem.
1883 1122 1957 1194 Nec
1980 1122 2098 1193 solum

88 1232 248 1306 manent,
269 1232 386 1290 tamen
405 1237 489 1296 sunt
503 1225 733 1296 condonatae.
774 1222 952 1302 Secundo,
969 1224 1065 1314 quod
1115 1221 1349 1311 appetitiones
1367 1236 1526 1312 pugnant
1552 1248 1631 1294 cum
1647 1225 1723 1313 lege
1735 1221 1820 1308 Dei,
1846 1227 1907 1295 sed
1930 1224 2037 1295 etiam
2055 1224 2096 1293 in

88 1322 128 1393 ιιι
147 1320 314 1393 affectum
335 1320 479 1409 attinet,
513 1325 597 1418 quia
626 1339 754 1398 natur'a
781 1324 908 1396 vitiosa
935 1324 1066 1395 desinit
1114 1323 1251 1393 ratione
1276 1323 1451 1413 ignoratio
1476 1320 1562 1411 Dei,
1590 1324 1766 1395 dubitatio
1790 1349 1835 1393 an
1854 1325 2096 1410 exaudiamur,

88 1422 312 1510 coconem,
335 1446 398 1495 seu
418 1424 544 1519 incipit
565 1426 784 1501 mortificari.
833 1424 1067 1520 ltaque2reli-
1114 1419 1361 1517 blasphemiae.
1414 1422 1552 1497 Deinde
1576 1430 1682 1498 etiam
1705 1426 1958 1525 appetitiones,
1993 1448 2095 1497 secu-

88 1548 195 1618 qunm
210 1523 304 1597 ritae
321 1539 399 1617 post
415 1526 590 1599 incoatam
607 1528 915 1601 mortificationem
937 1542 990 1598 est
1009 1550 1065 1599 se·
1116 1524 1218 1612 ritas,
1243 1539 1440 1598 contemtus
1456 1526 1541 1619 Dei,
1568 1528 1783 1608 diffidentia,
1802 1550 1903 1596 amor
1918 1539 1951 1597 et
1967 1526 2097 1598 fiducia

88 1626 239 1717 pultuna.
291 1624 478 1701 Peccatum
494 1630 637 1725 quidem
652 1618 886 1722 imputatione
909 1630 1064 1700 deletum
1113 1650 1232 1697 rerum
1249 1629 1484 1719 praesentium
1505 1646 1627 1701 contra
1645 1631 1850 1699 mandatum
1867 1628 2097 1721 Dei,despe·

88 1742 154 1814 ast,
186 1728 252 1799 scd
272 1730 434 1801 nondum
455 1754 578 1803 sumus
598 1732 797 1824 glorificati.
855 1729 976 1821 Quare
1000 1731 1065 1802 etsi
1114 1726 1204 1798 ratio
1227 1743 1292 1802 etc.
1342 1728 1446 1820 ,Haec
1478 1733 1565 1804 vitia
1595 1756 1668 1803 non
1698 1732 1932 1820 adsensum,
1965 1731 2026 1801 sed
2048 1732 2095 1800 'ad

88 1850 205 1903 tunsus
221 1829 326 1914 insti,
351 1845 469 1905 tamen
492 1831 647 1905 iacemus
670 1833 818 1926 sepulti,
843 1847 1065 1925 expectantes
1113 1830 1330 1923 superiorem
1354 1846 1488 1921 partem
1511 1835 1705 1927 pertinent.
1765 1830 1848 1903 ldeo
1872 1832 2004 1903 Paulus
2033 1833 2097 1903 de-

88 1930 386 2023 glorificationem.
443 1932 544 2008 Sicut
566 1934 698 2006 Paulus
721 1935 855 2029 inquit:
896 1932 979 2007 Vita
1002 1959 1063 2005 ve-
1111 1934 1269 2003 scribens
1296 1928 1477 2002 hominem
1500 1937 1576 2004 siue
1606 1936 1742 2028 Spiritu
1767 1947 1889 2005 sancto
1917 1930 2096 2008 1.cor.2.

88 2034 374 2107 straahacondita
397 2049 448 2108 est
470 2061 550 2109 eum
567 2031 727 2128 Christo,
752 2038 789 2107 id
813 2050 886 2123 est,
911 2035 976 2107 etsi
999 2032 1064 2106 ha·
1112 2034 1247 2128 iuquit:
1282 2030 1460 2104 Animalis
1486 2032 1593 2107 homo
1626 2061 1701 2106 non
1730 2036 1881 2129 percipit
1912 2060 1971 2123 ea,
2005 2056 2095 2130 quae

88 2136 209 2207 hernus
235 2135 408 2225 gloriam,
442 2139 635 2226 iusticiam,
671 2138 799 2220 vitam,
833 2153 952 2211 tamen
975 2132 1064 2221 haec
1111 2151 1194 2208 sunt
1218 2134 1457 2229 spiritusDei.
2076 2130 2078 2135 ’

88 2236 193 2328 gloria
222 2236 310 2309 latet
337 2235 456 2313 adhuc
480 2253 568 2313 tecta
589 2265 669 2313 curn
684 2235 848 2328 Christo,
871 2241 985 2311 donee
1006 2263 1063 2309 re·
1214 2236 1369 2311 Ecoutra
1386 2265 1499 2312 raovus
1522 2235 1630 2310 homo
1655 2237 1807 2330 dieitur,
1835 2252 2008 2333 quatenus
2029 2232 2095 2308 ha-

88 2338 342 2416 tnscitabimus.
1111 2342 1167 2410 bct
1190 2363 1319 2411 novam
1333 2341 1448 2410 lucem
1471 2357 1506 2415 et
1522 2365 1633 2412 novos
1651 2356 1768 2413 motus
1785 2343 1950 2412 excitatos
1974 2338 2095 2429 aSpi-

180 2439 369 2512 Secundo:
403 2441 509 2533 Quod
534 2445 579 2513 ad
604 2443 767 2516 effectum
791 2443 936 2530 attinet,
969 2442 1062 2515 iace·
1112 2442 1182 2513 ritu
1207 2458 1346 2527 sancto,
1374 2444 1537 2515 videlicet
1567 2444 1785 2534 agnitionem
1814 2438 1966 2526 Christi,
1998 2441 2093 2510 fidu-

88 2564 159 2613 naus
173 2540 215 2611 in
231 2543 412 2634 sepulcro,
440 2546 476 2616 id
493 2559 567 2631 est,
594 2546 632 2615 in
651 2569 772 2632 cruce,
796 2547 835 2614 in
857 2546 1061 2617 afflictioni·
1112 2546 1201 2614 ciam
1235 2569 1314 2634 erga
1339 2542 1474 2629 Deum,
1509 2548 1671 2616 timorem
1695 2544 1782 2631 Dei,
1822 2545 2095 2626 invocationem,

88 2644 146 2715 hus
169 2645 290 2715 omnis
312 2646 471 2736 generis:
500 2648 662 2718 diabolus
687 2643 920 2719 horribilibus
946 2647 1062 2718 modis
1111 2647 1353 2732 dilectionem,
1377 2661 1413 2717 et
1435 2646 1716 2737 simileejmorus.
1771 2643 1915 2742 Dehas:
1937 2645 2095 2717 novitate

88 2746 266 2836 perturbat
289 2760 323 2817 et
347 2751 572 2844 persequitur
600 2749 691 2842 pios.
744 2747 822 2821 Hae
848 2750 1062 2822 calamitates
1111 2750 1271 2841 loquitur
1292 2746 1424 2818 Paulus
1449 2755 1485 2823 ι.
1504 2748 1585 2823 Cor.
1609 2752 1645 2820 8.
1717 2749 1822 2821 Nunc
1846 2761 1975 2818 retecta
2005 2744 2096 2817 facie

88 2870 220 2935 omues,
247 2848 400 2944 denique
421 2866 455 2923 et
480 2852 554 2945 ipsa
576 2875 692 2938 mors,
717 2865 799 2922 sunt
823 2851 920 2922 velut
942 2852 1061 2944 sepul·
1111 2851 1259 2941 gloriam
1275 2849 1421 2921 Domini
1448 2851 1645 2938 intuentes,
1671 2851 1710 2920 in
1733 2853 1879 2920 eandem
1904 2849 2093 2939 imaginem

88 2972 200 3037 trum,
225 2950 358 3043 inquo
380 2953 467 3024 iacet
489 2969 588 3024 vetus
612 2969 739 3026 natura
764 2968 924 3036 mortua,
947 2977 992 3022 ne
1016 2954 1060 3022 sit
1113 2953 1407 3023 transformamur
1431 2977 1450 3023 a
1475 2952 1586 3040 gloria
1610 2955 1649 3022 in
1676 2953 1845 3044 gloriam,
1879 2966 2047 3044 tanquam
2072 2972 2093 3019 a

88 3050 214 3125 efficax.
284 3048 382 3123 Haec
419 3056 560 3126 collatio
591 3056 792 3147 sepulturae
830 3069 881 3125 est
911 3054 1060 3125 illustris
1109 3051 1255 3123 Domini
1270 3053 1408 3144 spiritu.
1449 3053 1489 3123 ld
1506 3067 1575 3134 est,
1601 3079 1681 3127 cum
1705 3057 1743 3124 in
1757 3052 1950 3143 Evangelio
1972 3064 2093 3123 osten-

88 3152 216 3247 pietura
239 3155 373 3223 mortui
402 3158 551 3246 peccati,
584 3159 680 3250 quod
711 3158 756 3226 ad
787 3156 1059 3247 imputationem
1110 3156 1208 3225 ditur
1240 3155 1345 3223 nobis
1370 3150 1630 3237 misericordia,
1659 3158 1831 3248 erigimur
1854 3155 2035 3243 agnitione
2051 3175 2093 3221 ac
2150 3205 2159 3212 .

88 3256 205 3328 attinet
218 3268 255 3328 et
268 3255 451 3347 effectum,
476 3272 511 3331 et
527 3273 647 3330 monet
663 3258 777 3354 qualis
800 3259 936 3341 sitvita
952 3252 1059 3330 Chri·
1110 3258 1237 3327 fiducia
1253 3254 1338 3343 Dei,
1364 3271 1396 3325 et
1412 3258 1584 3328 sentimus
1606 3282 1674 3329 nos
1689 3261 1770 3331 Deo
1795 3280 1898 3328 curae
1915 3278 2006 3339 esse,
2031 3253 2092 3322 in·

88 3357 202 3433 abana.
1111 3382 1287 3432 vocamus.
1341 3357 1383 3428 ln
1399 3355 1464 3429 hac
1479 3359 1610 3431 noticia
1632 3376 1667 3435 et
1687 3358 1744 3432 his
1760 3361 1914 3430 motibus
1929 3354 2091 3446 agnosci·

176 3456 319 3530 Deinde
341 3458 441 3532 addit
464 3460 608 3533 tertium
633 3465 850 3534 membrum:
886 3458 969 3532 Non
1000 3484 1058 3531 so-
1109 3475 1169 3532 tur
1184 3474 1218 3530 et
1232 3461 1379 3552 refulget
1394 3459 1511 3547 Deus,
1533 3475 1567 3530 et
1591 3487 1656 3534 nos
1679 3465 1831 3559 quadam
1848 3460 2020 3548 imagine,
2045 3458 2091 3536 ,id

88 3558 151 3630 lum
170 3562 211 3633 fit
230 3558 472 3648 mortificatio,
506 3565 693 3634 sedetiam
717 3563 1059 3635 incoaturvivifica-
1109 3576 1180 3650 est,
1207 3564 1338 3635 noticia
1362 3561 1429 3633 Dei
1452 3586 1679 3636 renovamur.
1729 3559 1800 3634 Nee
1822 3559 1996 3651 signifieat
2021 3582 2090 3628 no·

88 3661 139 3739 lio.
190 3660 556 3735 Porronovanatura
580 3667 783 3753 esteflicax,
808 3666 889 3736 ideo
919 3688 1058 3735 necesse
1111 3667 1199 3738 vitas
1235 3666 1466 3753 cogitationes
1498 3678 1533 3736 et
1560 3681 1677 3741 motus
1712 3665 1862 3738 rationis
1896 3664 1974 3735 siue
2004 3658 2089 3754 Spi-

88 3778 129 3834 rst
147 3765 447 3858 existerenovam
474 3764 681 3839 obedientia.
774 3766 878 3837 Hanc
897 3768 1058 3838 collatio·
1107 3770 1179 3841 ritu
1201 3781 1332 3840 sancto.

88 3886 161 3935 uem
187 3867 333 3959 repetit:
373 3867 413 3940 Si
443 3892 564 3939 sumus
593 3869 697 3940 inser.
753 3869 900 3960 ’magnit
932 3870 1056 3940 mortis

88 3964 176 4054 siut,
187 3967 292 4041 etiam
309 3969 507 4039 inseremur
521 3970 667 4061 imagini
683 3971 961 4056 resurrectionis,
989 3967 1056 4041 hoc

88 4082 150 4157 est,
178 4066 277 4143 Sicut
302 4086 401 4143 vetus
421 4085 543 4142 noster
561 4068 672 4143 homo
692 4097 763 4144 una
784 4074 969 4144 crucifixus
992 4088 1055 4159 est,
1206 4072 1397 4147 Conclusio
1434 4090 1486 4148 est
1523 4075 1703 4147 institutae
1733 4072 1962 4157 obiectionis,
1995 4093 2086 4164 quae

88 4171 126 4243 ita
146 4171 310 4243 renovati
332 4196 403 4243 una
419 4172 590 4244 vivemus.
640 4172 731 4246 Cum
756 4189 873 4248 autem
898 4175 944 4247 sit
962 4199 1054 4249 nova
1104 4179 1265 4273 sequitur
1296 4202 1336 4247 ex
1361 4178 1542 4268 superiore
1571 4190 1796 4267 argumento,
1826 4172 1919 4263 Quia
1941 4187 2087 4266 propter

88 4274 168 4361 rita,
195 4296 258 4344 seu
280 4296 372 4345 nova
395 4288 541 4358 natura,
566 4301 659 4347 nova
682 4278 744 4348 lux
768 4292 802 4350 et
821 4278 954 4350 noticia
976 4279 1055 4366 Dei,
1104 4278 1238 4352 Christi
1268 4294 1417 4351 mortem
1449 4292 1629 4371 peccatum
1661 4279 1775 4370 coepit
1804 4276 1957 4363 aboleri,
1989 4274 2085 4366 Ergo
2183 4366 2189 4375 ι

88 4376 192 4451 sistit
206 4375 315 4447 etiarn
330 4400 422 4447 nova
438 4377 652 4452 ohedientia.
1104 4409 1177 4455 raon
1192 4396 1334 4470 regnet,
1360 4406 1423 4451 nec
1443 4383 1488 4451 sit
1514 4380 1646 4454 efficax.

176 4476 255 4568 Qui
269 4493 430 4550 mortuus
450 4491 521 4560 est,
549 4479 753 4552 iustificatus
775 4493 826 4552 est
848 4506 869 4551 a
900 4497 1052 4573 peccato.
1204 4483 1347 4553 Mortua
1366 4495 1493 4551 natura
1517 4506 1589 4549 noar
1613 4483 1803 4554 debetesse
1828 4480 1966 4571 efficax,
1992 4477 2091 4549 Pro·¹

88 4579 169 4653 ‚lero
183 4594 238 4655 est
250 4594 430 4668 mortuus,
451 4576 547 4672 Ergo
565 4597 616 4654 est
632 4581 851 4656 iustificatus.
887 4582 1052 4677 Respon·
1102 4601 1179 4678 pter
1195 4581 1328 4655 Christi
1353 4598 1501 4653 mortem
1520 4596 1700 4672 peccatum
1725 4585 1908 4653 remissum
1926 4595 1995 4670 est,
2022 4582 2083 4666 ita,

88 4683 139 4755 leo
160 4682 209 4753 ad
222 4682 423 4752 maiorem:
461 4680 640 4777 Loquitur
670 4687 714 4755 de
741 4698 880 4777 peccato
911 4689 1052 4764 actuali.
1102 4703 1141 4758 ut
1157 4686 1263 4757 simul
1277 4687 1423 4775 incipiat
1439 4699 1583 4776 propter
1600 4680 1735 4754 Christi
1757 4698 1906 4754 mortem
1935 4682 2082 4765 aboleri,

88 4782 139 4855 tet
157 4782 366 4855 iustificatus
381 4795 451 4865 est,
477 4784 513 4854 id
537 4799 608 4867 est,
634 4786 799 4858 satisfecit
817 4809 881 4879 pro
900 4803 1052 4880 peccato.
1101 4786 1197 4878 Ergo
1214 4812 1293 4858 cum
1309 4787 1508 4869 aboleatur,
1533 4809 1606 4855 non
1623 4788 1730 4858 debet
1744 4810 1817 4857 esse
1831 4786 1962 4856 efficax.

88 4881 137 4957 ist
167 4886 283 4975 figura
317 4899 431 4957 sumta
461 4908 502 4954 cx
538 4890 720 4960 communi
748 4910 929 4975 sermone,
961 4893 1052 4962 sicut
1203 4887 1299 4961 Dicit
1322 4902 1438 4959 autem
1463 4888 1609 4960 diserte:
1645 4886 1727 4959 Nou
1749 4901 1887 4983 regnet,
1912 4884 2089 4983 utsignig

88 4990 228 5059 licimua
261 4990 405 5080 quando
433 4988 661 5080 suspenditur
692 4991 768 5063 fur:
793 4989 899 5062 Nunc
921 4993 1051 5065 desinit
1100 4993 1179 5065 ficet
1199 5017 1273 5062 non
1298 5013 1442 5082 prorsus
1469 4990 1658 5061 extinctam
1686 5012 1759 5062 esse
1791 4990 1952 5060 vitiosam
1977 4999 2082 5056 natu·

88 5112 233 5180 pcccarc.
278 5146 283 5155 .
1102 5119 1189 5168 ram.
1246 5092 1440 5185 Reliquum
1466 5106 1517 5164 est
1546 5092 1657 5182 igitur
1678 5104 1857 5184 peccatum
1880 5092 1918 5158 in
1943 5103 2080 5173 natura,

173 5188 218 5264 ln
248 5185 396 5260 homine
427 5205 510 5263 suut
543 5193 715 5288 quaedam
745 5193 860 5265 bonae
887 5195 1052 5284 noticiae,
1101 5198 1162 5267 sed
1179 5196 1215 5264 id
1231 5193 1437 5265 mortificari
1456 5193 1590 5284 coepit,
1614 5192 1785 5263 ideonon
1803 5204 1933 5280 regnet.
1981 5187 2079 5261 Haec

88 5290 148 5364 leo
164 5308 218 5366 est
239 5292 481 5363 obediendum
500 5308 584 5377 etc,
615 5293 711 5385 Ergo
735 5320 809 5365 non
836 5310 929 5368 totus
952 5312 1051 5369 retus
1101 5298 1208 5367 verba
1227 5294 1358 5366 Paulus
1382 5298 1456 5388 ipse
1482 5295 1749 5387 interpretatur:
1776 5292 1856 5363 Non
1878 5305 2000 5383 regnet
2019 5292 2080 5379 ita,

88 5418 178 5469 tomo
198 5406 253 5469 est
268 5396 504 5474 damnandus.
553 5394 784 5493 Respondes:
809 5395 903 5472 Sunt
921 5400 960 5471 in
984 5395 1051 5496 ho·¹
1101 5411 1141 5472 ut
1159 5399 1192 5471 ei
1206 5397 1398 5489 obediatis,
1421 5399 1458 5470 id
1482 5409 1553 5485 est,
1578 5419 1654 5468 non
1677 5397 1916 5491 obtemperate
1944 5394 2080 5471 vitiosis

1418 3931 1479 4011 Ne
1503 3934 1620 4032 igilur
1644 3944 1779 4031 regnet.
