4522 5782
148 199 174 270 s
313 198 417 275 xnr.
475 205 515 278 a.
541 168 1021 293 ιιιιιιιιιῑιιιιιιιει
1046 200 1198 286 raon
1221 200 1292 283 ao
1315 196 1579 289 nonnos
1628 199 1737 291 cac.
1761 200 1863 298 ιιι,
2002 214 2111 297 sora.

95 364 98 369 ’
146 371 284 440 scribae
307 385 341 442 et
354 355 580 475 hypocritae,
599 374 667 468 ,qui
691 368 1000 471 cotarts'drttcen,
1025 397 1059 454 et
1112 378 1194 456 talis
1210 381 1281 453 uita
1300 382 1438 453 reddita
1459 382 1670 475 perfilium,
1695 383 1784 472 fide,
1809 410 1900 481 quae
1914 389 2043 463 deinde
2058 395 2100 467 fit

121 481 251 554 roratis
268 476 454 559 camelum.
488 482 578 557 Cum
595 477 763 559 videlicet
774 484 940 577 neglectis
958 510 1059 577 prae·
1105 472 1247 574 'integra
1263 485 1465 555 obedientia
1483 496 1560 575 post
1576 487 1881 564 resurrectionem.

136 586 181 654 tis
198 586 349 666 divinis.
376 599 409 656 et
432 586 576 683 quidem
600 580 814 679 praecipuis,
834 586 950 681 aliqui
973 590 1057 657 reti·
1211 582 1283 655 Pax
1320 585 1493 675 significat
1533 587 1857 659 reconciliationem
1889 614 1970 662 cum
2003 593 2094 680 Deo,

118 701 166 755 nt
181 687 397 756 ceremonias
428 687 585 781 aliquas,¹
615 676 656 760 'et'
670 689 760 758 ritus
782 689 829 759 ab
849 681 1058 761 hominibus
1109 687 1198 767 sicut
1215 687 1302 757 alibi
1325 687 1442 781 inquit
1460 684 1609 757 Paulus:
1635 685 1817 760 lustificati
1841 714 1961 781 pacem
1982 690 2094 769 babe-

123 788 237 867 ditos,
271 802 305 859 et
334 812 391 858 eas
417 802 576 859 externas
603 782 869 879 ohservationes
897 791 1055 860 sentiunt
1107 810 1186 859 mus
1198 789 1292 881 apud
1310 784 1443 874 Deum,
1468 792 1504 858 id
1528 802 1598 869 cst,
1626 782 1795 862 babentes
1815 791 1919 862 tidem
1937 794 2007 866 iam
2031 822 2092 871 su-

122 914 140 958 e
164 889 340 959 iusticiam
365 912 486 960 coram
511 890 676 977 Deo¹,·'et
701 891 915 979 necessarios
938 892 1054 962 cultus
1106 914 1185 960 mus
1203 891 1442 972 reconciliati,
1467 890 1608 962 liberati
1632 891 1677 960 ab
1698 893 1751 963 ira
1767 895 2090 987 etadamnatione,

120 990 148 1074 i,
177 1005 209 1058 et
230 992 481 1081 neglectionem
499 994 652 1083 cogitant
668 1015 742 1063 csse
756 991 994 1085 impietatem,
1019 1006 1053 1063 et
1104 1005 1140 1062 ct
1155 992 1332 1083 placemus
1345 989 1434 1067 Deo.
1484 990 1589 1063 Hanc
1611 1016 1732 1083 pacem
1754 995 1942 1067 comitatur
1956 1000 2089 1074 laetitia

103 1098 107 1105 '
155 1092 327 1178 opinione
353 1093 523 1162 acerrime
554 1097 752 1165 defendunt
773 1115 854 1165 suos
878 1095 987 1179 ritns,
1018 1108 1052 1165 et
1104 1093 1142 1162 in
1165 1094 1270 1165 corde
1292 1094 1517 1186 acquiescens
1546 1095 1585 1162 in
1604 1092 1700 1180 Deo,
1738 1109 1773 1167 et
1803 1091 1896 1167 banc
1927 1103 2088 1175 nominat

80 1280 83 1285 Ι
125 1194 305 1264 delitatcm
338 1209 501 1264 exercent
526 1197 694 1266 adversus
725 1196 814 1267 alios
842 1209 936 1266 recte
968 1218 1048 1265 sen·
1103 1194 1272 1265 laetitiam
1298 1196 1336 1265 iu
1358 1193 1496 1287 Spiritu
1518 1209 1657 1281 sancto,
1682 1198 1719 1268 id
1742 1212 1812 1283 est,
1846 1222 1937 1292 quae
1959 1227 2083 1274 accen-

80 1292 197 1373 kmea.
1102 1296 1200 1367 ditur
1232 1295 1415 1388 aSpiritu
1449 1313 1587 1378 sancto,
1625 1299 1686 1392 qui
1706 1312 1757 1370 est
1786 1324 1886 1370 amor
1914 1315 1947 1372 et
1980 1305 2081 1377 laeti·

163 1394 211 1468 Ut
227 1410 344 1468 autern
367 1398 407 1466 in
426 1397 593 1468 omnibus
618 1397 724 1467 rebus
746 1420 886 1469 necesse
909 1411 959 1468 est
976 1398 1049 1467 dis-
1101 1398 1148 1468 tia
1163 1398 1415 1470 substantialis.
1463 1396 1546 1468 ldeo
1562 1402 1649 1470 tales
1664 1414 1781 1470 motus
1794 1403 1972 1488 accendit,
1995 1431 2084 1499 qua-

80 1518 204 1567 ernerc
220 1500 413 1570 necessaria
429 1524 448 1569 a
466 1522 541 1568 non
558 1498 781 1586 necessariis,
806 1500 854 1571 ita
868 1502 906 1568 in
924 1498 1047 1570 Eccle·
1101 1501 1144 1569 lis
1167 1515 1218 1573 est
1244 1499 1331 1592 ipse.
1398 1497 1486 1571 Cum
1513 1516 1631 1572 eutem
1662 1502 1830 1573 accendat
1857 1517 1976 1577 motus
1996 1532 2084 1579 con·

80 1596 112 1668 h
127 1600 277 1668 maxime
295 1600 528 1670 necessarium
548 1615 598 1670 est
614 1603 814 1675 discernere
829 1602 1042 1670 fundamen·
1097 1616 1262 1691 gruentes
1276 1601 1442 1672 omnibns
1453 1603 1647 1693 praeceptis
1662 1600 1746 1688 Dei,
1768 1604 2012 1695 complectitur
2024 1606 2084 1682 hic

80 1702 358 1790 manipulis,
384 1704 474 1771 sicut
498 1702 616 1795 inquit
642 1701 789 1772 Paulus:
816 1700 1045 1773 Fundamen-
1098 1703 1230 1774 Paulus
1246 1705 1420 1774 incoatam
1437 1704 1692 1789 obedientiam,
1719 1705 1815 1774 insta
1831 1709 1949 1778 omnia
1973 1710 2076 1801 prae-

80 1804 248 1872 malind
266 1805 350 1894 poni
369 1828 442 1872 non
460 1816 588 1892 potest.
615 1817 755 1894 praeter
774 1805 810 1874 id
833 1808 928 1897 quod
949 1806 1045 1896 posi·
1098 1819 1196 1895 cepta
1212 1806 1297 1889 Dei,
1322 1805 1490 1876 laetitiam
1508 1807 1546 1874 in
1566 1805 1806 1890 invocatione,
1832 1807 1869 1875 in
1891 1809 2080 1883 dilectione

80 1924 136 1972 ιιιι
149 1917 219 1987 est,
244 1908 338 1997 quod
356 1918 407 1975 est
421 1901 583 1976 Christus
600 1902 705 1974 lesus.
757 1904 846 1976 ltem
862 1901 1045 1980 Psal.50.:
1097 1907 1184 1990 Dei,
1217 1907 1409 1996 gratiarum
1433 1907 1608 1976 actionem
1631 1920 1665 1976 et
1688 1908 1962 1993 confessionem,
1995 1915 2082 1984 obe-

80 2006 299 2090 transiero,
332 2030 407 2075 non
437 2008 552 2075 dicam
574 2007 660 2096 tibi,
694 2004 823 2078 luvoca
845 2033 902 2077 me
925 2009 963 2077 in
987 2009 1045 2078 dic
1096 2009 1265 2077 dientiarn
1289 2009 1327 2076 in
1350 2007 1540 2078 dilectione
1567 2007 1738 2099 proximi,
1773 2010 1932 2082 castitate
1952 2015 2081 2086 etaliis

80 2104 303 2178 ributacionis
323 2122 388 2180 etc.
447 2103 494 2178 Et
515 2105 750 2178 lerenriae7.:
776 2108 857 2178 Non
882 2111 1043 2200 praecepi
1096 2110 1304 2195 virtutibus,
1331 2111 1422 2181 sicut
1441 2123 1626 2182 enumerat
1648 2111 1784 2180 fructus
1803 2112 1969 2202 spiritus,
2005 2114 2080 2188 Ge-

80 2200 168 2277 lade
189 2207 422 2294 holocaustis,
452 2212 512 2278 sed
541 2205 610 2279 boe
631 2210 812 2301 praecepi,
838 2212 959 2281 audite
977 2235 1042 2280 me.
1095 2213 1153 2284 lat.
1168 2206 1203 2281 5.
1220 2227 1254 2284 et
1276 2211 1375 2286 alibi.

80 2298 360 2381 'rttcclesianac
383 2309 439 2383 4.:
473 2309 606 2381 Melior
627 2327 678 2384 est
702 2313 904 2383 obedientia
935 2338 1040 2406 quarn
1195 2310 1248 2383 De
1266 2307 1321 2382 bis
1337 2313 1430 2383 veris
1442 2312 1597 2383 cultibus
1612 2314 1853 2404 posteeudicit':
1878 2311 1951 2402 Qui
1969 2314 2008 2386 in
2022 2312 2080 2386 his

80 2405 219 2482 lctimac
240 2415 450 2498 stultorum,
474 2413 556 2506 quia
581 2414 761 2497 nesciunt,
793 2429 967 2507 qnantum
989 2416 1042 2485 sa·
1094 2415 1204 2486 servit
1218 2409 1383 2496 Christo,
1410 2413 1521 2504 placet
1536 2412 1636 2504 Deo,
1658 2428 1693 2485 et
1710 2417 1878 2505 probatus
1894 2430 1944 2487 est
1962 2411 2080 2487 bomi-

80 2509 263 2589 hutmali.
315 2513 412 2585 Haec
433 2516 576 2608 querela
598 2516 642 2585 de
666 2515 1036 2610 quantispeccatislo·
1094 2518 1212 2588 nibus.
1272 2513 1343 2585 Hic
1383 2515 1651 2586 meminerimus
1690 2517 1784 2588 tradi
1823 2516 2080 2605 testimonium,

80 2630 185 2686 netur
204 2619 397 2686 ostendunt
411 2617 580 2708 exempla.
1093 2621 1189 2711 qnod
1222 2640 1381 2705 expresse
1410 2617 1575 2688 adfirmat
1604 2618 1700 2687 bona
1735 2642 1843 2712 opera
1872 2635 2079 2692 renatorum
2126 2638 2160 2701 j

154 2715 286 2808 Magna
307 2742 387 2810 pars
403 2715 588 2789 hominnm
610 2717 738 2807 cogitat
759 2718 976 2790 oblationem
1002 2720 1038 2787 in
1094 2721 1229 2809 placere
1255 2717 1351 2804 De‘o,
1388 2720 1480 2790 sicut
1508 2743 1572 2791 suo
1606 2719 1684 2789 loco
1719 2719 1896 2811 copiosius
1931 2722 2078 2795 dicetur.

80 2808 163 2889 lissa
173 2821 400 2911 praecipuum
416 2820 552 2890 cultum
566 2842 650 2903 esse,
666 2833 701 2888 et
717 2844 759 2890 eo
776 2820 874 2893 cultu
891 2821 1041 2890 maxime
1092 2819 1218 2891 Petrus
1241 2821 1375 2912 inquit:
1402 2816 1542 2891 Offerte
1561 2815 1696 2892 hostias
1717 2822 1917 2913 spirituales
1934 2823 2077 2915 placen·
2101 2858 2105 2870 ·

80 2922 217 3001 subdit,
250 2945 329 2991 cum
353 2922 403 2991 ibi
426 2916 602 2997 horrenda
627 2921 842 2991 idolomania
864 2922 920 2991 sit.
988 2920 1036 2992 lli
1091 2935 1142 2992 tes
1157 2920 1232 2993 Deo
1251 2946 1314 3012 per
1332 2920 1447 2992 lesum
1461 2918 1660 2996 Christum.

80 3023 368 3112 unintelligunt,
389 3023 821 3116 quantumsaciantmali.
874 3018 1039 3113 Opponit
1192 3022 1383 3109 Secundo,
1422 3024 1633 3093 nominatim
1667 3023 1807 3118 inquit:
1854 3022 1927 3116 Qui
1969 3026 2078 3097 servit

80 3125 160 3195 itbr
183 3124 314 3194 Paulus
344 3124 500 3214 regulam
524 3145 566 3192 ex
596 3124 804 3194 delinitione
832 3125 933 3214 regni
951 3124 1037 3196 Dei:
1090 3120 1251 3211 Christo,
1276 3139 1317 3196 ut
1338 3123 1530 3214 significet,
1565 3119 1751 3195 sedebis
1775 3126 1942 3216 operibus
1964 3127 2078 3221 loqui,

80 3248 213 3314 egnum
231 3225 297 3297 Dei
326 3239 471 3297 nonest
494 3248 570 3297 esca
595 3239 773 3315 etpotus‚
800 3226 929 3311 idest,
963 3251 1036 3297 non
1088 3251 1179 3323 quae
1194 3229 1285 3299 liunt
1302 3227 1339 3295 in
1357 3226 1539 3316 agnitione
1555 3240 1588 3296 et
1605 3226 1732 3295 fiducia
1749 3228 1963 3301 mediatoris.

80 3342 191 3398 ‚terna
216 3328 414 3398 observatio
440 3326 477 3395 in
505 3326 594 3395 cibis
625 3340 659 3396 et
687 3327 866 3417 vestibus,
900 3331 959 3397 sed
986 3343 1037 3399 est
1191 3328 1334 3409 Tertio,
1370 3328 1446 3398 vult
1469 3329 1568 3399 etad
1595 3321 1818 3421 buncfincm
1844 3329 2078 3400 reserriobe·

80 3429 209 3512 oticia,
236 3453 301 3518 pax
320 3443 353 3498 et
376 3428 544 3519 gaudium
568 3429 606 3496 in
622 3426 758 3520 Spiritu
783 3444 916 3502 sancto.
969 3430 1037 3500 His
1088 3430 1281 3514 dientiam,
1306 3442 1345 3499 ut
1367 3442 1563 3520 praestetur
1577 3453 1650 3498 uon
1667 3443 1811 3521 propter
1827 3443 1983 3501 nostram
1999 3432 2077 3520 glo-

80 3531 344 3621 spellationibus
368 3525 640 3627 comprehendit
669 3553 792 3600 omnes
820 3534 1035 3602 necessarios
1087 3532 1189 3612 riam,
1204 3545 1264 3601 aut
1277 3545 1600 3623 propterventrem‚
1616 3534 1675 3627 scd
1688 3531 2077 3623 propteripsumlilium

80 3633 160 3703 tltus
180 3632 260 3714 Dei,
286 3646 324 3701 ut
340 3631 448 3700 alibi:
477 3629 596 3701 Milite
621 3633 751 3700 bonam
767 3631 953 3719 militiam,
979 3659 1033 3704 re·
1088 3633 1172 3718 Dei,
1198 3632 1349 3716 scilicet,
1375 3632 1458 3724 quia
1474 3632 1644 3701 sentimus
1660 3632 1691 3702 ei
1708 3626 1803 3702 hunc
1818 3627 1990 3704 honorem
2011 3636 2075 3705 de-

80 3759 163 3805 rcns
179 3733 284 3802 fidem
303 3747 336 3803 et
355 3735 483 3801 bonam
501 3733 773 3803 conscientiam:
1085 3735 1181 3818 beri,
1205 3749 1240 3805 et
1257 3727 1325 3803 hoc
1340 3726 1477 3801 bonore
1490 3734 1725 3818 ostendimus,
1749 3757 1814 3802 nos
1832 3734 1954 3819 lateri,
1978 3736 2075 3829 quod

147 3834 276 3904 Tradit
299 3849 333 3903 et
356 3831 467 3904 Oseas
488 3835 640 3903 similem
662 3833 889 3906 sententiam:
922 3831 1032 3903 Mise-
1085 3831 1143 3904 hic
1159 3835 1205 3905 sit
1221 3830 1318 3905 Deos
1334 3847 1367 3904 ct
1380 3834 1555 3918 salvator,
1580 3848 1713 3904 etcum
1733 3834 1962 3910 celebramus.
2001 3833 2075 3905 De-

80 3937 239 4011 rordiam
262 3937 361 4019 volo,
387 3961 461 4005 non
477 3936 707 4017 sacrificium,
730 3937 947 4025 agnitionem
965 3934 1033 4005 Dei
1085 3937 1196 4030 nique
1226 3931 1286 4006 hic
1316 3936 1593 4025 complectamur
1622 3936 1826 4005 universam
1862 3937 2076 4022 doctrinam,

80 4041 154 4129 agis
178 4062 283 4130 quam
309 4034 526 4111 holocausta.
584 4032 775 4109 Zacharias
803 4037 938 4130 inquit:
966 4037 1031 4107 Di·
1084 4040 1121 4107 in
1138 4062 1207 4131 qna
1223 4038 1366 4130 exponit
1382 4039 1561 4130 quomodo
1577 4037 1671 4105 bona
1690 4060 1794 4126 opera
1809 4033 1888 4106 Deo
1905 4038 2054 4128 placent.

80 4143 139 4229 ,rite
156 4142 342 4210 veritatem
359 4153 395 4211 ct
410 4165 542 4229 pacem.
594 4136 646 4211 lta
670 4140 797 4230 passim
817 4165 884 4208 vox
909 4139 1030 4209 divina
1187 4139 1257 4211 Sed
1282 4163 1391 4234 quare
1414 4137 1538 4208 addit:
1570 4134 1638 4221 ¹Est
1663 4141 1830 4228 probatus
1855 4132 2075 4225 bominibus,
2183 4138 2192 4153 “

80 4257 160 4315 suet
195 4240 389 4310 Ecclesiam
427 4243 470 4310 de
507 4240 713 4311 discrimine
753 4265 918 4312 verorum
953 4242 1029 4312 cul·
1082 4266 1161 4312 cum
1198 4254 1318 4311 tamen
1363 4241 1401 4308 in
1443 4238 1607 4331 plurimis
1648 4235 1856 4308 bominibus
1890 4233 2074 4312 horribilis

80 4368 140 4417 um
159 4358 194 4415 et
208 4343 378 4411 falsorum
398 4344 569 4413 cultuum.
1080 4344 1254 4413 acerbitas
1277 4344 1324 4412 sit
1339 4341 1414 4410 odii
1428 4344 1597 4410 adversus
1616 4351 1769 4420 sanctos,
1796 4352 1837 4409 ut
1862 4340 1966 4412 multi
1989 4366 2072 4412 eru·

140 4444 190 4517 Ut
206 4459 321 4513 antem
343 4445 428 4514 alibi
446 4444 573 4514 Daniel
590 4441 726 4536 inquit:
751 4441 918 4513 Messium
941 4444 1027 4514 alla·
1081 4446 1257 4515 delissirne
1280 4443 1561 4521 interficiuntur,
1602 4442 1664 4534 qui
1691 4456 1806 4511 tamen
1841 4455 1925 4513 sunt
1954 4445 2071 4514 ornati

80 4573 163 4620 rum
179 4571 252 4616 esse
275 4546 449 4615 iusticiam
468 4545 737 4635 sempiternam,
764 4545 812 4616 ita
836 4539 893 4612 hic
920 4546 1026 4616 intel·
1052 4608 1056 4637 ,
1081 4546 1292 4615 testimoniis
1311 4543 1464 4629 divinis,
1487 4558 1528 4612 ut
1546 4543 1621 4633 ipse
1646 4543 1738 4610 lilius
1754 4538 1844 4623 Dei,
1871 4545 1935 4638 qni
1956 4569 2072 4617 resus-

80 4665 171 4737 :atur
186 4647 326 4719 iusticia
343 4649 387 4716 de
406 4661 479 4717 toto
498 4645 668 4715 beneficio
684 4645 748 4714 tilii
764 4643 850 4730 Dei,
877 4649 972 4737 qtrod
989 4648 1028 4716 in
1052 4644 1056 4695 ἲ
1080 4649 1248 4718 citaverat
1278 4660 1459 4730 mortuos,
1495 4645 1612 4727 Abel,
1654 4639 1800 4731 Esaias,
1846 4641 2013 4717 Ieremias
2038 4662 2074 4718 et

80 4777 105 4822 rc
128 4753 201 4821 vita
225 4751 389 4818 incoatur
415 4750 503 4833 lide,
529 4749 640 4816 idest
664 4748 790 4817 fiducia
807 4749 1026 4830 mediatoris,
1053 4804 1055 4809 ,
1079 4749 1167 4818 alii?

80 4876 108 4923 ra
122 4876 246 4922 sumus
265 4850 366 4934 insti,
391 4851 514 4928 idest,
537 4848 669 4938 accepti
686 4849 777 4934 Deo,
799 4863 917 4942 quaet
934 4850 1028 4919 filius
1052 4823 1056 4943 Ι
1179 4845 1411 4937 Respondeo:
1437 4845 1570 4918 Paulus
1586 4847 1747 4942 loquitur
1771 4848 1815 4919 de
1842 4849 1983 4919 iudiciis
1999 4842 2072 4917 Ec·

80 4956 108 5025 ei
134 4955 288 5023 vivificat
309 4955 507 5035 credentes,
541 4964 575 5019 et
599 4950 753 5021 ostendit
776 4965 932 5042 patrem,
967 4954 1028 5022 dat
1051 4950 1055 5033 ῗ
1079 4949 1222 5032 clesiae,
1246 4947 1394 5037 Semper
1409 4944 1541 5020 habent
1565 4952 1678 5022 sancti
1701 4951 1902 5020 testimonia
1922 4973 2002 5018 vera
2033 4949 2070 5016 in

80 5057 212 5126 riritnm
235 5067 413 5135 sanctum,
448 5066 488 5121 ut
512 5051 675 5122 incoetur
698 5074 790 5121 nova
813 5052 1027 5136 obedientia,
1051 5038 1055 5139 l
1077 5047 1247 5123 Ecclesia.
1294 5048 1396 5122 Sicut
1418 5046 1604 5146 Syracides
1629 5076 1704 5144 cap.
1723 5050 1786 5123 44.
1811 5051 1945 5143 inquit:
1971 5050 2071 5120 Lau·

80 5183 124 5228 rae
142 5171 264 5248 postea
281 5154 346 5222 erit
364 5154 499 5239 integra
516 5154 553 5220 in
572 5152 643 5221 vita
668 5165 828 5237 aeterna,
854 5176 933 5221 curn
961 5156 1026 5225 erit
1052 5144 1054 5175 ²
1077 5155 1158 5220 dem
1186 5152 1343 5243 ipsorum
1370 5155 1554 5226 nunciabit
1574 5151 1743 5227 Ecclesia.
1805 5149 1853 5222 Et
1872 5150 1968 5221 Deus
1994 5152 2072 5240 ipse

80 5283 130 5329 cus
146 5258 267 5328 omnia
284 5254 321 5322 in
340 5255 517 5324 omnibus.
543 5251 1024 5344 Estigiturreipsaregnnm
1077 5254 1211 5345 inquit:
1243 5252 1454 5324 Benedicam
1489 5257 1781 5326 benedicentibus
1813 5253 1893 5323 tibi.
1953 5250 2070 5325 Texat

80 5365 100 5431 ei
123 5360 263 5434 iusticia
285 5372 447 5441 aeterna,
483 5369 521 5425 ut
540 5352 670 5425 Daniel
692 5355 873 5440 nominat,
899 5355 936 5425 id
961 5369 1024 5444 est,
1048 5370 1052 5433 t
1077 5368 1196 5426 autem
1219 5353 1352 5427 Paulus
1373 5360 1599 5450 quorundam
1628 5355 1869 5446 arrogantium
1906 5357 2069 5449 tyranni-
