4522 5782
88 202 115 281 s
181 162 219 209 ·’
303 186 404 274 xnr
455 189 1557 297 s.mantnanoarur.nau1.1annonanos.
1616 192 1722 273 ete.
1736 196 1818 305 ιιι.
1984 202 2069 313 aa,
2139 252 2144 259 .

88 396 125 447 ra
140 374 361 446 nlvsotnem
378 370 447 445 Dei
464 394 557 457 esse,
592 383 631 442 ιιι
646 392 713 441 nos
734 383 881 463 propter
896 372 1033 442 media·
1084 365 1180 437 enim
1204 367 1344 467 quaeri:
1387 366 1428 439 Si
1458 392 1534 437 non
1565 372 1708 461 prodest
1731 371 1787 443 lex
1807 376 1851 445 ad
1876 372 2066 475 iustitiam¹

88 500 155 547 rem
172 476 281 565 recipi
298 476 501 558 credamus,
528 494 733 567 quanquam
751 495 876 542 sumus
892 473 1033 564 indigni
1083 494 1148 539 cur
1160 469 1241 547 data
1258 469 1332 539 est?
1382 467 1486 541 Certe
1499 470 1748 561 legundatores
1762 474 1842 547 ideo
1860 496 2066 575 proponunt

96 578 228 673 polluti
247 576 409 667 peccatis.
460 573 538 646 Hae
555 596 620 645 nos
637 573 880 644 consolatione
893 589 1033 644 susten·
1083 570 1196 661 leges,
1222 583 1264 640 ιιι
1287 569 1390 643 Cives
1412 572 1543 642 iaciant
1565 574 1749 660 meliores,
1775 589 1809 647 et
1825 603 1885 649 ens
1901 581 1965 674 qui
1979 582 2067 653 olse-¹

88 702 176 764 nus,
199 694 233 750 et
250 672 341 747 hanc
357 677 463 747 fidem
481 678 519 747 in
537 698 617 747 vera
633 662 856 771 poenitentia
874 690 909 747 ιι
928 677 1032 747 invo-
1082 674 1206 748 diunt,
1232 674 1419 744 nominant
1442 674 1573 760 ἱιιιιοι,
1598 678 1633 744 id
1659 691 1728 761 est,
1750 682 1961 770 approbant.

88 781 181 853 tione
206 800 440 855 exerceamus.
1185 768 1281 843 Huic
1311 774 1511 868 quaestioni
1536 779 1748 868 respondet:
1790 777 1894 868 imo,
1933 784 2065 879 inquit,

1083 876 1138 945 lex
1164 876 1286 945 divina
1310 891 1420 963 extat,
1446 890 1487 948 ut
1508 877 1553 948 sit
1572 880 1813 951 testimonium
1835 883 1961 957 iudicii
1982 882 2064 975 Dei,

1083 993 1283 1048 monstrans
1305 1003 1395 1071 quae
1416 980 1489 1049 sint
1516 993 1654 1068 peccata
1676 982 1716 1050 in
1736 1006 1864 1073 genere
1894 980 2063 1063 humano.

1082 1076 1179 1150 Haec
1196 1079 1367 1171 sapientia
1393 1080 1576 1150 dissimilis
1602 1095 1652 1152 est
1675 1082 1839 1174 politicae
1859 1087 2063 1179 sapientiae,

144 1178 339 1255 Manifesta
362 1179 573 1250 asseveratio
597 1191 667 1265 est,
710 1201 818 1269 opera
845 1176 934 1267 legis
956 1200 1030 1245 non
1081 1181 1165 1274 quia
1180 1206 1302 1251 verum
1321 1195 1372 1252 est
1385 1182 1424 1250 in
1438 1182 1597 1275 imperiis
1612 1184 1717 1253 condi
1732 1185 1841 1273 leges,
1857 1212 1930 1259 nun
1945 1189 2063 1269 solum

88 1282 172 1357 treri
193 1281 437 1375 remissionem
461 1295 706 1372 peccatorum,
735 1303 800 1349 nec
824 1294 969 1370 propter
990 1303 1030 1348 ea
1081 1295 1122 1352 ιιι
1147 1295 1344 1355 monstrent
1367 1298 1526 1375 peccata,
1563 1286 1623 1354 sed
1647 1299 1686 1354 ut
1710 1286 1857 1374 tollant,
1900 1290 2064 1363 videlicet

88 1385 208 1459 mines
231 1384 431 1457 iustosesse
453 1407 572 1453 coram
589 1381 685 1469 Deo,
712 1382 748 1450 id
772 1394 842 1467 est,
869 1395 1030 1472 acceptos
1081 1395 1223 1453 externa
1258 1386 1400 1458 scelera.
1453 1382 1522 1456 Sed
1550 1385 1607 1455 lex
1628 1386 1750 1455 divina
1779 1384 1946 1478 prohibet
1969 1393 2063 1464 inte-

104 1488 219 1559 vitam
234 1499 426 1559 aeternam.
465 1482 661 1555 Elusernnt
678 1495 795 1554 antem
811 1477 1029 1553 hoedictnm
1054 1532 1057 1577 ,
1080 1485 1210 1557 riorem
1240 1486 1516 1559 immunditiem.
1566 1486 1668 1556 Hanc
1699 1488 1832 1560 iudicat
1862 1504 1895 1563 et
1924 1510 2063 1567 accusat

88 953 238 1043 optem
261 935 364 1042 quod
382 963 429 1012 ex
455 937 624 1037 operibns
644 936 738 1037 legis
754 963 828 1010 non
851 937 1031 1037 iustsficn

376 1051 438 1113 tur
454 1040 573 1113 omnis
601 1066 698 1121 caro.

88 1590 233 1663 ialiter.
273 1586 386 1659 Multi
404 1586 587 1671 dixerunt,
605 1584 757 1656 Panlnrn
774 1585 873 1679 loqui
889 1598 1027 1655 tantum
1053 1580 1057 1634 ἶ
1079 1611 1197 1657 coram
1214 1586 1315 1679 Deo,
1340 1614 1413 1657 non
1437 1588 1541 1658 tollit.
1597 1588 1680 1658 ldeo
1700 1583 1784 1661 haec
1799 1588 1950 1665 Paulina
1967 1596 2061 1667 dicta

88 1690 328 1777 Ceremoniis,
342 1713 418 1759 non
435 1691 479 1758 de
494 1687 690 1758 moralibus
704 1685 883 1773 operibus.
914 1683 1028 1756 Neruo
1052 1639 1057 1749 l
1078 1712 1302 1783 nequaquam
1337 1690 1517 1759 miscenda
1552 1691 1824 1780 snnt'politicae
1857 1694 2060 1788 sapientiae.

88 1792 292 1866 stificabitur
314 1814 356 1861 er
386 1789 556 1882 operibus
590 1790 676 1879 legis
702 1787 835 1860 scilicet
872 1811 1029 1858 ceremo-
1052 1782 1055 1817 ³
1077 1787 1201 1879 Longe
1225 1793 1292 1859 alia
1317 1816 1372 1861 res
1391 1787 1449 1862 hic
1472 1793 1606 1877 agitur,
1640 1792 1791 1877 scilicet,
1834 1795 1892 1864 An
1920 1797 1970 1868 irs
1992 1794 2061 1869 Dei

88 1895 208 1969 stibus.
258 1891 329 1966 Sed
354 1887 440 1963 haec
465 1892 576 1963 elusio
596 1892 682 1962 falsa
699 1904 768 1974 est,
794 1888 877 1983 quia
895 1888 1027 1959 Paulus
1078 1893 1208 1961 nostris
1223 1895 1408 1984 operibus,
1432 1917 1494 1962 seu
1512 1894 1586 1982 lege
1602 1894 1759 1967 tollatur.

93 1997 268 2071 omnibus
283 1995 443 2088 partibus
458 1993 544 2085 legis
561 1974 739 2087 loquitur,
756 2004 797 2063 nt
809 1991 902 2061 infra
918 1990 1026 2062 sumit
1049 1976 1054 2091 l
1180 1994 1373 2065 Sciendum
1388 2008 1438 2065 est
1453 2009 1571 2064 autem
1586 2007 1657 2065 tres
1671 2018 1743 2063 esse
1761 1997 1846 2085 legis
1860 2018 1956 2084 usus,
1972 2024 2061 2095 quos

88 2100 240 2194 emplum
257 2121 298 2168 er
315 2098 391 2187 lege
407 2097 550 2167 morali:
576 2093 659 2165 Non
677 2094 914 2185 concupisces.
948 2092 1025 2163 lmn
1050 2094 1053 2119 ¹
1075 2095 1203 2167 oritate
1219 2096 1271 2167 sic
1288 2097 1523 2167 discernimus
1547 2097 1591 2165 ad
1618 2098 1984 2170 commonefaciendos
2005 2103 2060 2171 in·

88 2202 107 2273 i
122 2200 254 2273 morali
269 2200 417 2269 minime
434 2197 656 2269 satisfaciunt
671 2191 846 2269 homines.
1075 2198 1206 2272 niores.

138 2303 218 2377 Atii
241 2303 291 2372 sic
314 2302 482 2384 eludunt,
522 2300 648 2371 dicunt
669 2290 917 2395 synecdochen
939 2317 1026 2383 esse,
1174 2298 1318 2371 Primus
1341 2322 1424 2371 usus
1448 2312 1499 2369 est
1524 2299 1690 2399 politicus
1710 2320 1770 2367 sen
1794 2302 2060 2394 paedagogicns,

88 2417 282 2479 aeaccuset
298 2403 491 2496 plurimos,
516 2426 590 2471 non
614 2425 749 2473 omnes.
801 2397 908 2468 Pauci
931 2413 1026 2482 sunt,
1073 2400 1136 2495 qui
1161 2416 1214 2475 est
1240 2402 1373 2474 noticia
1389 2402 1494 2491 legis,
1536 2424 1660 2491 regens
1678 2422 1738 2469 sen
1763 2415 1859 2473 snetu
1885 2426 1946 2474 seu
1969 2430 2058 2499 qna·

88 2507 225 2605 quiunt,
250 2507 334 2601 quia
357 2504 459 2596 pauci
483 2504 728 2594 obtemperant
753 2500 833 2589 legi.
888 2498 1024 2570 interea
1074 2503 1245 2602 licunque
1262 2502 1523 2575 adsuefactione
1539 2515 1682 2572 externa
1697 2503 1874 2589 rnembra,
1892 2519 1933 2576 ut
1947 2507 2058 2579 actio·

88 2634 158 2681 nen
181 2607 292 2702 aliqui
316 2606 399 2676 insti
424 2618 525 2690 sunt,
557 2619 597 2676 ut
619 2602 840 2696 Pomponius
865 2599 1023 2683 Atticus,
1073 2627 1136 2674 nes
1152 2619 1316 2677 externae
1336 2627 1411 2674 non
1435 2618 1593 2696 pugnent
1615 2628 1694 2675 cum
1718 2601 1807 2691 lege:
1842 2616 1880 2675 nt
1897 2607 1980 2701 quia
1998 2633 2058 2679 co-

88 2712 191 2796 bius,
231 2709 371 2801 Scipio,
410 2707 494 2800 quia
520 2708 587 2795 legi
612 2708 868 2796 obtemperant.
919 2701 1022 2773 Hanc
1072 2708 1160 2797 gitat
1181 2707 1268 2778 civis
1291 2720 1536 2798 praeceptum,
1576 2703 1658 2776 Non
1682 2705 1839 2786 occides,
1874 2723 1908 2777 et
1933 2712 2059 2783 metuit

88 2807 279 2885 sendoclsen
304 2810 486 2902 perspicue
509 2810 639 2878 refutat
660 2808 734 2899 ipse
752 2806 905 2885 Paulus,
938 2805 1022 2899 quia
1074 2832 1244 2899 poenam,
1273 2803 1339 2879 hae
1361 2809 1573 2898 cogitatione
1594 2809 1663 2880 ciet
1687 2828 1834 2889 nervos,
1867 2824 1906 2880 ut
1929 2832 2058 2882 mantas

88 2928 165 2987 erte
196 2937 271 2986 non
300 2915 415 2982 solnm
450 2932 617 3001 personas
648 2925 807 2998 accusat,
844 2909 904 2976 sed
936 2907 1022 2998 ipsis
1072 2911 1286 3002 reprimant,
1306 2934 1351 2979 ne
1366 2910 1580 2982 interficiant
1596 2909 1953 2994 inimicum,etiamsi
1967 2915 2057 2991 odit.

88 3016 202 3089 eribus
223 3010 376 3085 detrahit
398 3013 593 3095 iusticiam,
623 3014 724 3102 qnasi
749 3014 860 3081 dicat:
888 3006 942 3076 De
965 3003 1022 3078 his
1072 3010 1175 3083 Hanc
1190 3011 1417 3104 disciplinam
1437 3012 1747 3082 seulocomotivae
1761 3012 2056 3098 gubernationem

88 3120 119 3191 is
143 3117 292 3213 loquor,
324 3114 391 3209 qui·
413 3113 548 3185 iaciunt
569 3137 676 3203 opera
700 3115 807 3203 legis,
840 3106 905 3181 hos
930 3133 1021 3199 nego
1072 3115 1301 3186 necessariam
1317 3138 1390 3186 esse
1404 3114 1510 3184 etiam
1527 3114 1566 3182 in
1582 3138 1655 3182 non
1673 3113 1823 3196 renatis,
1843 3135 1946 3203 saepe
1963 3116 2056 3189 dici-

89 3236 147 3293 tos
163 3243 238 3291 esse
260 3232 404 3311 propter
421 3212 506 3286 haec
529 3239 649 3306 opera.
1071 3239 1170 3302 mus,
1197 3229 1231 3287 et
1247 3213 1402 3287 humana
1419 3216 1584 3286 voluntas
1601 3215 1720 3308 aliquo
1736 3220 1841 3283 ruodo
1858 3215 2053 3289 libertatem

138 3322 365 3413 colligantur
388 3343 470 3409 ergo
499 3318 603 3388 toties
627 3313 794 3407 repetitae
816 3314 1021 3400 sententiae,
1071 3314 1179 3391 habet
1201 3318 1317 3389 ciendi
1340 3338 1487 3402 nervos,
1527 3331 1567 3388 nt
1591 3330 1756 3387 moveant
1777 3329 1836 3388 aut
1859 3319 2055 3407 reprimant

88 3450 122 3499 re
145 3425 240 3497 idem
255 3445 414 3514 expresse
429 3419 626 3503 affirmant,
653 3442 728 3487 non
751 3418 878 3486 mereri
904 3411 1021 3485 homi·
1072 3421 1249 3505 membra,
1269 3434 1309 3491 ut
1326 3414 1412 3489 haec
1427 3420 1467 3488 in
1484 3420 1647 3493 doctrina
1671 3413 1811 3512 physica
1834 3420 1976 3513 copiose
1987 3421 2053 3495 de·

88 3552 97 3599 ι
127 3525 371 3598 remissionem
401 3536 621 3611 peccatorum
657 3518 811 3611 propriis
843 3519 1022 3610 operibus,
1070 3524 1263 3596 cierentur.
1314 3516 1473 3593 Achilles
1500 3535 1613 3613 potest
1637 3522 1811 3612 imperare
1832 3522 1972 3606 nervia,
2012 3538 2053 3597 ut

88 3655 96 3705 :
118 3631 232 3700 iustos
253 3650 328 3707 esse
349 3638 492 3716 propter
515 3618 606 3692 hanc
627 3622 909 3716 qualemcunque
935 3622 1022 3709 legis
1043 3618 1048 3637 '
1070 3647 1197 3695 ananus
1217 3627 1411 3694 recondant
1432 3623 1590 3712 gladium
1614 3623 1652 3691 in
1678 3624 1854 3713 vaginam.
1904 3619 1952 3697 Et
1965 3620 2052 3697 tnee

88 3729 318 3805 servationem
333 3751 451 3798 coram
468 3722 566 3810 Deo,
588 3738 620 3793 et
636 3737 839 3794 constanter
854 3722 1020 3792 reiician-
1069 3726 1255 3815 disciplina
1270 3739 1321 3795 est
1338 3724 1503 3815 cogitatio
1521 3724 1558 3792 in
1576 3739 1693 3794 mente
1710 3739 1744 3796 et
1765 3726 1930 3809 cerebro,
1961 3750 2050 3819 quae

88 3832 243 3923 *Pelagii
260 3845 296 3904 et
318 3823 572 3899 monachorum
590 3827 698 3895 falsae
712 3825 912 3917 opiniones,
928 3849 1018 3917 qnae
1068 3827 1187 3898 nervis
1213 3827 1381 3916 imperat,
1419 3841 1459 3897 ut
1483 3841 1625 3897 externa
1654 3828 1811 3896 membra
1840 3827 1890 3903 sic
1919 3827 2048 3902 ciunt.

88 3936 232 4009 ctrinam
265 3928 444 4005 Ecclesiae
477 3941 730 4018 corruperunt,
771 3941 806 3997 et
839 3926 1018 4001 linxerurtt
1066 3927 1141 4000 Nec
1169 3941 1221 4001 ιιι
1243 3929 1381 4001 iusticia
1411 3929 1548 4008 cordis,
1591 3953 1655 3997 nec
1679 3941 1731 3999 est
1756 3927 1916 4017 impletio
1942 3929 2049 4019 legis,

88 4038 197 4109 mines
240 4033 368 4105 mereri
402 4030 645 4100 remissionem
683 4041 932 4119 peccatorum,
984 4042 1017 4099 et
1067 4033 1126 4100 sed
1150 4031 1271 4115 litera,
1298 4030 1482 4120 videlicet,
1509 4030 1674 4119 cogitatio
1695 4029 1796 4124 quasi
1819 4029 1912 4118 picta
1935 4031 1973 4103 in
1988 4054 2046 4103 ιι-

88 4155 144 4213 tns
166 4161 241 4209 esse
263 4133 328 4207 hac
347 4133 553 4222 disciplina,
578 4155 640 4202 seu
666 4130 906 4225 qualicunque
929 4130 1017 4223 legis
1066 4136 1191 4217 rebro,
1215 4132 1266 4203 sic
1281 4156 1404 4223 regens
1418 4146 1560 4223 externa
1584 4133 1751 4205 membra.
1803 4127 1907 4203 Clare
1928 4146 2046 4204 autem

88 4240 261 4337 pletione,
286 4262 393 4333 quarn
409 4234 548 4305 efficere
566 4229 728 4303 homines
746 4245 903 4323 possunt.
1065 4234 1311 4321 adfirmamus,
1338 4230 1429 4317 hanc
1443 4234 1669 4325 disciplinam
1690 4257 1755 4303 nec
1778 4234 1906 4304 mereri
1921 4236 2046 4321 remis-

128 4338 270 4413 Diserte
284 4356 401 4412 autem
417 4337 518 4407 addit
532 4333 664 4406 Paulus
679 4330 764 4404 haec
781 4334 904 4404 verba:
931 4322 1017 4403 Cou
1065 4337 1200 4407 sionem
1217 4351 1452 4429 peccatorum,
1468 4360 1531 4407 nec
1548 4334 1722 4407 iusticiam
1737 4358 1855 4405 coram
1873 4332 1948 4407 Deo
1962 4359 2047 4408 esse.

88 4468 124 4514 m
151 4440 269 4525 Deo,
294 4456 334 4512 ut
350 4453 491 4509 moneat
513 4463 549 4507 se
574 4440 618 4506 de
640 4435 772 4508 iudicio
790 4431 883 4503 Dei
903 4435 1016 4527 loqui,
1065 4436 1151 4511 ldeo
1171 4439 1460 4511 autemdicimus
1482 4462 1556 4509 esse
1588 4437 1836 4507 necessariam:
1874 4437 1959 4533 qnia
1981 4463 2045 4509 ne·

88 4550 177 4619 nde
201 4543 358 4615 humano
389 4539 535 4613 iudicio.
593 4537 676 4610 Non
710 4539 848 4608 tollitur
871 4536 923 4605 ira
947 4534 1014 4605 Dei
1065 4564 1158 4610 cesse
1179 4555 1230 4612 est
1249 4539 1327 4612 Deo
1348 4540 1510 4623 obedire,
1551 4539 1614 4632 qni
1643 4552 1677 4609 et
1698 4533 1790 4609 hanc
1816 4538 2043 4631 disciplinam

88 4650 163 4721 stris
187 4647 371 4739 operibns,
402 4666 466 4712 nec
490 4655 645 4712 meretur
666 4640 908 4711 remissionem
935 4663 1015 4730 pec·
1065 4642 1232 4713 omnibus
1256 4641 1436 4735 praecipit.
1475 4640 1614 4711 Deinde
1639 4643 1833 4711 necessaria
1856 4657 1907 4713 est
1925 4642 1971 4713 ad
1989 4641 2043 4710 vi-

88 4774 190 4825 nrum
213 4746 299 4819 haec
322 4758 442 4816 nostra
465 4742 625 4828 iusticia,
665 4766 730 4813 nec
759 4740 926 4812 satisfacit
947 4740 1015 4828 legi
1064 4744 1188 4814 tandes
1218 4767 1349 4835 poenas
1379 4744 1578 4834 corporales
1610 4742 1648 4810 in
1677 4736 1742 4811 hac
1766 4745 1848 4816 vita.
1899 4742 2043 4817 Sedde

88 4854 117 4941 l,
140 4842 231 4925 sieut
248 4864 283 4921 et
304 4847 464 4919 Psalmns
490 4845 623 4939 inquit:
657 4842 740 4915 Non
765 4842 1015 4915 iustificabitur
1064 4840 1132 4914 hoc
1156 4869 1223 4917 usu
1248 4842 1380 4916 Paulus
1409 4846 1448 4913 in
1477 4840 1542 4915 hac
1569 4839 1729 4936 Epistola
1762 4868 1834 4914 non
1868 4845 2040 4939 loquitur.

89 4965 284 5046 conspectu
309 4964 372 5021 tuo
394 4947 513 5018 omnis
535 4947 671 5021 vivens.
1064 4944 1164 5016 Alibi
1193 4942 1288 5017 hunc
1317 4970 1420 5019 usum
1458 4945 1620 5030 indicat,
1668 4971 1746 5015 cun
1777 4948 1853 5016 ait:
1887 4945 1960 5017 Lex
1989 4961 2040 5017 est

1065 5049 1157 5119 bona
1178 5048 1331 5138 legitime
1363 5047 1488 5120 utenti.
1545 5044 1594 5123 ln
1613 5062 1696 5119 sunt
1721 5044 1806 5133 haec
1829 5047 1916 5120 alibi
1937 5072 2041 5143 saepe

1063 5150 1240 5243 copiosius
1262 5151 1449 5226 declarata.

1052 1758 1055 1773 1

179 5114 254 5192 Per
276 5115 389 5213 legem
413 5113 509 5186 enim
531 5109 680 5208 agnitio
708 5110 857 5211 peceati.

128 5256 333 5350 Occupatio
359 5266 411 5324 est
430 5250 588 5322 breviter
606 5249 737 5320 inserta
758 5247 804 5317 de
828 5269 895 5318 usn
918 5246 1015 5337 legis,
1147 5251 1332 5325 Secundus
1345 5276 1429 5325 usus
1443 5265 1496 5323 est
1513 5247 1688 5323 Indicium
1702 5252 1896 5343 spirituale,
1910 5254 1955 5324 de
1970 5276 2042 5349 quo

105 5386 178 5460 quo
198 5373 332 5455 ¹postca
356 5379 433 5448 cap.
461 5353 497 5424 7.
531 5353 673 5447 copiose
701 5348 804 5420 dicet.
872 5344 1015 5423 Poterat
1062 5352 1340 5449 inquitPaulus:
1363 5354 1437 5429 Lea
1450 5352 1645 5526 spiritqqlis
1661 5368 1722 5441 est,
1739 5355 1775 5425 id
1794 5369 1856 5444 est,
1871 5355 2042 5429 iudicium
