4522 5782
88 208 173 293 M*
262 204 366 285 llll.
415 208 452 281 ί,
477 200 847 295 COMMEll'l'ARll
868 198 1101 289 lll'ffls'l’.
1125 186 1277 281 taust
1300 181 1372 283 All
1397 179 1664 265 ROMANOS.
1716 188 1824 268 CAP.
1849 195 1950 272 xtV.
2017 204 2132 299 ιη

88 395 241 453 mmm.
270 375 327 459 De
340 374 551 471 ltocfgenere
566 379 718 453 tenenda
734 391 787 450 est
802 378 940 470 regule:
956 372 1081 470 Opor-

88 496 135 555 tet
149 478 239 551 Deo
260 485 375 573 magis
386 486 551 567 obedire,
565 508 671 576 quam
691 478 908 557 hominibus.
959 480 1081 569 Quare

89 587 175 657 tales
194 586 407 669 traditiones
420 587 611 656 autoritate
631 585 755 653 divina
770 584 963 657 violantur.
986 632 989 637 -

190 722 358 792 Alterum
383 746 493 813 genus
520 735 571 792 est
598 722 850 807 traditionum,
883 744 974 815 quae
994 744 1080 790 con·

92 826 246 893 stitnunt
269 826 314 893 de
333 825 484 910 talibus,
518 849 609 919 quae
638 836 704 913 sua
725 836 851 894 natura
872 838 957 894 sunt
984 825 1082 892 adia-

92 922 222 1017 pbors,
250 938 289 995 ut
312 928 357 994 de
378 927 495 1014 feriis,
526 928 674 1011 vestitu,
702 927 801 1000 cibis.
854 924 893 993 ln
919 920 973 994 his
996 949 1082 994 con-

93 1030 375 1098 siderandisunt
390 1030 488 1102 lines.
540 1029 579 1099 si
606 1029 687 1097 finis
711 1043 761 1098 est
787 1029 973 1119 politicus,
998 1041 1081 1096 sunt

95 1129 209 1200 licitae
222 1132 446 1201 traditiones.
499 1124 544 1200 Ut
562 1156 642 1200 cum
659 1131 766 1199 leriae
782 1145 985 1215 servantur,
1007 1153 1081 1199 non

94 1236 184 1326 quud
204 1256 293 1322 opus
317 1234 406 1302 ill'ud
431 1235 477 1304 sit
494 1235 629 1315 cultus,
656 1234 716 1302 sed
741 1234 878 1303 ordinis
900 1256 1021 1317 causa,
1042 1246 1082 1301 ut

93 1335 246 1427 pupulus
262 1334 347 1404 sciat
366 1358 437 1427 quo
461 1350 622 1426 tempore
646 1336 932 1405 conveniendum
960 1349 1012 1406 est
1038 1336 1079 1401 sd

91 1436 309 1505 audiendum
334 1433 588 1528 Evangelium,
630 1452 662 1508 et
686 1440 730 1507 ad
754 1462 899 1508 coenam
924 1435 1081 1507 Domini.

91 1536 182 1629 Quia
211 1539 307 1609 enim
341 1533 449 1610 horno
481 1540 691 1611 naturaliter
719 1541 885 1631 intelligit
908 1540 1083 1623 ordinem,

90 1656 124 1713 et
150 1642 282 1711 ordine
313 1642 419 1714 debet
440 1644 595 1713 actiones
627 1666 707 1713 suas
737 1644 969 1727 distribuere,
1002 1643 1083 1711 ideo

92 1743 196 1812 etiam
232 1743 389 1815 actiones
413 1744 666 1815 ecclesiasticae
696 1770 799 1813 suum
831 1746 994 1819 ordinem
1020 1740 1084 1813 lra-

93 1846 177 1915 bere
194 1846 350 1929 debent,
376 1870 441 1917 nec
456 1861 571 1939 potest
589 1848 659 1917 vita
677 1849 808 1919 talibus
823 1849 952 1917 ritibus
967 1870 1085 1915 carere

92 1960 125 2018 et
153 1946 466 2034 ordinationibus,
493 1974 582 2043 qtrae
603 1953 807 2019 conducunt
834 1953 877 2017 ad
896 1943 1085 2029 'salterium

95 2047 177 2119 ldeo
195 2064 231 2120 et
256 2048 389 2120 Paulus
414 2052 600 2142 praecipit:
628 2051 676 2123 Ut
698 2052 818 2122 omnia
844 2050 930 2123 fiant
953 2052 990 2120 in
1014 2047 1083 2121 Ec·

95 2151 198 2221 clesia
219 2152 386 2221 decenter
404 2166 439 2222 et
456 2156 551 2223 bono
567 2156 705 2223 ordine.

196 2267 363 2339 Tertium
379 2294 489 2361 genus
506 2286 555 2343 est
571 2273 816 2356 traditionum,
831 2295 910 2341 cum
926 2272 968 2340 ad
987 2270 1085 2340 adia-

98 2366 206 2463 phora
222 2373 357 2442 accedit
380 2375 502 2464 opinio
526 2376 661 2459 cultus,
688 2375 825 2462 meriti,
853 2388 912 2443 aut
934 2374 1085 2443 necessi·

102 2475 188 2542 tatis.
265 2472 624 2547 Tales'traditiones
661 2479 853 2546 obscurant
886 2477 1085 2546 doctrinam

101 2570 302 2665 Evangelii,
331 2590 365 2645 et
387 2579 511 2674 opinio
528 2582 695 2647 accedens
710 2579 795 2650 facit
814 2603 854 2647 ex
879 2574 1085 2677 adiaphoris

103 2678 223 2767 impias
246 2679 464 2748 traditiones.
515 2680 601 2749 ldeo
627 2700 719 2751 recte
744 2681 924 2750 violantur
945 2698 979 2751 et
999 2684 1085 2749 abo·

107 2778 237 2870 lentur,
264 2794 303 2849 ut
327 2781 387 2849 illa
415 2783 540 2874 opinio
564 2783 651 2852 falsa
674 2784 890 2871 corrigatur,
915 2782 997 2875 quia
1023 2807 1085 2850 ne-

106 2903 188 2949 cesse
218 2895 270 2952 est
302 2906 440 2954 errores
471 2888 514 2956 de
547 2885 665 2972 cultu,
698 2885 833 2955 meritis
869 2898 902 2955 et
934 2882 1085 2955 necessi·

107 2984 300 3057 tnteabiici.

195 3097 262 3171 Est
280 3115 395 3172 autern
421 3103 537 3175 cultus
565 3105 635 3175 tale
657 3128 766 3197 opus,
799 3106 899 3174 cuius
919 3105 1001 3175 lrnis
1017 3106 1086 3174 im·

107 3203 273 3273 taediatus
294 3218 346 3275 est
370 3229 443 3273 non
469 3208 664 3296 corporalis
688 3209 840 3291 utilitas,
872 3209 932 3276 sed
961 3221 1001 3277 ut
1025 3231 1088 3298 per

106 3300 137 3371 id
149 3329 237 3396 opus
252 3303 349 3376 Deus
365 3302 502 3377 honore
525 3310 709 3384 alliciatur.
772 3309 872 3380 Sicut
892 3312 936 3378 de
960 3310 1087 3378 discri-

107 3405 193 3478 mine
208 3409 370 3477 cilrorum
388 3411 494 3481 sentit
512 3411 684 3501 populus,
710 3406 884 3500 hocopus
901 3413 979 3479 ideo
998 3412 1086 3491 lieri,

107 3510 182 3599 quia
197 3511 241 3579 sit
259 3504 394 3595 hortos,
421 3538 525 3602 quern
544 3517 700 3605 requirat
716 3527 776 3584 aut
792 3517 965 3602 approbet
979 3513 1087 3583 Deus.

105 3606 153 3680 lle
173 3607 231 3680 his
253 3612 373 3704 inquit
392 3609 572 3685 Christus:
608 3613 752 3687 Frustra
777 3618 900 3686 colunt
916 3641 972 3684 me
986 3640 1087 3687 mana

104 3712 189 3784 datis
206 3708 407 3787 homiuum.

198 3829 247 3903 Ει
277 3835 477 3926 plerunque
507 3834 643 3903 accedit
671 3834 794 3921 opinio
823 3834 964 3924 meriti,
998 3858 1089 3927 quae

102 3929 206 4006 lrabet
221 3937 496 4005 manifestiorem
521 3938 758 4022 impietatem,
785 3937 965 4019 videlicet,
991 3941 1086 4030 qrrorl

105 4036 172 4107 tale
187 4060 273 4126 opus
288 4055 466 4108 mereatur
489 4039 732 4108 remissionem
759 4055 1000 4128 peccatorum,
1028 4053 1090 4109 aut

104 4139 208 4211 eitam
229 4154 429 4225 aeternam,
461 4144 556 4231 qrrod
583 4142 627 4209 sit
651 4139 808 4225 iusticia,
841 4142 887 4209 sit
909 4143 1088 4229 perfectio,

1342 350 1406 418 De
1433 348 1640 418 libertate
1661 355 1927 437 christinus.
2028 354 2031 359 ⁶

1234 477 1305 551 llic
1324 499 1467 548 necesse
1488 489 1540 548 est
1563 478 1670 550 etiam
1688 482 1760 555 diei
1784 488 1830 556 de
1843 488 2006 564 libertate
2020 488 2128 565 Chri·

1134 584 1258 656 stiana.
1313 579 1421 651 Facio
1443 593 1563 651 autern
1580 584 1732 654 docendi
1755 613 1859 661 causa
1878 609 2032 686 quatuor
2047 621 2129 689 gra-

1133 690 1200 757 dus
1215 685 1388 756 libertatis
1410 678 1644 758 Christianae.

1235 787 1379 858 Primus
1396 801 1463 870 est,
1490 790 1585 880 quod
1605 810 1676 857 non
1695 805 1840 882 propter
1855 795 1966 885 legem
1983 814 2044 870 arrt
2060 826 2127 873 no-

1134 905 1224 961 stras
1242 892 1409 971 virtutes,
1435 888 1496 957 sed
1521 890 1628 976 gratis
1650 908 1795 982 propter
1815 894 1999 970 Christum
2014 908 2128 973 done-

1134 1010 1192 1064 tur
1214 991 1374 1063 remissio
1400 1003 1641 1080 peccatorum,
1681 1009 1716 1064 et
1742 999 1932 1087 imputatio
1955 1002 2126 1090 iusticiae,
2228 1070 2237 1077 .

1135 1110 1168 1166 et
1191 1097 1263 1164 vita
1295 1106 1456 1171 aeterna,
1493 1096 1599 1161 modo
1630 1107 1668 1164 nt
1698 1101 1881 1172 credamus
1906 1100 1992 1175 haec
2023 1109 2127 1177 nobis

1134 1200 1339 1285 contingere
1355 1210 1499 1284 propter
1515 1190 1713 1267 Christum.
1755 1198 1809 1270 De
1825 1198 1894 1273 hoc
1912 1210 2024 1295 gradu
2039 1234 2128 1279 con-

1134 1302 1298 1369 cionatur
1322 1294 1505 1368 Christus:
1541 1296 1581 1367 Si
1600 1322 1664 1368 vos
1687 1300 1780 1372 filius
1798 1304 2020 1391 liberaverit,
2046 1324 2128 1385 rets'

1134 1403 1237 1473 liberi
1256 1401 1352 1470 estis.

1237 1502 1425 1573 Secundus
1453 1502 1583 1589 gradus
1613 1516 1684 1588 est,
1723 1513 1819 1599 quod
1851 1512 1887 1579 in
1919 1514 2126 1584 remissione

1140 1619 1363 1699 peccatorum
1383 1605 1537 1671 donatur
1553 1602 1707 1691 Spiritus
1722 1629 1880 1698 sauctus,
1905 1617 1965 1706 qui
1985 1618 2126 1687 acliuvet

1137 1732 1220 1791 nos,
1246 1724 1284 1778 ut
1301 1707 1448 1775 obedire
1474 1705 1540 1794 legi
1559 1702 1624 1773 Dei
1643 1707 1870 1801 incipiamus,
1895 1731 1991 1801 regat
2014 1733 2047 1787 et
2066 1723 2127 1789 de-

1137 1813 1256 1881 fendat
1281 1832 1346 1877 nos
1364 1811 1532 1875 adversus
1549 1808 1696 1878 iusidias
1712 1814 1859 1888 diaboli.
1912 1816 1981 1888 llic
1998 1825 2128 1908 gradus

1136 1937 1215 1984 cum
1231 1911 1405 2002 superiori
1424 1909 1632 1981 coniunctus
1649 1926 1718 1997 est,
1743 1922 1803 1983 sed
1829 1920 1908 1985 ideo
1928 1922 2122 1993 inenume-

1137 2016 1275 2087 ratione
1289 2015 1463 2094 discerno,
1482 2024 1520 2080 ut
1538 2012 1649 2099 magis
1666 2018 1824 2108 conspici
1839 2021 2005 2091 beneficia
2022 2020 2129 2094 Chri·

1136 2119 1180 2189 sti
1196 2117 1342 2208 possint.
1394 2112 1475 2182 lluc
1496 2113 1646 2201 pertinet
1668 2117 1802 2187 dictum
1820 2119 1941 2195 Pauli:
1971 2124 2039 2196 Uhi
2056 2127 2128 2215 spi·

1139 2220 1231 2291 ritus
1264 2215 1430 2298 Domini,
1467 2216 1517 2283 ibi
1550 2217 1694 2287 libertas
1722 2234 1784 2293 est.
1849 2220 1881 2291 ls
1908 2227 2002 2293 enim
2025 2229 2129 2317 erigit

1136 2325 1262 2405 corda,
1299 2344 1343 2391 ne
1369 2318 1620 2408 opprimantur
1647 2324 1841 2392 terroribus
1874 2330 2024 2415 peccati,
2065 2343 2127 2399 ιιιιι

1136 2425 1216 2494 aliis
1239 2422 1454 2502 terroribus,
1488 2434 1549 2488 aut
1578 2435 1702 2492 morte.
1770 2424 1924 2517 lmpellit
1955 2431 2061 2499 etiarn
2088 2447 2128 2504 ιιι

1137 2527 1309 2616 incipiant
1331 2523 1477 2592 obedire
1496 2520 1589 2604 Deo,
1617 2525 1708 2595 sicut
1731 2527 1815 2596 alibi
1833 2529 1982 2601 dicitur:
2008 2531 2126 2621 Spiri-

1137 2644 1193 2698 tus
1218 2640 1356 2696 sanctus
1384 2625 1528 2693 adiuvat
1552 2624 1791 2699 infirmitatem
1808 2646 1975 2703 nostram.
2030 2632 2126 2706 llaec

1137 2733 1281 2801 libertas
1299 2731 1365 2798 erit
1383 2729 1517 2814 integra
1534 2741 1612 2817 post
1629 2734 1936 2815 resurrectionem.
1987 2733 2124 2808 Interea

1137 2848 1254 2903 tamen
1272 2831 1310 2897 in
1327 2827 1390 2897 hac
1404 2830 1476 2898 vita
1496 2828 1629 2896 incoari
1646 2855 1721 2899 eam
1743 2848 1899 2923 oportet,
1927 2837 1963 2903 in
1991 2839 2125 2909 exerci-

1138 2937 1195 3011 tiis
1224 2933 1302 3002 fidei
1327 2946 1360 3001 et
1381 2931 1627 3005 invocationis.
1680 2929 1726 3003 Ει
1751 2936 1788 3005 in
1807 2932 1863 3005 his
1878 2940 2053 3009 exercitiis
2069 2941 2126 3011 in,

1137 3036 1309 3126 telligitur
1331 3048 1365 3101 et
1387 3033 1529 3116 crescit,
1562 3056 1644 3101 cum
1670 3050 1906 3107 sustentamus
1930 3063 1993 3110 nos
2019 3044 2126 3112 verbo

1137 3140 1221 3222 Dei,
1251 3152 1291 3207 ut
1314 3137 1497 3233 viupamus
1520 3147 1672 3205 terrores
1697 3161 1737 3207 ac
1765 3139 1917 3208 dolores.
1975 3143 2028 3211 Hi
2051 3146 2123 3215 duo

1138 3243 1268 3333 gradus
1290 3236 1533 3326 principaliter
1556 3254 1639 3308 sunt
1662 3234 1865 3323 Christiana
1892 3243 2055 3323 libertas.
2091 3259 2126 3315 ει

1138 3345 1315 3436 pertinent
1331 3342 1373 3408 ad
1390 3342 1497 3407 vitarn
1516 3339 1736 3430 spiritualem
1758 3357 1792 3411 et
1813 3360 2010 3432 aeternam,
2036 3370 2126 3439 quae
2190 3374 2193 3380 ·

1138 3463 1254 3517 tamen
1279 3444 1317 3510 iu
1333 3438 1398 3526 hac
1416 3440 1486 3507 vita
1504 3440 1679 3511 incoanda
1706 3456 1774 3527 est,
1802 3458 1835 3515 et
1860 3468 1982 3517 cortem
2005 3449 2128 3538 cogni-

1137 3549 1188 3622 tio
1205 3568 1367 3633 magnam
1385 3544 1662 3613 consolationem
1680 3545 1748 3636 piis
1770 3547 1899 3621 adfert.

1176 3702 1179 3709 .
1239 3647 1383 3716 Tertius
1407 3646 1536 3732 gradus
1560 3661 1630 3729 est,
1658 3648 1752 3738 qnod
1773 3645 2008 3736 Evangelium
2036 3652 2126 3720 tinea

1138 3764 1279 3823 rstnos
1303 3773 1322 3815 a
1344 3747 1553 3815 ceremoniis
1578 3761 1610 3817 et
1632 3748 1834 3818 sorerrsilrus
1863 3773 1924 3820 seu
1948 3752 2128 3823 iudiciali·

1138 3856 1204 3923 bus
1220 3851 1356 3939 legibus
1370 3846 1475 3920 lliosi.
1532 3846 1601 3917 llic
1627 3851 1756 3937 gradus
1778 3851 1899 3943 aliquo
1925 3856 2030 3922 modo
2046 3879 2128 3946 per·

1139 3957 1227 4024 tinet
1252 3956 1294 4021 ad
1319 3951 1530 4019 exteriorem
1555 3951 1683 4031 vitam,
1710 3954 1769 4021 sed
1796 3948 1901 4026 habet
1925 3978 2064 4024 causam
2089 3956 2128 4025 in

1138 4055 1394 4145 superioribus.
1454 4051 1536 4119 ldoo
1554 4054 1648 4121 enim
1668 4053 1899 4141 Evangelium
1917 4080 1989 4124 non
2007 4060 2128 4149 requi·

1140 4161 1189 4229 rit
1210 4156 1427 4225 ceremonias
1450 4154 1647 4243 leviticas,
1680 4157 1763 4248 quia
1793 4157 1894 4227 docet
1929 4181 1995 4227 nos
2017 4159 2128 4230 iustos

104 4241 147 4313 sit
168 4242 369 4312 satisfactio.
429 4241 478 4313 lli
509 4265 646 4313 errores
677 4242 869 4311 necessario
896 4240 1087 4335 reprehen-
1140 4258 1391 4351 pronunciari,
1428 4281 1501 4323 110„
1527 4270 1672 4347 psopter
1701 4259 1783 4325 {1103
1808 4259 1941 4338 cultus,
1973 4274 2035 4331 aut
2057 4262 2127 4332 215,

104 4346 208 4413 ‘1²¹¹‘st
224 4357 320 4415 ⁵¹¹ssl·
932 4434 937 4441 ,
1141 4378 1259 4431 nostra
1276 4383 1402 4449 opera,
1432 4360 1492 4441 sed
1519 4360 1588 4424 fide
1613 4382 1675 4448 per
1689 4359 1968 4429 misericordiam
1985 4378 2130 4453 propter

201 4458 342 4551 Opinio
373 4461 612 4545 necessitatis,
652 4484 732 4530 cum
764 4463 910 4532 violatio
944 4475 1090 4553 putatur
1112 4466 1116 4535 l
1139 4461 1334 4533 Chr-istoru.
1385 4457 1433 4527 Et
1456 4483 1535 4527 curn
1553 4455 1788 4546 Evangelium
1811 4464 1934 4534 doceat
1955 4465 2000 4532 de
2023 4467 2129 4556 spiri-

102 4588 171 4637 esse
193 4579 373 4655 peccatum
399 4565 555 4638 mortale,
617 4561 720 4633 llauc
751 4566 958 4654 opinionem
982 4567 1091 4653 etiam·
1112 4550 1116 4649 l
1140 4568 1226 4637 urali
1243 4579 1278 4635 et
1298 4576 1463 4652 perpetua
1483 4560 1620 4627 iusticia
1637 4562 1770 4640 cordis,
1797 4586 1870 4631 non
1893 4566 2043 4657 requirit
2065 4594 2130 4658 pn·

101 4669 246 4737 damnat
267 4664 527 4755 Evangelium,
556 4666 651 4733 iuxta
677 4666 783 4733 illud:
811 4666 922 4735 Nemo
947 4690 1009 4735 vos
1032 4690 1088 4733 ar·
1112 4656 1116 4757 l
1140 4669 1272 4746 litium,
1308 4679 1342 4733 et
1368 4664 1459 4749 leges
1483 4663 1638 4745 forenses
1667 4662 1783 4746 Mori,
1818 4669 1876 4734 sed
1904 4670 2066 4738 coneedit
2091 4673 2128 4740 in

100 4784 181 4858 guat
210 4770 249 4837 in
273 4771 371 4851 cibo,
402 4781 489 4857 potu
514 4782 578 4840 etc.
638 4765 872 4836 sentiendum
899 4783 947 4837 est
971 4770 1089 4856 igitur,
1112 4762 1116 4825 l
1140 4764 1206 4836 hae
1225 4767 1296 4835 vita
1312 4764 1484 4853 corporali
1500 4764 1552 4831 uti
1572 4765 1708 4852 legibus
1728 4769 1891 4837 omrrium
1913 4770 2130 4858 politiarum,

101 4874 196 4963 qsrnd
213 4867 448 4955 Evangelium
472 4870 690 4938 ordinaverit
714 4865 804 4937 hanc
829 4872 1024 4939 libertatem
1051 4871 1090 4936 in
1112 4870 1117 4945 l
1142 4872 1180 4938 iu
1208 4869 1337 4959 quibus
1360 4866 1533 4950 vivimus,
1573 4869 1680 4937 modo
1707 4883 1748 4939 ut
1780 4869 1852 4939 sint
1875 4885 2130 4941 consentaneae

101 4975 163 5057 iis,
188 4997 282 5066 quae
305 4987 388 5041 suut
412 4996 574 5039 concessa
599 4974 708 5041 verbo
735 4972 822 5054 Dei,
854 4996 918 5041 nec
945 4974 1028 5040 velit
1052 4973 1090 5039 in
1142 4971 1290 5052 rationi,
1317 4971 1414 5037 sicut
1445 4969 1607 5038 concedit
1636 4971 1796 5041 omnium
1823 4972 1980 5061 gentium
2009 4968 2130 5042 archi.

103 5078 234 5147 talibus
258 5076 435 5144 iusticiam
466 5089 527 5142 out
551 5086 730 5162 peccatum
754 5073 936 5146 constitui.
994 5072 1091 5161 Haec
1144 5071 1314 5143 tectonica
1333 5083 1392 5138 aut
1411 5070 1587 5139 medicina
1604 5073 1669 5141 uti.

104 5200 231 5267 genera
249 5177 482 5247 traditionum
498 5174 700 5245 meminisse
719 5177 880 5261 prodest,
904 5189 942 5243 nt
959 5174 1093 5245 sciatur
1244 5173 1314 5243 Sed
1345 5168 1403 5239 hic
1431 5185 1577 5263 quaerat
1602 5172 1749 5264 aliquis:
1781 5168 2130 5263 Crrm.Evangelium

100 5277 1092 5375 quomodoreiicianturtraditiones,autquarum'usus
1145 5277 1289 5362 abroget
1315 5276 1424 5359 legem
1448 5272 1566 5356 ltlosi,
1606 5298 1670 5342 cur
1702 5298 1773 5340 uon
1799 5273 1905 5342 etiam
1926 5277 2132 5365 decalogum

101 5381 253 5453 retineri
275 5381 396 5469 possit.

156 5488 348 5553 llsrsrre.
366 5484 470 5551 Ores.
498 5478 585 5553 Vos.
601 5484 683 5556 XV.
756 5452 762 5463 Ι

1145 5376 1317 5467 abrogati
1347 5375 1553 5467 praesertim
1574 5396 1660 5543 ἔξω
1686 5375 1747 5442 illa
1771 5395 1852 5464 pars
1875 5373 1963 5465 legis
1977 5378 2021 5449 sit
2037 5381 2132 5449 dilli-
