4522 5782
173 150 250 266 ιιι
515 120 524 285 J
758 177 886 257 ιιιιιι
910 166 1266 257 nun-semera
1292 177 1592 258 rxauurrca
2061 206 2070 212 -
2111 138 2213 255 ἰιι

179 374 341 432 monium
357 351 609 432 conscientiae
635 345 704 421 hoc
723 350 809 419 alias
825 352 1032 423 declaratur
1070 349 1169 424 Rur—
1194 356 1322 499 pin·
1285 356 1382 476 vulgi
1402 376 1576 426 concursu
1592 353 1669 428 Rex
1695 352 1949 446 appellaretur,
1973 374 2083 445 eaque
2105 375 2213 423 exre

184 459 390 549 susglorro
416 457 545 537 idest,
569 453 742 540 gloriosae
767 454 1172 539 functiones,srnevo·
1222 459 1601 551 perniciositumultus
1624 457 1814 528 orirentur.
1866 452 2040 545 Discipuli
2063 477 2149 524 vero
2173 476 2213 525 se

182 563 341 638 catione,
364 580 436 627 nou
459 566 541 624 scint
562 557 788 646 appetendae.
841 555 948 625 Nec
938 557 1174 645 imaginemur
1223 563 1267 630 ad
1286 583 1393 629 naves
1407 560 1603 652 recipiunt
1628 572 1668 630 ut
1692 558 1741 627 rbi
1759 559 1948 641 ruberent
1974 569 2007 626 et
2024 555 2212 625 dommum

185 688 251 737 rsus
267 661 396 731 nostris
414 659 548 727 viribus
570 681 626 727 res
647 657 816 725 salutares
839 679 979 744 gerere,
1007 660 1067 726 sed
1083 681 1174 727 scra
1224 674 1465 753 expectarent,
1489 663 1632 731 taudem
1651 660 1867 753 quiaisnor's
1889 659 2004 743 adest,
2036 680 2117 726 cum
2141 657 2213 726 iam

180 790 266 836 ¹snus
291 786 412 831 verum
436 783 527 843 esse,
551 758 647 850 quud
665 758 715 826 ait
731 753 911 828 Christus:
937 758 1023 829 Sine
1047 781 1102 827 me
1117 757 1175 825 ni·
1224 765 1390 833 tenebrae
1405 765 1693 847 intenderentur,
1717 759 1882 851 Apostoli
1900 759 2033 827 flumen
2050 759 2214 828 traiicere

185 863 241 938 hil
267 864 411 957 potestis
432 863 555 933 lacere.
604 855 700 929 Est
691 860 799 948 igitur
822 860 987 950 superbia
1010 874 1174 949 appetere
1226 864 1420 956 incipiunt,
1453 863 1635 934 redituri
1626 888 1665 930 ιιι
1688 864 1859 954 oppidum
1882 857 2126 950 Capernaum,
2164 859 2217 928 si-

187 964 431 1039 functiones
404 987 479 1034 sme
500 961 704 1079 vocatione,
730 962 815 1032 rtem
832 960 1007 1031 confidere
1022 985 1176 1053 proprus
1226 979 1302 1036 tum
1325 967 1363 1032 in
1387 967 1464 1055 ripa
1485 964 1689 1038 meridiana
1754 962 1887 1033 Vident
1909 973 2026 1031 autem
2045 960 2217 1030 advenire

189 1069 337 1139 viribus.
616 1101 619 1107 ·
1227 1063 1409 1137 Christum
1438 1089 1542 1156 supra
1566 1066 1702 1134 flumen
1733 1066 2008 1154 ingredientem,
2041 1085 2121 1131 cum
2143 1063 2215 1131 iam

291 1164 551 1237 Hinciudicari
573 1174 704 1254 potest,
730 1175 895 1253 cognatas
920 1165 1066 1235 virtutes
1092 1187 1177 1249 esse,
1227 1170 1328 1238 navis
1347 1182 1511 1260 provecta
1534 1181 1622 1236 esset
1646 1168 1758 1238 stadia
1781 1166 1943 1255 triginta,
1977 1164 2109 1248 idest,
2140 1166 2216 1233 lere

190 1270 449 1351 humilitatem,
488 1280 522 1336 et
546 1266 678 1355 gloriae
700 1266 970 1359 appetitionem,
1005 1266 1094 1336 sicut
1118 1290 1178 1335 co·
1228 1269 1365 1339 miliare
1390 1269 1642 1360 germanicum.
1699 1267 1823 1358 Cogita
1848 1290 1929 1356 ergo
1953 1290 2058 1357 quam
2081 1265 2219 1336 multae

184 1389 318 1465 gnatae
334 1381 418 1439 sunt
431 1390 647 1458 parsimonia
665 1379 698 1436 et
714 1367 926 1450 liberalitas
953 1381 987 1437 et
1003 1380 1177 1460 utranque
1229 1394 1376 1460 magnae
1399 1372 1546 1440 virtutes
1570 1385 1804 1455 concurrunt,
1838 1366 1978 1451 docuit,
2004 1368 2217 1437 sanavitae-

192 1478 288 1545 lnlet'
302 1467 388 1539 haec
404 1483 557 1537 extrema
579 1468 731 1552 versari,
765 1469 859 1537 mter
876 1491 1051 1556 ignaviam
1070 1482 1103 1538 et
1119 1491 1179 1537 su
1229 1487 1365 1563 grotos,
1406 1474 1503 1564 pavit
1524 1471 1747 1564 populum
1719 1494 1797 1540 sine
1821 1469 1938 1562 aliqua
1957 1490 2078 1537 rerum
2102 1460 2218 1559 copia,

185 1575 367 1670 perbiam.
433 1570 573 1643 Dicitur
609 1583 728 1638 autem
761 1565 963 1654 humilitas,
1005 1584 1178 1687 quatenus
1230 1575 1387 1660 secessit,
1412 1598 1456 1644 ne
1470 1571 1549 1645 Rex
1564 1571 1818 1664 appellaretur,
1849 1593 1947 1639 nunc
1962 1570 2093 1641 incedit
2108 1591 2218 1661 supra

195 1702 270 1747 non
288 1672 421 1766 appetit
435 1670 679 1741 functiones'
652 1694 727 1739 sine
744 1671 946 1761 vocatione,
973 1685 1007 1740 et
1023 1672 1181 1760 agnoscit
1230 1676 1379 1745 llumen.

197 1802 299 1848 suam
325 1774 586 1861 infirmitatem,
620 1786 654 1840 et
674 1796 747 1839 non
770 1772 914 1842 confidit
938 1773 1011 1842 suis
1032 1772 1180 1845 viribus.
1332 1775 1509 1845 Postridie
1525 1799 1628 1844 mane
1643 1774 1742 1845 venit
1756 1775 1908 1864 populus
1925 1773 1969 1841 ιι1
1987 1795 2085 1840 suam
2101 1770 2218 1861 ripam

187 1877 325 1949 Gloria
355 1898 439 1942 vero
461 1873 591 1941 dicitur
622 1887 795 1965 quatenus
825 1874 1044 1964 obtemperat
1075 1898 1181 1943 voca·
1232 1876 1418 1961 Arctoam,
1443 1901 1593 1968 cumque
1615 1877 1743 1945 scirent
1757 1874 1939 1945 Christum
1965 1897 2038 1942 non
2057 1864 2219 1949 avectum

130 2012 136 2023 1
196 1980 325 2052 tioni.
352 1971 449 2064 Ergo
469 1969 632 2044 Christus
653 1986 746 2042 recte
768 1987 802 2044 et
823 1976 899 2044 siue
922 1975 1122 2064 arrogantia
1137 1978 1181 2044 de
1232 2001 1406 2049 esserum
1430 1975 1629 2069 Apostolis‚
1667 1978 1858 2047 neealiam
1884 1977 1935 2045 ibi
1960 1998 2084 2044 navem
2110 1973 2221 2043 fuisse

198 2105 235 2153 se
253 2077 447 2171 praedicat:
476 2070 553 2164 Ego
571 2099 649 2144 sum
666 2075 726 2143 lux
751 2088 787 2144 et
808 2076 898 2160 vita,
924 2078 1007 2169 quia
1022 2078 1181 2167 oportuit
1232 2093 1371 2172 praeter
1392 2103 1518 2163 unam,
1544 2103 1614 2172 qua
1640 2093 1740 2150 erant
1763 2103 1817 2148 usr
1807 2077 2016 2169 Apostoli,
2042 2075 2220 2145 mirantur

197 2205 279 2252 eum
300 2178 478 2268 declarare
503 2200 601 2246 suam
617 2178 858 2257 vocationem,
886 2183 975 2270 quae
995 2177 1099 2266 louge
1122 2202 1181 2247 su·
1232 2206 1302 2274 quo
1315 2176 1477 2251 Christus
1492 2181 1706 2260 discesserit,
1734 2204 1884 2272 cumque
1906 2179 2091 2260 dubitant,
2116 2177 2218 2245 vide-

196 2283 343 2376 perabat
372 2281 492 2347 omnia
528 2301 634 2366 regna
662 2280 853 2346 mundana.
919 2278 1040 2368 Longe
1069 2281 1182 2348 maior
1233 2295 1291 2353 tur
1306 2282 1629 2350 commodissimum
1646 2281 1956 2373 sequiApostolos,
1980 2295 2013 2349 et
2030 2301 2112 2346 casu
2129 2277 2219 2349 aliae

199 2384 312 2475 glorta
332 2393 406 2450 erat
421 2378 490 2448 dict
510 2393 668 2448 autorem
692 2379 871 2464 iustitiae,
905 2394 940 2450 et
960 2382 1053 2449 vitae
1069 2395 1182 2451 aeter
1232 2406 1339 2452 naves
1357 2387 1400 2451 ad
1418 2408 1494 2452 ιιιιιιι
1512 2407 1626 2473 ripam
1648 2383 1837 2474 applicant,
1863 2406 1953 2475 quae
1969 2377 2220 2473 exTyberiade

191 2508 285 2568 uae,
317 2504 423 2575 quarn
457 2479 527 2549 dici
550 2479 750 2568 Augustum
775 2478 1025 2598 Imperatorem
1057 2482 1183 2573 populi
1232 2498 1414 2557 venerant.
1593 2550 1598 2559 ,

198 2583 367 2658 Romani.
418 2579 557 2653 Rursus
584 2594 694 2661 recte,
726 2594 759 2650 et
786 2583 862 2651 siue
886 2583 1113 2653 simulatione
1138 2585 1182 2652 dc
1334 2584 1496 2679 Cumque
1523 2583 1673 2653 veniunt
1697 2581 1741 2649 ad
1758 2573 1957 2664 Christum
1983 2602 2139 2669 primum
2154 2580 2220 2651 ob-

200 2709 237 2756 se
253 2685 449 2777 praedicat
474 2707 552 2751 cum
571 2682 636 2750 art
662 2679 738 2769 Ego
755 2678 992 2753 sumhumrlrs
1008 2688 1123 2769 corde,
1149 2698 1183 2754 et
1234 2688 1439 2776 iurgautur‚
1483 2688 1578 2779 quod
1608 2708 1682 2752 non
1714 2696 1885 2773 quaerant
1917 2682 2065 2768 gloriam
2092 2679 2159 2751 Dei
2185 2696 2219 2753 ct

201 2811 325 2857 revera
343 2785 506 2854 excelluit
524 2778 687 2852 Christus
712 2779 775 2852 hac
791 2785 940 2870 virtute,
966 2810 1055 2878 quae
1079 2810 1183 2855 voca·
1234 2791 1328 2859 bona
1344 2803 1503 2866 aeterna
1528 2789 1589 2855 sed
1606 2782 1801 2874 praesentia
1817 2787 2014 2862 commoda
2040 2782 2130 2852 sicut
2146 2807 2218 2853 uu

193 2903 260 2960 tur
274 2882 475 2967 humilitas,
501 2908 623 2954 omnes
639 2886 779 2973 angelos
806 2899 839 2955 et
860 2910 982 2956 omnes
1011 2883 1184 2972 homines,
1233 2904 1345 2961 tatum
1363 2905 1413 2959 est
1431 2885 1514 2959 huic
1529 2889 1676 2957 miserae
1701 2900 1735 2955 et
1751 2885 1910 2952 infirmae
1932 2899 2078 2953 naturae
2101 2880 2219 2953 bomi-

202 2989 285 3083 quia
304 2989 378 3079 ipse
394 2988 545 3078 perfecte
568 2984 667 3055 novit
688 2998 869 3056 aeternum
894 3003 1049 3079 patrem,
1076 3014 1184 3081 quare
1233 3015 1339 3075 num,
1371 2993 1482 3080 magis
1507 2990 1587 3077 angi
1606 2992 1648 3056 de
1666 2987 1780 3069 victu,
1806 2987 1849 3053 de
1867 2986 2125 3078 tranquillitate
2140 3010 2219 3056 cor·

131 3100 133 3114 '
199 3091 352 3184 perfecte
375 3111 410 3156 se
435 3088 469 3155 ei
498 3087 658 3168 subiicit,
705 3101 740 3158 et
768 3088 909 3177 longius
933 3113 968 3158 se
989 3089 1081 3158 inira
1103 3113 1183 3160 eum
1234 3095 1349 3184 ροιίι,
1386 3093 1557 3185 quam'de
1580 3089 1690 3179 gloria
1714 3085 1781 3155 Dei
1808 3100 1842 3156 et
1864 3090 1907 3156 de
1931 3088 2035 3154 bonis
2056 3087 2219 3168 aeternis,

200 3192 339 3274 abiicit,
382 3188 549 3276 intelligit
579 3187 688 3277 magis
717 3190 838 3258 deberi
870 3190 901 3260 ei
932 3191 1184 3276 obedientiam,
1235 3195 1326 3264 sicut
1347 3190 1441 3264 Esau
1469 3193 1636 3285 praetulit
1665 3187 1811 3259 offam
1800 3188 1872 3256 ruri
1905 3189 2223 3278 primogeniturae,

203 3317 311 3385 quam
336 3292 541 3378 intelligunt
566 3311 689 3359 omnes
715 3291 830 3379 angeli
858 3305 892 3362 et
913 3315 1035 3361 omues
1067 3287 1184 3360 homi·
1236 3290 1304 3364 hoc
1326 3309 1394 3380 est,
1426 3292 1633 3373 sacerdotii,
1674 3292 1870 3384 quoderat
1897 3290 2134 3417 ministerium
2164 3290 2218 3359 di-

92 3458 93 3461 ,
201 3415 285 3477 nes,
314 3415 379 3461 nec
410 3391 558 3481 despicit
586 3390 654 3458 alia
685 3414 814 3480 organa
838 3389 923 3477 Dei,
957 3394 1018 3462 sed
1048 3393 1185 3483 ingenti
1236 3398 1372 3468 viuum.
2061 3398 2067 3425 ‘

203 3518 323 3565 amore
341 3493 601 3583 complectitur
629 3492 773 3563 adiuvat
787 3506 963 3563 ettuetur
1251 3536 1254 3540 ·
1338 3496 1542 3589 Proponit
1532 3493 1641 3584 igitur
1664 3492 1966 3584 propositionem,
1993 3514 2083 3583 quae
2104 3493 2218 3562 contr

307 3591 403 3662 Haec
427 3594 511 3663 satis
542 3593 588 3692 sit
621 3593 776 3662 breviter
806 3595 978 3685 attigisse,
1016 3607 1057 3666 ut
1085 3619 1185 3666 veras
1235 3610 1298 3670 net
1322 3600 1602 3688 obiurgationem
1631 3602 1665 3669 et
1688 3596 1897 3665 doctrinam.
1946 3591 2073 3662 Parate
2095 3593 2216 3663 cibum

204 3717 325 3766 causas
350 3694 557 3782 cogitemus,
593 3717 656 3764 cur
677 3695 805 3783 fugerit
826 3692 1009 3781 Christus,
1042 3697 1185 3780 scilicet,
1236 3724 1310 3769 non
1332 3701 1547 3791 periturum,
1587 3699 1646 3767 sed
1678 3710 1878 3765 manentem
1909 3694 1946 3760 in
1973 3694 2080 3764 vitam
2106 3707 2219 3765 aeter·

202 3798 287 3891 quia
305 3797 439 3866 vocatio
456 3798 530 3864 eius
549 3818 622 3863 non
643 3795 780 3867 sinebat
794 3821 874 3869 eum
890 3798 986 3887 regio
1006 3823 1105 3868 more
1120 3800 1185 3868 do·
1235 3825 1331 3892 nam,
1358 3826 1461 3894 quem
1478 3800 1572 3869 filius
1588 3797 1742 3869 hominis
1758 3797 1857 3867 dabit
1872 3794 1985 3876 vobis,
2012 3790 2108 3864 hunc
2125 3797 2218 3865 enim

202 3898 351 3967 minari:
380 3899 459 3966 rdeo
477 3896 606 3984 singuli
625 3897 780 3980 discant
808 3900 892 3990 qnid
915 3923 1056 3990 propria
1076 3924 1183 3971 voca
1237 3917 1336 3994 pater
1359 3903 1509 3992 signavit
1532 3900 1637 3975 Deus.
1697 3899 1856 3968 Primum
1880 3899 1925 3964 de
1949 3919 2098 3985 persona
2122 3898 2220 3981 dicit,

199 3999 253 4070 tro
271 4001 434 4091 postulet
473 3995 576 4066 Hanc
593 3998 773 4086 regulam
764 4024 832 4067 ram
850 4001 936 4068 olim
954 4001 1185 4090 neglexerunt
1237 4005 1317 4098 quis
1338 4005 1392 4073 sit.
1442 4002 1580 4073 Deinde
1602 4002 1746 4092 exponit
1769 3999 1909 4092 qualem
1931 3998 2049 4066 cibum
2072 3999 2219 4070 daturus

202 4097 392 4218 Episcopi,
419 4115 451 4168 et
472 4099 603 4187 primae
623 4099 816 4170 vocationis
835 4102 957 4181 obtm
982 4115 1016 4172 et
1028 4103 1185 4192 neglecto
1238 4106 1301 4189 sit,
1328 4122 1361 4175 et
1375 4120 1522 4176 testatur
1535 4129 1572 4174 se
1588 4128 1661 4172 esse
1677 4103 1843 4173 Messinm
1864 4102 2021 4168 datorem
2044 4100 2138 4168 vitae
2160 4123 2218 4169 ae·

202 4201 400 4270 ministerio
421 4198 626 4288 Evangelii,
652 4223 721 4268 iam
738 4214 875 4271 tantum
898 4217 1024 4292 regunt
1037 4227 1185 4294 imperra
1236 4221 1373 4292 ternae,
1399 4233 1438 4276 ac
1457 4207 1548 4276 clare
1564 4207 1692 4275 relutat
1715 4225 1975 4295 persuasionem
1992 4200 2219 4285 Iudaeorum,

200 4304 405 4386 mundana,
432 4315 464 4369 et
482 4315 666 4393 postquam
681 4301 841 4372 doctrina
866 4315 1012 4394 propter
1035 4329 1186 4399 occupa·
1237 4310 1298 4402 qui
1323 4310 1581 4400 expectabant
1572 4307 1759 4398 imperium
1785 4303 1929 4386 mundi,
1955 4326 2019 4371 nec
2042 4303 2219 4393 intellige·

201 4403 311 4471 tronis
328 4427 554 4493 imperiorum
572 4403 727 4490 neglecta
749 4416 817 4486 est,
846 4406 965 4492 magni
987 4429 1125 4476 errores
1147 4409 1184 4476 in
1236 4413 1342 4495 bant,
1382 4435 1447 4480 nec
1477 4409 1684 4500 expetebant
1714 4407 1956 4476 remissionem
1985 4415 2220 4493 peccatorum,

201 4498 649 4593 Ecclesiamirrepserunt,
675 4516 708 4574 et
724 4505 836 4575 multa
850 4506 941 4574 mala
958 4523 1186 4579 accesserunt
1237 4512 1434 4591 iusticiam,
1460 4512 1569 4580 vitam
1586 4523 1773 4580 aeternam
1809 4506 1891 4576 Dun
1908 4519 2025 4575 autem
2040 4528 2218 4597 principio

202 4601 367 4723 Quorum
400 4603 679 4694 magnitudinem
702 4619 736 4674 et
760 4630 889 4697 poenas
919 4610 1081 4680 ostendet
1110 4611 1185 4678 dies
1237 4614 1508 4713 descriptionem
1531 4633 1700 4704 personae
1729 4609 1985 4678 observandam
2016 4629 2102 4681 esse.
2135 4608 2217 4677 Ait

201 4705 435 4792 novissimus,
473 4710 508 4778 e't
531 4700 616 4774 haec
643 4721 782 4797 peccata
805 4709 894 4779 alias
918 4732 1020 4802 saepe
1038 4725 1072 4781 et
1094 4714 1185 4782 iuste
1235 4739 1271 4785 se
1286 4716 1521 4803 obsignatum
1531 4725 1683 4805 apatre,
1709 4711 1857 4779 omnino
1881 4708 2069 4796 singularis
2084 4710 2219 4778 desen

200 4817 374 4881 texantur.
1236 4819 1310 4909 ptio
1333 4831 1402 4901 est,
1437 4816 1634 4901 significans
1658 4815 1751 4896 duo,
1775 4812 1957 4894 videlicet,
1982 4805 2076 4879 hanc
2097 4835 2219 4931 peraq-

1235 4943 1316 4988 uam
1335 4919 1543 4988 destinatam
1558 4940 1630 4985 esse
1645 4918 1689 4984 ad
1705 4928 1838 4985 certum
1855 4935 1985 4982 munus
2002 4935 2083 5000 prae
2098 4912 2219 4982 omni·

1234 5022 1300 5093 bus
1323 5016 1550 5103 bominibus,
1593 5031 1627 5088 et
1651 5031 1811 5087 ornatam
1835 5014 2073 5103 singularibus
2098 5014 2218 5106 donis,

1233 5123 1363 5216 quibus
1377 5120 1560 5191 antecellat
1575 5142 1699 5189 omues
1714 5103 1885 5187 homines.

267 5207 447 5293 Historica
488 5213 772 5298 considerentur,
830 5216 1021 5311 reliquerat
1070 5232 1180 5292 totam
1335 5222 1442 5313 Quod
1468 5223 1561 5291 enim
1585 5216 1643 5291 hie
1665 5220 1811 5289 dicitur:
1853 5213 2094 5304 obsignatus,
2120 5215 2216 5286 idiu

193 5310 460 5385 multitudinem
483 5310 667 5401 Christus,
699 5329 733 5387 et
756 5333 944 5391 secesserat
967 5322 1108 5419 aliquo,
1133 5348 1209 5400 ne
1231 5314 1371 5399 Psalmo
1403 5338 1438 5398 et
1473 5326 1567 5418 apud
1597 5319 1740 5394 Esaiam
1770 5334 1806 5391 et
1832 5317 2039 5406 Danielem,
2085 5318 2221 5392 dicitur

208 4955 211 4959 ’
247 4965 452 5070 Postquam
476 4980 597 5043 autem
621 4994 702 5042 seru
725 4971 970 5071 factumest,
996 4971 1184 5048 descende-

299 5083 385 5144 runt
402 5072 595 5172 discipuli,
622 5083 684 5148 etc.
