4522 5782
80 204 162 285 ⁰26
290 138 397 283 Xlll.)
424 207 460 283 d.
485 194 792 303 manaarto
813 203 968 283 setar.
994 197 1144 279 PAULI
1169 196 1239 271 AD
1263 198 1527 282 ROMANOS.
1584 211 1694 290 CAP«
1717 217 1821 295 xtv.
1988 232 2092 312 1020

80 373 240 451 ‚barim
267 381 312 449 de
343 376 417 449 wi,
446 376 626 449 mrffiffig
651 388 685 449 eg
713 377 843 450 ,ἥξω
872 375 1044 470 ῑωῃςῑῃῃ.
1100 384 1203 442 vatur
1228 371 1361 443 Daniel
1396 374 1492 449 inter
1526 379 1656 455 leones.
1703 385 1753 459 Hi
1786 408 1870 469 sunt
1903 378 2085 501 praecipui

81 497 202 555 amur·
496 567 505 581 ‚
776 498 781 503 ·
1098 475 1245 561 gradus,
1284 490 1316 542 et
1338 477 1491 564 gloriosa
1514 483 1676 569 libertas,
1716 493 1761 561 de
1783 521 1852 588 qna
1876 499 1913 569 in
1937 504 2083 579 invoca·

158 583 345 668 seeundo,
370 580 590 669 extinguitur
602 581 663 651 lux
685 584 729 652 de
744 581 949 652 discrimine
965 606 1045 652 nm·
1097 576 1194 644 tione
1209 577 1369 668 quotidie
1386 581 1611 670 cogitandum
1630 604 1698 674 est,
1730 601 1822 665 etde
1842 595 1897 670 bis
1912 610 2081 692 gradibus

80 709 201 755 rarum
233 697 457 754 externarum
491 697 524 753 et
555 684 724 753 novitatis
761 685 926 776 spiritus,
974 709 1042 776 qna
1095 679 1281 768 praecipue
1306 681 1451 753 dicitnr:
1478 682 1519 755 si
1542 711 1603 757 vos
1625 691 1718 763 lilius
1741 696 1962 790 liberaverit,
1996 735 2078 783 vere

80 786 218 856 enversi
244 788 286 853 ad
306 783 422 854 Deum
445 783 651 854 efficiuntur
673 787 803 881 templa
820 782 899 859 Dei.
952 783 1041 854 Cum
1094 778 1199 848 liberi
1221 781 1331 853 trillt·

80 902 172 959 mem
188 888 327 980 obrepit
344 885 487 975 opinio,
513 884 605 955 ritus
629 888 858 966 monasticus,
889 889 1041 957 coeliba-
1195 878 1339 951 Tertius
1361 886 1490 971 gradus
1512 900 1563 958 est
1587 890 1751 967 liberatio
1773 903 1933 991 apolitia
1951 906 2074 999 Moisi,

80 1014 132 1059 ‚m
155 1042 165 1073 ⁹
189 991 307 1078 sugam
334 988 498 1057 laborum
523 987 766 1056 communium
793 988 831 1056 in
856 988 1040 1081 visapnti.
1093 979 1255 1051 videlicet
1296 1009 1314 1050 a
1350 989 1560 1057 ceremoniis
1585 991 1753 1069 Mosaicis
1787 1018 1822 1073 et
1857 1006 1993 1093 legibus
2023 1015 2079 1085 lo-

81 1114 142 1174 ca,
170 1089 358 1160 dicrimine
372 1089 553 1167 ciborum,
579 1110 651 1157 esse
678 1091 793 1160 cultus
815 1088 880 1160 Dei
908 1105 940 1160 et
958 1113 1042 1182 per.
1092 1084 1255 1152 rensibus
1271 1082 1398 1155 Moisi:
1434 1090 1517 1182 quia
1535 1088 1669 1165 Christi
1690 1122 1836 1190 regnum
1863 1122 1915 1178 est
1936 1113 2077 1184 restitu-

80 1195 262 1280 ettonem,
305 1192 541 1260 obscurantur
562 1191 635 1258 veri
659 1192 792 1272 cultus,
825 1191 886 1284 qni
910 1193 1039 1261 debent
1090 1183 1141 1253 tio
1163 1185 1254 1254 vitae
1283 1204 1444 1259 aeternae
1470 1203 1503 1260 et
1534 1192 1692 1268 iusticiae
1722 1218 1907 1298 aeternae,
1942 1214 2078 1287 abolito

80 1316 128 1363 see
154 1294 193 1361 in
216 1292 341 1372 corde,
389 1293 515 1379 timor,
565 1292 670 1373 tides,
711 1292 900 1383 patientia,
940 1317 1039 1385 spes,
1089 1300 1232 1375 peccato
1254 1300 1431 1365 etmorte.
1491 1289 1658 1367 lncoatur
1680 1316 1796 1374 sotem
1822 1303 1891 1379 boc
1913 1335 2078 1404 regnum,

79 1394 196 1465 ntitas
215 1392 429 1479 coniugalis,
465 1391 575 1463 etalii
593 1393 897 1481 sructusspiritus.
1031 1466 1035 1473 ¹
1089 1390 1233 1476 qtrando
1257 1389 1410 1480 primum
1433 1392 1529 1464 filius
1555 1397 1727 1488 mittitur,
1762 1410 1974 1496 patefaciens
1991 1441 2078 1508 pro·

156 1493 626 1575 Tertio,deletnrdoctrina
643 1497 687 1563 de
703 1495 932 1566 distinctione
949 1517 1035 1581 ope.
1091 1488 1315 1558 missionem:
1356 1492 1485 1562 Semen
1518 1498 1677 1569 mulieris
1718 1511 1939 1584 conculcabit
1972 1533 2077 1609 ceput

80 1620 154 1675 rm,
203 1620 282 1667 cum
305 1582 534 1665 Ceremoniae
557 1598 804 1665 anteferuntur
827 1597 1036 1683 operibusa
1093 1591 1275 1679 serpentis.
1344 1589 1414 1662 Hic
1439 1594 1684 1672 filiusdeinde
1706 1628 1844 1699 semper
1870 1627 1920 1683 est
1952 1618 2075 1690 efficax

82 1725 125 1766 eo
153 1697 348 1776 mandatis,
383 1693 603 1767 „monachi
629 1697 1035 1784 praetulemngguogri.
1094 1714 1157 1783 per
1173 1692 1409 1763 ministerium
1424 1691 1628 1786 Evangelii,
1655 1718 1688 1773 et
1704 1704 1841 1797 Spiritu
1856 1730 1977 1788 sancto
1997 1744 2075 1791 mo-

80 1823 105 1868 s
128 1799 295 1887 coningio
318 1809 353 1867 et
375 1797 501 1866 officiis
526 1797 689 1887 politicis.
1096 1805 1153 1861 vet
1167 1806 1201 1861 et
1217 1794 1399 1864 confirmat
1414 1800 1609 1869 credentes:
1634 1817 1667 1875 et
1685 1800 1770 1879 haec
1793 1835 1960 1903 persona,
1976 1819 2076 1892 Deus

153 1899 312 1988 Quam,
345 1900 485 1989 obrepit
506 1896 629 1988 opinio
661 1898 905 1983 Necessitatis,
945 1922 1035 1992 quae
1090 1907 1123 1962 et
1141 1887 1266 1977 borno,
1293 1910 1344 1964 est
1365 1913 1468 1988 caput
1484 1898 1679 1985 Ecclesiae,
1712 1924 1745 1980 et
1762 1936 1824 2002 pec
1842 1909 1933 1986 hanc
1952 1942 2075 2011 perso·

80 2016 101 2072 t
135 2003 330 2092 periculosa
362 2000 565 2069 carnificina
598 2002 913 2085 conscientiarum,
955 2025 1035 2070 eum
1088 2017 1170 2062 nam
1189 1993 1392 2065 immediate
1408 1997 1446 2067 fit
1466 2003 1684 2075 resuscitatio
1706 2002 1951 2104 mortuorum,
1981 2020 2075 2094 sicut

80 2105 149 2171 aim
179 2103 379 2173 observatio
411 2097 649 2172 humanorum
681 2103 815 2172 rituum
842 2102 1037 2172 necessaria
1088 2092 1220 2164 Paulus
1244 2095 1362 2188 inquit
1385 2096 1597 2179 tcortnth.
1616 2101 1692 2177 15.:
1718 2107 1910 2206 Postquam
1928 2115 2074 2209 perho-

82 2228 124 2275 se
153 2218 322 2295 putatur,
360 2217 497 2272 mentes
517 2216 704 2293 occupatae
729 2198 793 2273 hac
817 2217 914 2274 tauta
936 2226 1038 2288 cura,
1088 2197 1220 2265 minem
1246 2221 1360 2280 mors,
1387 2200 1492 2271 etiam
1516 2227 1580 2293 per
1600 2201 1781 2281 hominem
1798 2216 1837 2286 tit
1853 2220 2074 2303 resuscitatio

80 2307 300 2397 opediuntur
318 2305 356 2373 in
372 2306 452 2375 aliis
468 2304 672 2376 necessariis
687 2306 813 2386 rebus,
838 2328 902 2374 nec
916 2318 1036 2375 tamen
1087 2309 1322 2372 m0r1110rum·
1373 2299 1483 2387 ¹¹3⁰,
1513 2302 1691 2381 D⁰mlssu³
1715 2313 1849 2408 inquit:
1876 2317 1997 2393 Omne
2017 2323 2075 2395 lu·

80 2430 176 2477 unes
202 2409 292 2478 ritus
314 2430 453 2497 semper
474 2407 675 2476 observant.
725 2401 874 2477 Etcum
900 2407 1038 2496 fingunt
1088 2399 1220 2469 ditium
1246 2400 1346 2471 dedii
1367 2402 1453 2476 filim
1798 2468 1805 2483 ν

80 2522 312 2602 espectet&
355 2507 549 2600 impeditur
577 2507 773 2593 invocatio,
814 2508 944 2577 deinde
968 2502 1036 2576 hoc
1189 2496 1253 2570 Est
1269 2501 1538 2590 igitucMessiae
1554 2530 1702 2598 regnum
1722 2512 1827 2605 longe
1845 2518 2073 2616 aliud,qnsm

83 2635 169 2682 ,um
195 2624 246 2680 eet
268 2622 470 2700 peccatum,
496 2609 696 2678 existimare
715 2610 810 2703 quod
830 2607 913 2679 talia
930 2632 1037 2699 opera
1088 2602 1231 2691 politica
1247 2625 1375 2692 regna,
1399 2619 1434 2676 et
1450 2607 1629 2698 colligitur
1643 2614 1683 2681 in
1700 2608 1765 2683 hac
1782 2618 1852 2689 vita
1868 2644 1910 2690 ex
1925 2624 2076 2696 diversis

80 2727 118 2783 nt
136 2711 255 2782 cultus
271 2709 357 2795 Dei,
382 2723 416 2781 et
434 2712 528 2803 quod
545 2710 689 2780 omissio
706 2711 754 2781 sit
768 2724 961 2801 peccatum.
1088 2703 1271 2791 gentibus,
1296 2705 1359 2775 ubi
1376 2719 1458 2777 sunt
1473 2709 1633 2783 diversae
1641 2706 1821 2804 politiae,
1846 2721 1937 2792 sicut
1956 2725 2075 2819 inquit

152 2812 309 2900 Quinto,
335 2812 457 2903 opinio
480 2811 696 2881 necessitatis
713 2812 827 2901 gignit
842 2811 1037 2881 discordias
1087 2803 1423 2880 Paulus‘ColosAEn
1450 2806 1593 2882 lndnite
1617 2837 1750 2886 novum
1775 2812 1976 2910 bominem,
2011 2827 2074 2920 qui

84 2916 287 2999 sanabiles,
312 2915 404 2984 sicut
427 2913 513 2982 olim
538 2913 582 2982 de
601 2908 772 2984 Paschate
794 2914 939 2984 luerunt
962 2912 1036 2982 dis-
1088 2921 1280 2977 renovatur
1318 2909 1361 2977 ad
1399 2910 1615 2997 ³8⁰lll⁰¹¹²m
1651 2918 1844 2988 tetussduffl
1882 2920 2078 3015 lffltsslnffll

81 3019 243 3089 usiones.
1087 3008 1179 3089 eius,
1215 3008 1278 3100 qui
1306 3010 1469 3082 condidit
1491 3035 1588 3092 eum,
1624 3016 1686 3085 ubi
1716 3040 1789 3087 non
1815 3035 1865 3091 est
1902 3022 2071 3115 Graecus,

152 3117 288 3202 Sexto,
337 3117 427 3187 falso
459 3113 632 3186 tribuitur
660 3110 848 3206 Episcopis
885 3127 1037 3205 potestas
1088 3133 1152 3179 nec
1175 3107 1344 3194 ludaens,
1368 3133 1435 3179 nec
1455 3132 1599 3198 servus,
1631 3138 1699 3184 nec
1721 3117 1833 3205 liber,
1864 3127 1925 3193 sed
1949 3131 2071 3201 omnia

80 3221 228 3290 ludendi
257 3218 485 3298 traditiones,
528 3240 610 3287 cum
638 3217 808 3308 opinione
840 3217 956 3287 cultus
977 3231 1039 3288 aut
1087 3204 1559 3298 elfnomsslbssscbflflm,
1588 3214 1712 3302 idai,
1738 3222 2071 3301 d⁸ss⁸0mssl³b⁰n⁸
2119 3252 2121 3257 '

80 3320 281 3407 messim,
313 3320 452 3414 quoties
478 3319 661 3407 ignotam„
680 3340 785 3388 mu,
815 3340 903 3388 usu,
925 3317 1037 3388 eradi.
1088 3334 1153 3381 suo
1177 3312 1322 3393 merito,
1366 3311 1497 3384 scilicet
1537 3316 1779 3390 remissionem
1803 3341 2075 3412 peccatorumet

80 3449 199 3496 mum·
815 3443 820 3451 ·
1089 3414 1432 3497 reconciliationem,
1452 3428 1486 3485 et
1501 3414 1608 3488 simul
1622 3419 1780 3491 efficiens
1792 3423 1833 3493 in
1846 3429 2073 3505 credentibus

148 3521 241 3595 Cum
260 3522 368 3613 igitur
383 3543 483 3591 error
500 3521 545 3589 de
560 3518 837 3595 Traditionibns
851 3521 963 3592 multa
980 3521 1037 3589 in.
1090 3536 1219 3585 novam
1240 3514 1375 3595 lucem,
1408 3515 1584 3586 iusticiam
1604 3534 1640 3591 et
1661 3521 1782 3598 vitam.

80 3628 235 3696 tmmoda
264 3624 396 3717 pariat,
436 3643 575 3691 necesse
599 3621 715 3691 estin
738 3618 896 3692 Ecclesia
921 3636 1037 3693 extare
1190 3612 1286 3686 Ηόθῦ
1317 3616 1498 3686 distinctio
1523 3619 1623 3708 ‘²8⁰5
1645 3616 1779 3694 Chflffl
1803 3640 1840 3697 el
1865 3629 2072 3718 P⁰¹l¹lffl¹m
2181 3618 2184 3623 Ι

80 3727 250 3801 >ctrinam
267 3727 310 3796 de
327 3748 394 3795 usu
417 3746 537 3793 earum
560 3735 654 3815 recte
678 3722 885 3814 explicatam
904 3738 938 3797 et
955 3747 1038 3816 per.
1090 3716 1214 3785 mundi
1232 3718 1387 3807 primum
1403 3716 1588 3807 cogitanda
1604 3734 1675 3806 est,
1700 3739 1819 3813 postea
1834 3730 2073 3818 cogitandum,

80 3832 218 3900 'imam‘
1090 3840 1200 3910 quare
1228 3818 1272 3886 ad
1296 3831 1436 3908 tempus
1465 3819 1574 3891 luerit
1605 3820 1766 3895 instituta
1796 3828 1921 3917 politia
1951 3830 2073 3921 Moisi,

152 3929 315 3999 Primum
337 3938 454 3996 autem
471 3936 556 3993 nota
572 3922 618 3995 sit
634 3921 795 3993 doctrina
816 3924 861 3995 de
875 3923 1037 3995 libertate
1089 3917 1609 4021 quaeduravitannos1582.
1662 3922 1734 3997 Tot
1756 3929 1852 3997 enim
1877 3946 1961 4002 sunt
1984 3937 2073 4006 anni

80 4029 276 4113 hristiana,
307 4029 351 4097 de
368 4050 436 4118 qua
454 4026 599 4107 usitate,
631 4026 783 4094 docendi
798 4049 923 4112 causa,
947 4050 1037 4119 qua.
1089 4021 1135 4090 ab
1156 4021 1252 4091 exitu
1274 4043 1316 4089 ex
1339 4015 1502 4113 Aegypto
1531 4025 1574 4094 ad
1607 4023 1769 4113 ultimam
1797 4030 2072 4106 destructionem

80 4159 132 4206 ¹0„
157 4134 287 4222 gradus
316 4129 354 4196 in
378 4126 445 4197 hac
468 4126 539 4196 vita
564 4125 726 4197 facimus.
1089 4120 1324 4215 lerosolymae
1340 4123 1407 4191 snb
1424 4121 1523 4197 Tito.
1573 4122 1698 4196 Voluit
1713 4128 1810 4197 enim
1823 4126 1921 4202 Deus
1941 4148 2071 4208 certam

152 4232 296 4304 Primus
310 4243 361 4300 est
380 4227 544 4300 liberatio
559 4250 578 4296 a
592 4224 735 4315 peccat'o
755 4237 791 4295 et
814 4226 867 4295 ira
893 4222 979 4308 Dei,
1005 4237 1039 4294 et
1089 4245 1162 4292 esse
1176 4226 1294 4293 sedem
1314 4222 1411 4292 illius
1426 4222 1573 4315 populi,
1589 4225 1628 4294 in
1644 4251 1715 4320 quo
1728 4230 1844 4302 voluit
1858 4235 1955 4302 nasci
1972 4233 2072 4309 Mes-

80 4336 281 4421 amnatione
303 4345 443 4402 aeterna
468 4342 612 4421 propter
632 4327 885 4409 mediatorem,
910 4324 1039 4396 videli-
1088 4325 1196 4407 siam,
1237 4324 1352 4414 palam
1381 4324 1609 4416 concionari,
1650 4329 1744 4418 pati,
1786 4333 1996 4407 reviviscere
2030 4364 2072 4413 ex

80 4455 103 4510 ,ι
138 4434 316 4507 Remissio
357 4447 581 4523 peccatorum
617 4442 652 4498 et
680 4425 948 4513 reconciliatio,
998 4448 1038 4496 ac
1087 4439 1218 4510 morte,
1243 4424 1445 4495 testimonia
1466 4428 1663 4503 ostendere.
1714 4427 1811 4501 Haec
1835 4447 1876 4504 ut
1897 4451 1992 4509 certa
2016 4464 2072 4510 es-

80 4539 251 4622 ,gtjfifflfio
279 4559 340 4605 eeu
367 4532 554 4625 imputatio
579 4530 738 4601 iusticiae
767 4528 919 4619 gratuita
952 4551 1038 4620 pro·
1088 4540 1184 4611 sent,
1208 4525 1324 4596 voluit
1341 4523 1437 4597 Deus
1454 4527 1656 4598 distinctam
1678 4552 1752 4600 esse
1771 4548 1911 4623 gentem
1928 4551 1963 4609 et
1978 4541 2072 4631 poli-

80 4664 129 4716 ter
154 4640 397 4708 mediatorem.
596 4700 599 4705 .
1088 4627 1560 4716 tiamacaeterisgentibus.
1611 4627 1737 4702 Postea
1761 4649 1947 4729 postquam
1970 4637 2071 4712 exhi·

153 4740 339 4812 Secundus
354 4734 564 4806 coniunctus
581 4745 635 4804 est
654 4755 735 4803 cum
757 4729 875 4822 primo
892 4730 937 4801 de
955 4729 1038 4800 effe-
1088 4729 1185 4800 bitus
1208 4741 1260 4798 est
1277 4726 1443 4813 Messias,
1469 4730 1582 4800 deleta
1607 4745 1658 4802 est
1676 4727 1762 4804 ltaec
1776 4738 1920 4829 politia,
1946 4755 1988 4813 nt
2003 4745 2071 4813 sci·

80 4847 190 4925 ‚iorem
232 4839 396 4911 videlicet
431 4833 632 4904 Vivitieatio
656 4835 695 4901 in
723 4833 846 4916 nohis,
886 4854 977 4925 quae
999 4832 1039 4903 lit
1088 4844 1203 4914 retur,
1228 4829 1423 4900 aliudesse
1440 4852 1588 4920 regnum
1607 4828 1761 4923 Christi,
1787 4839 1885 4911 aliud
1907 4843 2068 4934 politiam

80 4972 116 5017 er
136 4946 250 5015 filium
270 4939 339 5011 Dei
364 4937 599 5007 vivificantem
621 4937 748 5025 corda,
774 4947 808 5004 et
828 4934 1038 5005 liberantem
1087 4928 1295 5001 Mosaicarn.

80 5075 93 5121 ι
117 5046 304 5119 doloribus
327 5043 544 5123 inferorum,
584 5037 715 5106 donato
740 5035 877 5125 Spiritu
900 5049 1038 5106 sancto:
1188 5030 1243 5101 Ex
1258 5027 1314 5100 his
1329 5030 1488 5102 lontibus
1512 5030 1663 5124 intelligi
1685 5052 1821 5130 potest,
1845 5063 1911 5112 nos
1927 5067 2000 5114 non
2016 5048 2070 5116 al-

80 5178 85 5222 2
110 5149 241 5219 deinde
263 5144 409 5213 adsidua
433 5137 629 5231 praesentia
647 5136 844 5207 divinitatis
868 5134 907 5203 in
933 5135 1037 5204 iuvo-
1088 5134 1214 5222 ligatos
1232 5155 1305 5202 esse
1319 5134 1363 5202 ad
1387 5134 1602 5204 ceremonias
1618 5152 1653 5209 et
1669 5139 1724 5208 ius
1742 5141 1934 5233 positivum
1949 5144 2071 5237 Moisi,

80 5251 236 5331 mribus,
267 5267 409 5334 regens,
441 5253 645 5331 protegens,
685 5237 875 5322 adiuvans,
917 5236 1039 5307 multis
1087 5236 1146 5304 sccl
1164 5234 1324 5324 singulos
1340 5234 1379 5303 iu
1402 5237 1475 5305 suis
1499 5236 1634 5329 politiis
1649 5241 1703 5309 nti
1719 5264 1820 5331 posse
1836 5242 1972 5334 legibus
1988 5274 2068 5322 cum

80 5349 229 5424 ,grandis
251 5343 522 5416 liberationibus
541 5361 783 5428 samanaeos,
806 5348 848 5409 ut
866 5361 945 5408 cum
966 5360 1040 5408 ser·
1088 5337 1227 5407 ratione
1250 5338 1546 5428 congruentibus,
1585 5362 1673 5431 quas
1692 5341 1808 5415 sanxit
1828 5344 1904 5418 eius
1925 5350 2070 5440 politiae

103 5452 292 5524 Marassa.
320 5451 423 5516 Oeen.
447 5447 530 5512 Vos..
558 5444 637 5511 XV.
1536 5432 1588 5507 6⁶
