4522 5782
103 230 187 311 sss
519 234 605 315 xu.
654 228 1241 315 uuanna'rtotrtnvsne.
1264 178 1478 312 ioannis
1535 232 1764 311 canxxr.
2065 236 2145 319 sss

101 431 173 479 nos
189 409 373 490 exaudiat,
396 431 444 481 an
463 409 758 507 acquiescendum
774 410 822 484 sit
837 410 876 483 in
892 412 1099 505 promissio·
1151 410 1374 503 templemur.
1427 407 1469 480 lo
1495 403 1561 479 hac
1584 403 1731 479 historia
1754 430 1846 502 quae
1869 403 1929 480 hic
1955 413 2136 497 recitatur,

99 511 224 584 nibus.
276 513 335 583 Ad
361 507 448 584 haec
463 513 585 585 omnia
600 507 743 585 ethnico
761 537 860 585 more
880 517 1097 607 respondent
1149 526 1221 584 tres
1236 528 1320 586 suut
1333 515 1402 585 l'oei
1418 512 1613 608 praecipui:
1641 509 1783 581 Primus
1798 516 1842 581 de
1856 512 2055 587 ministerio
2068 519 2134 588 da-

101 608 278 684 Monachi
288 628 323 685 et
333 610 859 702 Mahometistae,dubitandum
868 641 951 694 esse.
977 614 1096 690 Econ·
1147 628 1208 689 tur
1221 619 1435 689 mandatum
1446 615 1636 699 ministris,
1661 626 1700 684 ut
1717 614 1867 703 diligant
1879 611 2080 704 Christum,
2098 634 2132 691 et

100 730 157 788 tra
180 741 264 788 vero
288 713 541 791 Enthusiastae
563 731 599 791 et
618 719 900 812 Anabaptistae.
936 746 1016 792 cum
1041 723 1094 791 vi·
1149 733 1291 811 pascant
1311 716 1517 791 Ecclesiam.
1568 717 1753 789 Secundus
1779 719 1823 785 de
1850 716 2052 790 discrimine
2072 722 2131 791 di·

101 818 211 891 desnt
234 814 328 891 hanc
350 821 610 893 dubitationem
637 817 817 895 ethnicam
844 846 939 910 esse,
966 825 1092 896 iubent
1146 820 1317 913 sciplinae
1333 838 1368 893 et
1382 822 1507 893 crucis.
1552 819 1696 890 Tertius
1712 821 1755 888 de
1772 820 1971 905 vocatione,
1991 836 2029 891 ut
2046 845 2129 894 suae

99 934 241 1013 petere,
263 936 305 995 ut
317 923 470 994 risibilis
484 925 619 1017 species
632 925 738 996 nobis
753 927 970 997 ostendatur.
1020 926 1089 999 Sed
1144 924 1294 1018 quisque
1311 924 1488 996 vocationi
1505 924 1811 1011 obtemperet,nec
1827 921 2004 1015 relinquat
2016 947 2128 1006 suam,

100 1046 203 1095 error
222 1037 461 1121 utrorumque
478 1029 706 1101 detestandus
721 1041 793 1108 est,
833 1040 868 1098 et
889 1033 1089 1124 quaerenda
1142 1040 1204 1097 aut
1225 1028 1409 1119 frangatur
1430 1027 1571 1107 auimo,
1597 1023 1734 1096 etiamsi
1749 1024 1860 1095 alium
1881 1023 1986 1097 aliter
2009 1027 2127 1098 vocari

89 1134 183 1196 ¹r'era
199 1138 235 1198 et
249 1127 351 1199 lirrns
373 1131 535 1202 doctrina
549 1132 595 1202 de
606 1130 696 1218 lide,
729 1144 763 1203 et
779 1129 988 1202 discendum
1001 1134 1088 1229 quid
1142 1128 1250 1200 videt.

98 1228 142 1300 sit
165 1228 265 1305 fides.
781 1246 785 1257 '
1217 1231 1276 1303 De
1298 1232 1414 1325 primo
1437 1231 1531 1311 loco,
1558 1229 1724 1301 videlicet
1749 1230 1794 1296 de
1814 1227 2007 1309 mandatis,
2034 1252 2125 1325 quae

197 1330 260 1404 Sic
273 1330 382 1423 igitur
394 1334 610 1426 respondeo:
636 1330 799 1406 Primum
809 1358 885 1406 non
901 1338 1087 1431 petendam
1139 1334 1272 1406 dantur
1286 1331 1479 1429 Apostolis,
1495 1346 1535 1403 ut
1551 1333 1702 1422 diligant
1715 1326 1913 1412 Christum,
1930 1343 1963 1399 et
1978 1345 2124 1423 pascant

97 1454 170 1503 esse
190 1434 343 1526 speciem
366 1431 433 1506 Dei
449 1434 647 1523 visibilem,
672 1461 738 1508 nec
752 1438 991 1511 dubitandum
1012 1464 1087 1513 esse
1138 1458 1298 1527 gregem,
1323 1434 1473 1508 'sciamus
1488 1432 1547 1505 hic
1561 1436 1717 1526 regulam
1742 1433 1852 1514 tradi,
1879 1432 2123 1504 continentem

97 1558 141 1604 sn
155 1549 252 1607 recte
268 1533 381 1606 Deum
396 1538 618 1624 invocemus,
643 1541 704 1609 sed
725 1552 813 1612 tunc
834 1564 916 1613 vere
936 1555 972 1616 et
994 1557 1087 1618 recte
1138 1540 1345 1632 praecipuas
1366 1541 1514 1612 virtutes
1535 1538 1697 1607 omnium
1722 1535 1926 1605 docentium
1944 1535 1982 1602 in
1998 1532 2121 1606 Eccle-

97 1632 213 1707 Beum
243 1638 467 1725 invocamus,
515 1663 595 1712 enm
625 1664 726 1712 mens
756 1641 955 1737 alloquitur
981 1647 1085 1718 illum
1136 1641 1203 1713 sia.
1242 1639 1347 1713 Prior
1361 1658 1431 1728 est,
1452 1655 1490 1712 ut
1506 1638 1656 1729 diligant
1671 1633 1869 1722 Christum,
1892 1637 1927 1705 id
1944 1649 1994 1706 est
2009 1658 2121 1726 agno·

94 1734 232 1825 lienem
261 1740 324 1834 qui
345 1764 383 1811 se
399 1742 562 1832 patefecit
576 1743 659 1814 dato
676 1740 894 1835 Evangelio,
923 1762 957 1821 et
978 1750 1084 1821 misso
1136 1755 1253 1830 scant,
1278 1756 1313 1816 et
1330 1769 1412 1816 vera
1426 1746 1495 1815 lide
1512 1745 1678 1814 invocent
1695 1734 1896 1824 Christum,
1920 1752 1953 1809 et
1970 1739 2121 1829 diligant

95 1840 169 1911 filio
182 1837 342 1912 Domino
359 1856 482 1914 nostro
497 1846 575 1915 lesu
583 1840 739 1919 Christo.
792 1845 889 1921 Haec
906 1850 1098 1924 invocatio¹
1136 1845 1213 1917 eius
1227 1846 1440 1933 doctrinam,
1458 1869 1522 1916 nec
1536 1844 1646 1935 magis
1661 1856 1778 1913 ament
1797 1864 1896 1911 suam
1914 1842 2119 1931 potentiam,

94 1941 264 2016 discernit
285 1939 583 2036 Xenophonteam
617 1961 652 2021 et
670 1946 878 2038 Paulinam,
909 1966 946 2025 et
971 1955 1085 2047 placet
1134 1971 1237 2039 opes.
1263 1949 1479 2043 voluptates,
1515 1971 1620 2042 quarn
1643 1942 1837 2017 Christum.
1891 1941 1969 2013 Hoc
1988 1942 2118 2014 funda·

94 2040 193 2131 Deo,
226 2060 262 2118 et
282 2049 380 2138 qnod
405 2049 490 2118 satis
515 2049 562 2120 sit
584 2049 635 2120 sic
656 2051 843 2140 invocare,
881 2056 984 2129 docet
1015 2053 1083 2128 boc
1133 2063 1292 2121 mentum
1314 2052 1385 2121 nisi
1408 2052 1453 2123 sit
1473 2051 1512 2121 in
1533 2051 1677 2121 doctore
1696 2071 1758 2117 seu
1773 2047 2026 2135 gubernatore,
2051 2069 2118 2117 nec

95 2148 245 2218 dictum:
271 2145 376 2221 Beati
398 2151 462 2244 qui
478 2174 557 2222 com
576 2176 650 2223 non
665 2154 840 2241 viderint,
864 2169 982 2229 tamen
1007 2182 1082 2230 cre-
1132 2152 1333 2224 doctrinam
1349 2166 1551 2227 constanter
1570 2150 1754 2228 defendet,
1778 2170 1844 2217 nec
1865 2163 2017 2218 caeteras
2032 2169 2115 2239 par·

94 2251 208 2331 ‘lunis
248 2263 286 2322 el
307 2266 509 2341 congmmn
538 2253 583 2345 ad
613 2249 704 2328 hanc
731 2257 931 2330 doctrinam
961 2261 1081 2331 omnia
1132 2267 1184 2324 tes
1197 2254 1386 2328 ministerii
1403 2255 1555 2327 fideliter
1568 2249 1847 2332 administrabit,
1868 2262 1907 2318 ut
1922 2248 2025 2319 multi
2038 2270 2114 2320 sm-

95 2352 185 2423 dicta
202 2353 250 2424 de
261 2352 342 2425 fide.
368 2352 477 2429 Rom.
489 2349 549 2428 ·5.:
574 2354 665 2427 Fide
684 2360 883 2433 accedimus
896 2363 940 2433 sd
953 2358 1082 2449 Deum,
1130 2356 1267 2428 bitione
1282 2370 1318 2429 et
1335 2359 1527 2449 cupiditate
1541 2356 1729 2437 vindictae,
1745 2366 1949 2442 sparserunt
1960 2363 1999 2421 et
2014 2373 2115 2444 spar-

95 2451 249 2528 etRom.
263 2454 343 2529 10.:
379 2454 497 2549 Prope
511 2470 563 2529 est
577 2460 726 2531 verbnm
741 2459 780 2531 in
793 2485 855 2533 ore
868 2477 942 2539 tuo.
981 2462 1080 2535 Tan·
1129 2471 1218 2549 gunt
1239 2459 1327 2530 falsa
1351 2462 1531 2549 dogmata,
1575 2459 1657 2551 quia
1685 2455 1796 2543 magis
1819 2466 1940 2523 amant
1963 2452 2113 2542 gloriam

92 2570 165 2629 tom
183 2580 253 2627 nos
269 2561 313 2628 ad
329 2552 396 2628 boc
410 2561 558 2632 verbum
579 2563 752 2648 deducit„
764 2564 805 2634 in
828 2563 899 2635 boc
920 2566 999 2638 volt
1019 2591 1080 2637 co-
1129 2582 1249 2644 suam,
1276 2586 1383 2657 quam
1400 2559 1583 2634 Christum
1600 2573 1635 2630 et
1649 2559 1830 2628 veritatem
1847 2550 2053 2644 Evangelii,
2079 2570 2114 2628 et

92 2658 193 2751 gltari
216 2657 355 2745 Deum,
389 2674 426 2733 et
446 2657 512 2732 hac
534 2663 604 2734 tide
633 2686 716 2736 eum
748 2666 974 2758 compellari,
1013 2693 1079 2741 nec
1129 2684 1225 2733 nunc
1239 2666 1464 2735 manifestum
1480 2674 1531 2735 est
1546 2655 1749 2742 monachos,
1766 2671 1908 2749 propter
1927 2664 2112 2748 quaestum

98 2760 187 2832 sliod
213 2763 377 2857 requirit.
429 2761 569 2836 Deinde
596 2765 641 2835 de
671 2767 855 2840 voluntate
883 2770 1077 2863 plurimum
1128 2766 1220 2837 tueri
1236 2766 1364 2856 impios
1379 2767 1495 2836 cultus
1510 2780 1748 2846 mortuorum,
1772 2773 1806 2830 et
1821 2780 1901 2829 suas
1917 2757 2060 2843 Missas,
2076 2771 2111 2829 et

97 2864 195 2936 refert
216 2858 286 2935 hoc
305 2864 506 2939 firmissime
529 2868 661 2955 teneri,
686 2871 981 2965 acquiescendum
1003 2896 1078 2944 esse
1127 2868 1214 2937 alias
1238 2869 1518 2959 superstitiones.
1571 2865 1620 2938 Ut
1645 2864 1753 2954 igitur
1776 2864 1937 2932 doctores
1961 2860 2112 2951 integri·

98 2963 130 3033 in
149 2966 465 3058 promissionibus,
492 2970 639 3062 perinde
661 2995 701 3043 ac
723 2974 754 3043 si
775 2997 890 3045 novae
910 2998 1013 3045 voces
1032 2978 1075 3047 de
1127 2981 1233 3039 tatem
1252 2984 1285 3040 er
1303 2971 1406 3040 fidem
1431 2970 1468 3038 in
1493 2969 1690 3057 ministerio
1713 2963 1896 3051 Evangelii
1919 2976 2109 3053 praestent,

99 3067 187 3138 coelo
212 3068 307 3140 inter
329 3070 486 3143 tonitrua
506 3084 541 3142 et
556 3072 707 3144 fulmins
723 3089 765 3146 ur
783 3076 821 3146 in
840 3091 961 3148 monte
978 3076 1077 3164 Sina,
1125 3070 1228 3162 prius
1251 3072 1289 3141 in
1314 3073 1363 3142 eis
1385 3066 1548 3144 Christus
1570 3069 1796 3140 dilectionem
1815 3065 1959 3154 flagitat.
2010 3064 2109 3135 Haec
2251 3158 2256 3169 Ι

95 3184 271 3244 sonarent.
296 3167 376 3242 Etsi
391 3186 508 3243 autem
525 3175 732 3247 difficileest
749 3179 853 3248 nobis
866 3180 917 3249 sic
933 3183 1075 3273 acquie-
1125 3174 1231 3265 plana
1255 3187 1289 3244 el
1311 3176 1493 3266 persspltua
1510 3185 1609 3257 ⁸⁰⁰¹.
1636 3171 1720 3266 qula
1738 3192 1843 3237 ”²¹⁰⁰
1864 3165 2020 3237 fideliler
2035 3187 2109 3236 3οῑ-

100 3284 249 3359 scere,et
263 3296 390 3365 magna
401 3275 494 3345 lucta
508 3289 561 3349 est
577 3278 923 3372 cordisdisputantis,
939 3305 984 3351 an
995 3306 1076 3353 vere
1124 3276 1178 3347 vir
1190 3277 1256 3347 ulli
1275 3278 1441 3362 domino,
1466 3277 1536 3346 nisi
1554 3276 1677 3365 diligat
1692 3297 1786 3345 etum.

99 3365 176 3445 bec
195 3373 246 3446 sit
264 3376 429 3447 voluntas
455 3374 522 3446 Dei
543 3402 623 3469 erga
646 3393 683 3450 te
705 3406 868 3478 quoque,
909 3408 1015 3478 quam
1036 3386 1074 3455 in
1229 3378 1335 3469 Quod
1360 3394 1478 3450 autem
1499 3403 1541 3449 ex
1565 3374 1632 3447 hoc
1658 3376 1736 3444 loco
1761 3386 1876 3442 sumta
1897 3379 1979 3439 stant
2002 3388 2109 3460 argu·

96 3475 325 3565 promissione
338 3479 505 3564 tradidit,
527 3493 571 3553 trt
585 3503 665 3551 eum
681 3485 786 3555 dicit:
814 3484 943 3556 Venite
956 3489 1001 3558 ad
1019 3512 1075 3557 me
1124 3495 1244 3552 menta
1261 3483 1305 3551 de
1322 3482 1478 3574 primatu
1498 3478 1655 3553 Romani
1681 3473 1877 3568 pontificis,
1900 3472 2109 3543 brevissima

98 3600 212 3650 ornnes
235 3580 299 3674 qui
324 3580 513 3673 laboratis,
537 3595 573 3654 et
588 3606 653 3675 ego
669 3586 822 3657 reficiam
839 3610 921 3669 vos,
955 3604 1074 3659 tamen
1123 3586 1307 3676 responsio
1324 3598 1377 3655 est
1392 3583 1551 3675 piorum:
1583 3582 1722 3651 etiamsi
1740 3579 1814 3647 iure
1832 3575 1955 3645 divino
1971 3571 2108 3651 Roma-

97 3681 330 3753 confirmanda
345 3696 510 3754 estmens
526 3685 631 3757 dictis
644 3687 689 3757 de
704 3689 794 3770 fide,
819 3687 986 3764 Rom.5.:
1012 3690 1072 3762 lu·
1124 3710 1192 3755 nus
1208 3686 1393 3779 episcopus
1415 3698 1503 3755 esset
1524 3707 1700 3763 summus,
1726 3694 1842 3750 tamen
1863 3699 2002 3747 necesse
2018 3688 2108 3745 esset

97 3782 225 3856 tribeati
242 3784 311 3854 lide
327 3808 447 3875 pacem
460 3785 654 3874 babemus,
680 3802 715 3862 et
728 3790 906 3862 similibus
920 3785 1034 3869 dictis.
1123 3788 1168 3858 ab
1187 3813 1228 3858 eo
1244 3789 1451 3872 dissentire,
1477 3812 1557 3857 cum
1574 3785 1740 3855 defendat
1754 3786 1917 3871 dogmata
1940 3798 2105 3869 pugnan-

185 3883 263 3957 Nec
287 3887 378 3958 aliae
410 3886 690 3962 illuminationes
718 3904 814 3963 extra
837 3890 1072 3985 Evangelium
1123 3892 1170 3961 tia
1194 3913 1274 3960 cum
1291 3886 1507 3980 Evangelio,
1540 3901 1574 3959 et
1598 3888 1711 3973 idola,
1735 3887 1790 3955 'ut
1812 3882 1943 3951 Paulus
1970 3877 2106 3970 inquit:

98 3990 386 4080 memendseaut
401 3992 597 4081 poscendae
612 4006 707 4067 sunt.
759 3992 856 4067 Haec
878 3998 1072 4068 necessaria
1122 3991 1161 4064 Si
1179 3992 1259 4086 quis
1277 3993 1422 4081 angelus
1444 3993 1487 4060 de
1510 3991 1610 4061 coelo
1631 3990 1728 4058 aliud
1745 3982 1981 4073 Evangelium
2003 4001 2106 4070 prae-

98 4091 314 4163 etselntaris
340 4091 501 4164 doctrina
523 4097 568 4165 de
589 4096 771 4186 agnitione
792 4114 827 4170 et
847 4098 1074 4171 invocatione
1122 4094 1272 4174 dicabit,
1313 4090 1500 4164 anathema
1523 4094 1581 4166 sit.
1639 4088 1871 4160 Manifestum
1904 4094 2106 4153 estensem

96 4194 238 4266 tndtsnr
252 4194 293 4263 in
308 4188 377 4264 hoc
392 4195 504 4267 dictos
528 4195 631 4270 Beati
647 4200 711 4294 qui
729 4224 803 4271 non
820 4201 981 4272 videntes
996 4225 1073 4272 cre·
1122 4211 1256 4267 atroces
1270 4220 1407 4266 errores
1414 4209 1448 4266 et
1457 4195 1553 4266 idola
1567 4186 1913 4263 defendiaRomano
1928 4184 2106 4275 episcopo,

98 4292 193 4382 dunt,
215 4308 251 4366 et
266 4296 380 4386 magis
391 4300 574 4388 perspicua
588 4301 648 4372 fiet
662 4295 770 4373 huius
785 4302 870 4373 dicti
887 4291 1073 4390 sententia,
1122 4312 1155 4370 et
1177 4297 1253 4368 eius
1276 4299 1499 4370 satellitibus.
1564 4293 1615 4365 lta
1642 4291 1822 4371 leremias‚
1846 4303 1879 4357 et
1901 4281 2105 4367 Zacharias,

98 4397 190 4470 eres
203 4398 381 4471 illustrior
394 4398 551 4485 utilitas,
578 4404 609 4474 si
624 4426 704 4477 sam
720 4427 824 4500 saepe
840 4406 1073 4498 cogitabimus
1121 4415 1156 4472 et
1179 4400 1241 4471 alii
1264 4402 1504 4471 dissenserunt
1526 4423 1547 4467 a
1569 4397 1643 4467 suis
1668 4392 1913 4486 pontificibus,
1966 4388 2107 4460 tametsi

100 4493 178 4571 ister
200 4500 453 4573 invocandum.
1122 4504 1348 4573 manifestum
1364 4498 1643 4572 eratLeviticum
1661 4496 1866 4569 Pontificem
1883 4493 1960 4561 iure
1978 4488 2105 4559 divino

1121 4607 1339 4698 superiorem
1367 4626 1441 4674 esse
1470 4602 1616 4673 caeteris
1638 4598 1888 4672 sacerdotibus.
1947 4591 2026 4665 Hac
2047 4612 2106 4661 re-

431 4720 570 4839 (Ἄρηι
599 4707 723 4814 XXI·
1123 4709 1314 4799 sponsione
1347 4705 1500 4798 primum
1531 4704 1582 4795 pii
1604 4728 1640 4776 se
1665 4704 1873 4775 contirment
1903 4697 1943 4767 in
1975 4690 2106 4764 horum

1121 4824 1321 4899 temporum
1346 4807 1606 4883 controversiis.

143 4895 181 4971 ln
196 4914 378 4995 postremo
396 4905 511 4996 eapite
525 4922 649 4981 narrat
663 4909 924 5000 pluralacts,in
942 4914 1072 5006 quibus
1225 4908 1364 4981 Deinde
1381 4909 1483 4978 lacile
1499 4924 1550 4980 est
1565 4909 1778 5000 respondere
1792 4904 1836 4974 ad
1854 4899 1997 4971 vitiosas
2018 4918 2105 4966 con·

105 4993 251 5077 Christos
272 5020 408 5096 sepost
429 5011 723 5083 resurrectionem
746 5012 928 5107 Apostolls
950 5016 1071 5086 claris-
1121 5013 1308 5099 nexiones,
1337 5013 1381 5082 ad
1406 5008 1550 5082 Petrum
1574 5011 1785 5080 nominatim
1815 5004 1964 5075 dicitur:
1998 4997 2106 5068 Pasce

103 5101 351 5182 insustendit.
378 5106 581 5182 lllosomnis
590 5115 791 5184 testimonia
800 5116 957 5201 collecta,
968 5139 1070 5209 saepe
1122 5139 1205 5185 oves
1226 5138 1340 5201 meas,
1384 5136 1468 5205 ergo
1491 5113 1635 5184 caeteris
1658 5110 1840 5202 Apostolis
1863 5098 2106 5194 anteponitur.

104 5211 637 5299 mmmssdeonfirmandam
659 5216 764 5286 tidem
779 5230 948 5288 nostram.
999 5216 1072 5289 De·
1122 5216 1290 5308 Negauda
1308 5233 1358 5288 est
1375 5216 1635 5311 consequentia.
1688 5210 1776 5284 Nam
1799 5201 2107 5279 alibi'communio

102 5304 269 5385 ludorum
285 5312 361 5383 lere
381 5313 422 5384 in
444 5316 595 5407 singolis
615 5317 803 5388 conciones
828 5318 967 5413 aliquae
989 5320 1073 5404 sint,
1124 5321 1289 5391 mandata
1312 5322 1446 5391 dantur
1467 5313 1865 5409 omnibus,·ut1.ocae
1886 5305 2038 5392 ultimo.
2073 5317 2109 5375 tl

99 5407 262 5507 insigna
276 5412 477 5489 doctrinam
492 5420 735 5514 eontinentes,
750 5415 815 5493 bas
828 5443 971 5518 quoqne
985 5431 1071 5495 con·
1122 5443 1229 5523 supra
1251 5422 1291 5493 in
1315 5417 1493 5497 Iohanne:
1531 5416 1698 5500 Quorum
1727 5408 1932 5487 remiseritis
1954 5419 2123 5502 peccate,

137 5519 317 5590 hairu.
333 5520 438 5591 Osse.
465 5518 552 5599 Vos..
567 5525 646 5595 XV.
876 5580 880 5589 .
1557 5520 1616 5599 ,ἢ
