4522 5782
10 52 34 235 'f
76 104 150 183 ιιι
269 90 374 191 ἰιιιι
423 112 462 185 s.
493 98 863 188 connun’rantt
889 106 941 186 m
965 106 1119 185 snsr.
1144 106 1294 185 mun
1316 106 1386 182 au
1410 55 1678 191 nouenos.
1730 112 1835 213 car.
1863 120 1907 198 ιι
2034 116 2110 207 sta

10 286 18 333 ¹
70 288 251 361 incretam
284 286 551 373 obedientlam,
587 310 682 383 quae
709 274 842 380 placet,
881 309 956 357 non
982 284 1067 381 quis
1120 283 1212 355 Deo.
1276 279 1399 373 Quare
1421 284 1574 357 noticiae
1597 286 1680 359 illae
1703 304 1787 365 sunt
1810 318 1936 385 verse,
1967 314 2002 374 et
2024 322 2110 381 sunt

68 390 138 480 legi
156 390 367 472 satisfaciat,
392 395 452 463 sed
471 390 882 486 quialidereconciliats
908 402 960 460 est
983 412 1065 481 per·
1120 387 1176 457 lex
1201 386 1347 472 divina,
1389 400 1557 479 utsupra
1582 393 1803 469 dictumest.
1865 399 1907 471 ln
1934 398 2107 481 hocloco

65 516 155 563 sona
173 509 210 565 et
225 495 384 582 agnoscit
397 517 496 564 suam
513 494 775 577 infirmitatem,
802 506 835 562 et
855 505 973 563 tamen
990 514 1067 560 cre-
1120 489 1222 558 valde
1244 493 1348 560 sudat
1370 488 1618 581 Augustinus,
1659 504 1740 565 cum
1768 495 1861 570 nihil
1893 500 2020 579 habeat
2041 512 2108 583 ob-

63 597 116 666 dit
136 591 210 665 hos
227 597 343 667 cultus
360 611 502 689 propter
518 593 699 666 Christum
725 597 817 687 patri
842 597 998 687 placere,
1025 609 1067 665 ut
1118 592 1222 665 scuri.
1274 590 1435 663 Primum
1451 594 1628 693 disputat,
1651 599 1736 690 quid
1754 602 1838 673 velit
1853 603 1997 696 Paulus,
2022 636 2105 683 cnm

62 701 338 791 supradictum
371 712 434 772 est.
498 695 546 769 Et
572 699 665 769 iufra
694 702 796 771 docet
817 696 967 779 Paulus,
1008 698 1065 765 in·
1119 696 1184 779 ait,
1211 691 1346 765 Gentes
1368 697 1478 786 legem
1503 699 1642 780 fecisse,
1669 722 1714 768 ⁸¹¹
1730 703 1899 797 loquatur
1914 713 1959 780 de
1974 714 2105 807 aliqui-

24 803 219 895 quiens:
247 798 330 873 Non
345 801 428 872 estis
444 802 512 871 snb
529 802 622 889 lege,
647 802 706 870 sed
731 804 797 871 sub
821 802 943 887 gratia.
996 797 1065 869 Fa·
1118 799 1183 865 bus
1200 799 1346 882 sanctis,
1372 815 1410 868 nt
1425 802 1469 867 de
1488 797 1552 871 lob
1567 815 1601 871 et
1615 804 1806 878 similibus.
1849 807 2013 884 Secundo
2029 818 2104 888 dis-

59 904 143 973 cilis
172 916 230 974 est
261 904 446 995 explicatio
479 905 761 993 intelligentibus
785 920 945 973 naturam
968 902 1064 973 fidei.
1118 914 1216 990 putat
1241 902 1284 967 de
1311 902 1502 989 particula,
1539 918 1685 991 natura,
1709 930 1790 977 curn
1815 910 1871 981 lex
1894 939 1969 986 non
1996 920 2104 1007 possit

61 1004 191 1079 Fateri
212 1005 308 1075 enim
324 1029 463 1076 necesse
485 1020 557 1096 εει,
584 1004 754 1090 Paulum,
780 1030 859 1076 cum
884 1008 929 1075 de
949 1005 1063 1074 iusto·
1116 1026 1198 1071 vere
1216 1002 1292 1071 fieri
1309 1004 1386 1071 sine
1400 1004 1537 1094 Spiritu
1554 1021 1696 1100 sancto,
1722 1035 1830 1102 quare
1848 1012 1980 1089 Paulus
1996 1022 2103 1113 dicat,

58 1134 145 1181 rum
164 1108 339 1201 operibus
355 1109 534 1203 loquitur,
553 1112 738 1200 complecti
757 1110 872 1179 fidem.
913 1104 1063 1196 Quoties
1116 1102 1250 1173 Gentes
1266 1123 1391 1176 natura
1406 1108 1538 1182 fecisse.
1591 1106 1665 1179 Has
1687 1113 1911 1188 difficultates
1932 1120 2033 1192 affert
2055 1128 2102 1195 ad

57 1226 185 1283 sutem
212 1212 252 1283 lit
274 1212 409 1282 mentio
430 1211 533 1297 fidei,
569 1213 683 1302 reipsa
707 1212 841 1283 dictum
866 1223 917 1281 est
942 1210 1063 1280 exclu·
1115 1204 1266 1277 Paulum
1283 1209 1515 1298 Augustinus.
1564 1208 1655 1281 Nam
1672 1215 1747 1305 ipse
1769 1231 1884 1288 textus
1899 1246 1972 1293 non
1990 1248 2101 1317 usque

57 1314 209 1399 sivum,
242 1308 278 1386 h.
346 1310 424 1385 Etsi
451 1316 571 1384 adesse
597 1327 736 1404 oportet
770 1314 946 1383 incestam
977 1312 1064 1383 obe-
1114 1310 1203 1379 adeo
1219 1311 1390 1381 obscurus
1406 1328 1468 1383 est.
1521 1310 1682 1384 Primum
1699 1318 1793 1385 enim
1817 1337 1941 1392 natura
1964 1327 2101 1417 signifi-

57 1417 265 1503 dientism,
304 1428 422 1486 tamen
447 1419 534 1487 tides
562 1417 691 1487 nititur
711 1416 785 1487 sols
809 1413 1063 1500 misericordis,
1114 1413 1421 1505 estprincipaliter
1437 1414 1606 1485 noticiam
1617 1420 1824 1493 naturalem.
1858 1422 1989 1498 Paulus
2005 1432 2100 1500 enim

56 1534 92 1591 et
113 1518 249 1591 statuit
272 1520 489 1606 nominatos,
527 1520 665 1602 idest,
705 1532 865 1613 acceptos
896 1540 970 1588 esse
997 1539 1062 1610 per
1113 1515 1365 1600 ratiocinatur,
1397 1519 1441 1585 de
1465 1517 1597 1587 noticia
1629 1533 1662 1590 et
1687 1523 1731 1589 de
1753 1522 1897 1597 iudicio.
1960 1531 2101 1604 Deinde

54 1620 362 1696 mim-icordiam,
517 1714 522 1726 .
1114 1618 1342 1688 manifestum
1365 1632 1415 1689 est
1438 1620 1544 1688 etiam
1561 1645 1634 1690 nun
1656 1637 1817 1711 renatos,
1841 1630 1978 1701 viribus
1997 1650 2101 1704 natu-

86 1786 193 1869 Νοιι
209 1790 307 1863 ..a
320 1789 387 1893 am·
402 1786 564 1864 ..aaa
580 1788 713 1889 tecm,
741 1789 935 1864 tarisum
950 1797 1014 1866 a..
1111 1719 1383 1914 illitati
1405 1723 2022 1916 stitit?,tittltf‘tad
2041 1740 2096 1805 ‘¹¹'

149 1926 348 2001 Generalis
361 1931 536 2001 sententia
556 1944 607 2002 est
621 1933 666 2000 de
681 1929 819 2002 iusticia
836 1929 934 2020 legis.
967 1926 1060 1999 Nam
1112 1926 1196 1995 satis
1219 1938 1270 1994 est
1296 1928 1500 2010 ostendere,
1534 1930 1628 2021 quod
1645 1924 1778 2001 Gentes
1801 1932 2002 2026 intelligant
2025 1942 2100 2009 dis-

59 2032 193 2105 ludaei
225 2035 436 2123 arrogabant
459 2034 529 2103 sibi
560 2033 735 2104 iusticiam
767 2046 911 2125 propter
936 2030 1060 2120 legem.
1112 2026 1245 2096 crimen
1265 2022 1495 2097 honestorum
1516 2043 1551 2098 ει
1574 2031 1749 2122 turpium:
1776 2029 1844 2104 hoc
1866 2041 2022 2111 ostendit
2043 2044 2100 2111 di·

55 2132 128 2209 tttc
162 2135 320 2227 opponit
341 2134 474 2206 Paulus
501 2137 748 2207 definitionem
776 2134 934 2204 iustitiae
961 2133 1060 2223 legis.
1114 2130 1281 2224 sciplina:
1309 2130 1394 2199 inde
1410 2130 1661 2218 ratiocinatur,
1687 2137 1783 2227 quod
1800 2135 1915 2228 legem
1934 2136 2099 2218 habeant.

55 2236 125 2311 Est
141 2238 247 2309 enim
265 2238 402 2309 iusticia
419 2238 507 2328 legis
522 2240 636 2308 facere
652 2238 785 2328 legem,
811 2250 987 2329 praestare
1001 2237 1059 2305 in-
1111 2228 1289 2325 Loquitur
1300 2255 1383 2321 ergo
1398 2236 1442 2303 de
1457 2234 1667 2305 facientibus
1685 2252 1829 2309 externa
1846 2264 1970 2334 opera,
1995 2259 2030 2315 et
2041 2247 2098 2316 ade

55 2354 202 2435 tagram
219 2341 458 2411 obedientiam
474 2341 553 2429 legi,
570 2366 644 2410 non
659 2356 797 2412 tantum
811 2340 935 2409 audire
948 2340 1059 2429 legem
1113 2334 1316 2424 disciplina:
1351 2349 1386 2405 et
1408 2336 1553 2429 quidem
1579 2338 1715 2409 confert
1731 2337 1881 2413 ludaeos
1902 2358 1937 2415 et
1956 2343 2101 2424 Gentes.

57 2458 123 2517 ant
142 2442 309 2537 profiteri
324 2442 410 2533 legis
425 2445 673 2516 ceremoniam.
721 2443 781 2515 Sic
802 2443 867 2512 ait:
894 2439 1060 2512 Factores
1112 2434 1294 2527 Significat
1305 2434 1439 2507 Gentes
1453 2440 1662 2509 tantundem
1682 2443 1869 2531 profecisse
1885 2471 1927 2516 ex
1942 2446 2019 2539 lege
2034 2475 2100 2521 ns-

51 2546 153 2639 legis
170 2547 429 2641 iustificantur,
453 2547 488 2615 id
507 2558 571 2632 est,
596 2547 854 2639 pronunciatur
867 2542 964 2614 iusti.
1010 2541 1060 2613 lta
1113 2554 1231 2625 turae,
1251 2554 1424 2632 quantum
1439 2539 1588 2610 ludaeos
1602 2567 1644 2611 ex
1660 2542 1735 2633 lege
1747 2542 1868 2618 Moisi.
1902 2547 1984 2619 Non
2002 2554 2099 2621 enim
2136 2566 2142 2581 '

56 2648 233 2745 loquitur
263 2645 396 2718 Paulus
428 2650 472 2716 de
506 2649 607 2730 idea,
642 2664 677 2719 et
711 2647 872 2738 coarguit
900 2646 1060 2731 ludaeos,
1114 2642 1201 2712 dicit
1228 2642 1303 2730 lege
1327 2642 1433 2711 fuisse
1463 2643 1574 2713 iustas
1597 2642 1731 2717 Gentes
1760 2672 1878 2718 coram
1901 2647 1997 2736 Deo,
2039 2657 2101 2724 sed

10 2744 34 2803 Γ
54 2752 164 2849 'quad
182 2774 260 2821 non
277 2751 347 2821 siut
365 2751 450 2821 iusti
463 2751 550 2841 lege,
575 2752 657 2846 quia
672 2776 778 2821 nemo
796 2750 864 2840 legi
881 2748 1061 2822 satisfacit.
1113 2744 1289 2832 siguificat
1317 2758 1486 2837 utrosque
1515 2761 1659 2816 externa
1689 2749 1807 2819 civilia
1838 2776 1944 2840 opera
1967 2756 2103 2827 fecisse.

57 2852 192 2945 Quare
224 2848 285 2922 hic
321 2854 419 2923 locus
450 2876 525 2922 non
560 2866 675 2944 potest
705 2852 908 2947 detorqueri
938 2864 1060 2921 contra
1113 2844 1368 2917 Excelluerunt
1383 2847 1605 2938 pulcerrimis
1618 2849 1827 2934 virtutibus,
1853 2852 1997 2944 Fabius,
2023 2857 2102 2931 Sci-

54 2956 247 3029 insticiam
271 2956 373 3035 fidei,
406 2978 472 3025 nec
495 2957 595 3026 addit
615 2952 673 3025 hic
700 2954 853 3035 Paulus,
881 2954 1060 3046 quomodo
1114 2949 1193 3040 pio,
1217 2947 1377 3034 Atticus,
1404 2963 1438 3018 et
1453 2948 1615 3042 plerique
1632 2951 1713 3025 alii:
1744 2978 1784 3023 ac
1809 2954 1967 3027 fortassis
1992 2960 2102 3030 disci·

54 3058 238 3131 incodtnr
258 3058 314 3127 lex
331 3071 365 3127 et
383 3060 564 3149 quomodo
588 3059 733 3150 placeat.
787 3054 943 3126 Tantum
965 3056 1060 3124 enim
1114 3051 1213 3142 plina
1224 3064 1258 3121 et
1276 3050 1460 3140 diligentia
1477 3050 1516 3119 in
1532 3051 1630 3120 omni
1645 3054 1761 3124 officio
1776 3075 1989 3148 superarunt
2004 3062 2101 3133 mul-

58 3162 199 3233 refutat
214 3160 315 3240 illos,
341 3161 403 3253 qui
421 3162 560 3251 lingunt
575 3184 611 3230 se
627 3183 702 3231 esse
718 3161 828 3232 iustos
841 3173 986 3252 propter
1001 3180 1061 3227 ex·
1114 3170 1168 3224 tos
1183 3167 1397 3243 praestantes
1415 3152 1574 3224 ludaeos.
1626 3153 1696 3226 Hic
1712 3158 1945 3231 ratiocinatur
1960 3160 2104 3248 Paulos,

11 3308 20 3345 ,
55 3274 207 3337 ternam
224 3264 478 3355 professionem
492 3263 588 3354 legis.
1114 3254 1249 3327 Gentes
1262 3250 1392 3326 habere
1409 3256 1542 3347 legem,
1569 3255 1691 3344 idest,
1716 3261 1884 3331 noticiam
1902 3265 2103 3336 naturalem

10 3348 24 3415 ἶ
107 3406 110 3411 -
553 3431 562 3450 ‚
1114 3359 1357 3432 (lemuribus.
1415 3356 1539 3452 Neque
1562 3361 1724 3452 sequitur
1748 3387 1790 3433 ex
1814 3360 1881 3434 hac
1902 3368 2105 3452 collatione,

10 3428 21 3517 d
377 3429 462 3504 δ’ὁ*
485 3456 578 3532 ῬΜ
602 3429 665 3505 1⁶³5
689 3441 751 3504 αὖ·
1115 3462 1210 3554 quod
1235 3474 1380 3551 propter
1403 3460 1503 3532 illam
1526 3460 1753 3555 disciplinam
1774 3466 1842 3537 ulli
1863 3468 1998 3541 suerint
2019 3470 2104 3543 iusti

154 3564 306 3641 Dixerat
322 3567 451 3660 impios
465 3569 641 3660 perituros
658 3590 732 3637 esse
748 3565 898 3637 ludaeos
912 3580 946 3636 et
961 3562 1060 3635 Gen·
1114 3586 1233 3632 coram
1250 3559 1341 3631 Deo.

10 3724 13 3731 ·
63 3684 137 3760 ter.
172 3672 311 3744 etiamsi
343 3667 409 3741 hae
437 3673 549 3762 legem
580 3694 654 3740 non
677 3666 891 3741 habuerunt.
957 3665 1061 3739 Nunc
1116 3680 1119 3686 ’
1429 3724 1473 3799 E
1611 3728 1641 3802 I
1663 3729 1714 3805 da

10 3756 19 3819 ι
68 3776 176 3849 addit
190 3775 464 3847 correctionem:
490 3771 566 3844 lmo
585 3771 719 3844 Gentes
733 3772 840 3842 etiam
859 3767 1060 3841 habuerunt
1472 3752 1525 3803 ⁶⁶⁶
1546 3741 1586 3803 ω
1637 3760 1661 3804 ¹¹
1715 3760 1791 3813 ⁶¹¹⁸·

67 3878 206 3971 legem,
234 3873 391 3957 horest,
417 3876 586 3947 noticiam
612 3876 811 3947 naturalem
834 3874 878 3942 de
901 3872 1062 3942 moribus
1216 3865 1266 3940 Ut
1287 3880 1406 3937 autem
1431 3869 1646 3942 nominatim
1670 3872 1806 3949 Gentes
1830 3878 2022 3965 accusavit,
2055 3882 2104 3951 ita

10 3960 21 4047 i.
65 3982 329 4055 discernentem
347 3975 493 4051 honesta
509 3991 543 4049 et
558 3978 687 4071 turpia.
736 3974 807 4046 Hic
823 3976 950 4044 iterum
968 3987 1062 4043 extat
1115 3995 1213 4041 nunc
1231 3969 1445 4040 nominatim
1463 3988 1601 4044 accusat
1615 3974 1782 4063 Iudaeos,
1808 3992 1846 4049 ut
1864 3983 2045 4069 perveniat
2058 3986 2105 4054 sd

10 4050 26 4161 i
64 4084 316 4157 testimonium
342 4088 386 4152 de
402 4085 479 4173 lege
495 4095 652 4153 naturae.
702 4076 757 4149 Ac
773 4076 905 4147 Paulus
926 4077 1062 4145 erudite
1116 4074 1214 4143 illam
1241 4074 1530 4165 exaequationem
1555 4072 1726 4147 Gentium
1752 4095 1786 4152 et
1807 4078 2040 4171 ludaeorum,
2063 4086 2104 4155 in

10 4166 27 4259 i
65 4187 317 4265 ratiocinatur,
334 4190 429 4279 quod
441 4180 741 4255 Genteslrabeant
753 4182 877 4271 legem,
895 4202 935 4248 ac
949 4177 1056 4247 simul
1116 4192 1185 4269 qua
1216 4174 1435 4267 conspicitur
1462 4177 1558 4270 quod
1590 4203 1715 4249 omnes
1738 4177 1901 4254 homines
1931 4187 2002 4259 siut
2035 4188 2104 4260 sub

10 4262 26 4337 Ι
65 4290 249 4377 declarat,
276 4290 360 4381 quid
384 4290 429 4358 sit
454 4288 509 4356 lex
531 4300 699 4372 naturae,
721 4280 856 4354 babent
882 4281 1063 4352 conscien-
1117 4290 1274 4368 peccato,
1306 4289 1342 4349 et
1362 4276 1438 4368 lege
1460 4302 1535 4347 nou
1558 4279 1794 4353 liberentura
1820 4302 1972 4374 peccato.
2039 4284 2105 4362 Est

10 4342 27 4435 f
66 4394 160 4467 tiam
187 4405 411 4462 accersantem
436 4404 470 4459 et
492 4404 735 4473 excusantem,
772 4388 810 4455 id
833 4398 902 4470 est,
925 4384 1062 4454 discer·
1118 4394 1235 4450 autem
1258 4374 1344 4448 haec
1365 4381 1565 4471 obiurgatio
1590 4382 1640 4451 sic
1663 4386 1884 4476 accipienda,
1910 4404 1949 4459 ut
1969 4392 2106 4461 intelli-

12 4520 24 4545 ι
65 4508 219 4567 nentem
246 4488 391 4562 honesta
416 4508 450 4565 ει
479 4492 621 4583 turpia,
655 4487 751 4581 Ergo
780 4486 913 4560 habent
941 4487 1067 4574 legem,
1118 4506 1240 4573 gamus
1256 4483 1410 4551 accusari
1428 4496 1463 4553 et
1480 4484 1662 4554 manifesta
1678 4504 1817 4578 peccata
1833 4503 1866 4560 et
1889 4488 2105 4587 hypocrisin,

10 4546 27 4691 ,ξ’
63 4596 334 4689 Consequentia
357 4609 409 4666 est
424 4598 513 4666 ¹nota
537 4619 576 4664 ex
601 4592 820 4664 definitione.
895 4588 985 4659 Nam
1009 4588 1064 4657 lex
1119 4587 1209 4655 sicut
1233 4606 1375 4653 necesse
1398 4597 1450 4653 est
1479 4587 1675 4674 praedicari
1701 4593 1976 4680 poenitentiam,
1997 4596 2105 4669 ,iusta

67 4700 223 4803 proprie
248 4711 298 4767 est
319 4698 380 4767 illa
404 4698 575 4767 naturalis
597 4698 748 4777 noticia,
773 4688 1064 4764 docenshonesta
1120 4689 1209 4757 illud
1234 4686 1441 4754 mandatum
1456 4681 1605 4757 Christi:
1642 4688 1692 4759 lta
1717 4694 1958 4784 praedicantes
1978 4697 2104 4788 poeni-

10 4832 19 4841 ·
67 4818 105 4877 at
127 4796 395 4893 reprehendens
416 4800 547 4893 turpia.
597 4799 796 4890 Diligenter
812 4812 929 4867 autem
945 4794 1066 4862 obser·
1119 4791 1265 4863 tentiam
1291 4801 1327 4857 ct
1349 4787 1592 4858 remissionem
1619 4809 1853 4882 peccatorum.
1921 4794 1967 4868 Et
1990 4822 2103 4892 quan.

70 4906 236 4977 eandum
260 4916 330 4984 est,
365 4906 460 4996 quod
484 4902 560 4974 ait:
592 4899 727 4973 Natura
751 4900 902 4982 faciunt,
944 4898 1067 4975 idest,
1120 4916 1226 4987 quam
1251 4890 1361 4982 aliqui
1386 4889 1646 4963 interludaeos
1668 4896 1812 4969 fuerunt
1834 4901 1962 4980 tancti,
1987 4916 2104 4968 tamen

76 5004 238 5079 naturali
265 5005 397 5074 noticia
418 5028 458 5073 ac
484 5005 634 5074 lumine.
698 4998 746 5072 Et
767 5014 914 5072 testatur
936 4997 1067 5068 Paulus
1121 4994 1252 5065 Paulus
1267 4990 1426 5087 loquitur
1439 4995 1484 5063 de
1497 4992 1650 5085 ludaeis,
1677 4997 1954 5092 quatenusnihil
1968 4996 2103 5072 babent

76 5104 147 5181 tae
172 5106 307 5191 verbo,
344 5104 501 5191 Natura,
533 5109 629 5200 quod
656 5104 789 5174 noticia
810 5103 873 5173 illa
897 5099 944 5171 sit
979 5123 1068 5191 opus
1121 5096 1190 5167 nisi
1208 5095 1338 5185 legem,
1364 5112 1528 5167 necsuut
1547 5101 1753 5173 sarrctilicati
1774 5103 1842 5171 fide
1869 5117 1903 5173 et
1925 5101 2108 5191 agnitione

77 5208 147 5283 ilci
170 5208 360 5282 eonditum
380 5210 422 5279 in
446 5222 584 5295 mente,
623 5207 715 5278 sicut
736 5208 858 5275 lumen
881 5204 920 5271 in
945 5200 1068 5277 oculis.
1122 5199 1287 5289 promissi
1305 5193 1453 5272 Christi.
1504 5195 1583 5268 Hoc
1608 5202 1703 5270 enim
1728 5205 1807 5274 vult
1827 5205 1984 5288 efficere,
2009 5204 2104 5296 qnod

74 5312 214 5386 Natura
240 5311 339 5382 enim
369 5311 513 5405 proprie
537 5312 713 5401 significat
732 5330 815 5397 ‚rem
845 5305 1068 5378 conditama
1119 5301 1193 5375 Lex
1208 5298 1446 5374 nonsufficiat
1461 5302 1505 5371 ad
1522 5301 1819 5382 iustificationem.
1880 5305 1996 5399 Quale
2017 5307 2109 5378 valet

128 5420 312 5487 densere.
330 5417 435 5486 Orsa.
463 5411 550 5489 Vos.
566 5418 644 5486 XV.
1553 5403 1604 5476 37

2037 1833 2108 1908 ltic'
2234 1926 2239 1933 Ι
