4522 5782
67 108 153 193 m:
245 104 348 184 Xlll·
398 107 436 183 8·
462 102 764 205 mutuatio
787 108 946 201 EPlS'l'.
969 109 1122 189 PAUlai
1146 107 1216 189 ΑΙ)
1241 107 1505 191 ROMANOS.
1554 109 1934 223 ARGUMENTUM.
2024 117 2109 219 ως.
2233 142 2241 153 .

17 338 21 343 .
66 292 194 365 west,
217 240 671 373 ateirilicsturperlilium
686 278 754 355 Dei
769 280 908 376 Spiritu
923 297 1057 368 sancto,
1106 289 1332 382 plicatorem.
1393 283 1528 360 §must
1556 285 1687 378 ggpmr,
1725 220 1764 360 ’ω
1789 312 1934 383 quoque
1955 222 2110 386 propter..

67 385 192 457 andita
215 382 469 477 promissione,
502 382 627 474 incipit
650 406 774 456 rursus
797 388 963 471 obedire,
998 388 1058 475 ita,
1107 415 1188 463 eum
1203 390 1332 481 recipi,
1356 401 1393 461 ει
1408 389 1472 460 scit
1489 385 1585 461 hunc
1602 391 1736 461 cultum
1755 403 1790 461 et
1810 386 1905 463 huuc
1925 387 2106 466 honorem.

67 511 117 559 ue
131 500 258 561 contra
274 487 525 565 conscientiam
540 485 661 560 faciat.
1110 495 1183 566 Deo
1202 495 1450 584 praestandum
1467 514 1558 578 esse,
1572 506 1610 565 ut
1623 491 1856 583 promissioni
1881 496 2019 581 credat,
2035 520 2100 567 nec

173 586 272 659 Haec
288 588 402 679 imago
427 586 801 679 conversionisAdae,
827 606 860 663 et
875 594 1055 686 quomodo
1107 609 1245 667 accuset
1267 591 1382 663 Deum
1405 593 1600 680 mendacii,
1626 594 1851 667 necdeliciat
1873 590 2008 683 aDe'o,
2034 622 2100 683 uec
2220 594 2225 605 ’

66 691 196 781 ειιιιὶιιιΙ
219 690 453 782 promissione
480 688 635 780 erigatur
666 693 752 778 fide,
791 710 826 765 et
855 697 902 765 sit
923 694 1057 778 iustus,
1107 709 1311 770 contemnat
1332 695 1573 770 mediatorem.

67 797 107 865 id
133 807 207 879 εει,
239 809 402 884 acceptus
424 787 521 876 Deo,
553 807 589 864 et
620 809 739 886 postes
767 819 888 867 rursus
909 797 1052 888 incipiat
1211 797 1252 867 ln
1269 794 1525 887 haeceaempla
1547 810 1581 869 ct
1613 795 1743 867 similia
1760 796 1939 870 intuentes
1957 799 2097 870 facilius

67 897 237 975 obedire,
269 916 408 986 semper
430 893 476 963 sit
504 894 542 962 in
574 910 784 989 conspectu,
818 898 900 991 quia
932 903 1055 968 eodem
1091 901 1345 988 intelligemus
1363 900 1561 970 doctrinam
1577 901 1620 968 de
1640 897 1911 985 lustilicatioue,
1938 923 2098 991 praescr·

67 1001 179 1069 modo
200 996 292 1067 liunt
319 995 504 1067 conversio
539 1010 572 1065 et
604 1000 799 1070 consolatio
828 1001 866 1070 in
899 1003 1056 1073 caeteris.
1108 1005 1170 1075 tim
1192 1003 1222 1072 si
1243 1002 1555 1072 nouerittanturn
1577 999 1705 1091 frigida
1729 1000 1836 1070 otiosi
1865 1001 1978 1071 animi
2000 1003 2098 1090 cogi·

68 1099 143 1173 Sed
164 1100 329 1169 doctrina
354 1097 487 1168 deiide
509 1097 683 1171 illustrior
706 1114 759 1171 est
790 1102 829 1170 iu
856 1103 972 1195 primo
995 1129 1055 1173 cx·
1108 1105 1214 1185 tatio,
1230 1107 1289 1173 sed
1305 1105 1333 1172 si
1351 1126 1415 1173 nos
1430 1126 1572 1197 quoque
1588 1103 1679 1171 serio
1694 1102 1957 1193 expavescimus
1977 1127 2097 1183 recor·

67 1201 208 1294 emplo,
233 1201 273 1270 in
294 1224 365 1294 quo
390 1222 530 1269 necesse
551 1215 601 1272 est
621 1202 729 1272 luisse
746 1198 936 1275 horribiles
951 1206 1054 1276 dolo·
1107 1207 1251 1278 datione
1266 1219 1468 1276 nostrorum
1487 1205 1716 1290 delictorum,
1741 1216 1775 1275 et
1789 1205 1995 1295 quaerimus
2011 1228 2097 1277 con·

66 1328 145 1389 res,
171 1316 208 1375 ει
228 1305 312 1396 quia
335 1301 616 1390 magnitudinem
640 1305 759 1396 lapsus
781 1308 893 1397 magis
915 1308 1055 1378 intelle·
1107 1309 1330 1381 solationem.

66 1408 119 1479 xit
134 1403 274 1485 Adam,
299 1404 361 1497 qui
383 1403 534 1493 sciebat,
559 1406 674 1497 qualis
688 1408 822 1494 iuerat,
850 1424 884 1481 ct
898 1411 979 1503 quia
999 1410 1055 1479 in·
1208 1410 1368 1482 Sciamus
1392 1408 1521 1500 igitur,
1545 1400 1639 1475 hanc
1661 1428 1735 1475 esse
1758 1406 1956 1477 doctrinam
1973 1405 2097 1480 Evan-

66 1506 230 1579 ssnabilc
258 1507 392 1576 malum
423 1528 496 1575 esse
529 1508 722 1596 cogitabat,
757 1533 837 1581 cum
869 1513 1056 1602 promissio
1107 1514 1208 1603 gelli,
1236 1516 1363 1605 deque
1378 1510 1510 1582 Pacilus
1533 1510 1571 1576 in
1595 1504 1660 1577 hac
1679 1503 1838 1598 Epistula
1854 1510 2096 1581 concionatur.

66 1608 343 1681 nondumedita
366 1621 473 1690 esset,
499 1621 533 1678 et
556 1611 640 1701 quia
663 1612 887 1683 reiectionem
911 1616 1055 1686 daemo-
1108 1613 1236 1707 Arguit
1268 1628 1467 1706 peccatum,
1506 1611 1593 1681 sicut
1629 1610 1797 1701 scriptum
1831 1624 1898 1679 est:
1941 1608 2096 1702 Spiritus

66 1736 157 1785 num
173 1722 290 1785 uorat.
336 1705 407 1781 Sed
431 1732 496 1778 uos
518 1709 625 1781 nimis
647 1713 769 1783 otiosis
797 1715 926 1787 animis
957 1718 1056 1787 illam
1106 1731 1249 1788 sanctus
1277 1730 1400 1806 arguet
1421 1719 1595 1784 mundum
1620 1714 1664 1780 de
1687 1722 1845 1802 peccato,
1872 1726 1906 1782 et
1929 1715 2095 1804 proponit

64 1828 203 1887 tautam
216 1808 401 1883 historiam
417 1806 596 1901 tegimus,
616 1815 655 1882 iu
670 1838 739 1907 qua
756 1829 827 1886 tam
844 1819 955 1889 multa
971 1844 1056 1890 con·
1107 1819 1404 1902 consolationem,
1438 1816 1621 1895 videlicet,
1665 1810 1932 1903 promissionem
1964 1815 2009 1882 de
2039 1838 2096 1883 rc-

66 1929 237 1999 curruut,
271 1937 423 2008 quorum
452 1913 522 1983 alia
550 1914 639 1983 iram
665 1914 732 1985 Dei
755 1918 952 2009 ingentem,
984 1923 1053 1991 alia
1107 1922 1276 1990 missione
1300 1931 1540 2009 peccatorum,
1567 1929 1600 1985 ει
1623 1914 1913 1984 reconciliatione
1928 1916 2095 1986 donanda

68 2015 1054 2105 immensammagnitudinemmisericordiaeostendunt.
1108 2037 1252 2115 propter
1274 2023 1385 2091 tilium
1407 2020 1493 2103 Dei,
1528 2031 1561 2087 et
1582 2016 1732 2086 affirmat
1763 2037 1843 2099 eos,
1874 2016 1935 2107 qni
1960 2018 1997 2085 in
2022 2018 2095 2086 illis

68 2119 180 2211 Quod
194 2118 292 2189 enim
310 2117 435 2209 recipit
451 2117 549 2187 Deus
566 2113 729 2190 homines
743 2122 879 2215 lapsos,
904 2149 984 2196 cum
1000 2126 1056 2196 iu·
1109 2126 1300 2218 pavoribus
1322 2125 1492 2206 credunt,
1525 2120 1595 2190 sibi
1624 2117 1758 2186 remitti
1785 2131 1923 2206 peccata
1948 2133 2094 2210 propter

65 2224 169 2297 elicis
185 2221 261 2293 eius
274 2219 322 2290 sit
334 2219 587 2305 immutabilis,
612 2235 646 2291 et
664 2227 760 2315 quod
782 2226 833 2296 sic
851 2226 991 2318 recipit,
1017 2241 1057 2300 ul
1106 2229 1220 2298 filium
1241 2225 1492 2303 mediatorem,
1526 2223 1653 2309 gratis,
1687 2243 1768 2287 vere
1789 2218 1919 2308 recipi,
1944 2232 1979 2289 et
2000 2222 2093 2290 acci·

65 2326 164 2399 lilius
186 2323 248 2395 hat
272 2321 435 2405 victims,
469 2317 554 2391 haec
586 2323 747 2394 miranda
778 2328 925 2398 consilia
950 2331 1056 2421 longe
1105 2354 1189 2424 pere
1214 2328 1457 2398 remissionem
1481 2337 1723 2415 pcccatorum,
1753 2333 1787 2389 et
1809 2319 1915 2387 simul
1937 2343 2017 2389 cum
2036 2346 2092 2390 re·

67 2434 239 2521 superant
266 2423 427 2495 omnium
457 2436 698 2496 creaturarum
727 2431 950 2520 sapientiam.
1007 2431 1056 2503 Et
1107 2432 1275 2505 missione
1289 2443 1512 2525 peccatorum
1536 2430 1642 2495 datur
1663 2421 1818 2513 Spiritus
1842 2435 1999 2508 sanctus,
2031 2424 2093 2516 qui

67 2547 187 2603 tamen
204 2529 282 2598 vult
294 2522 403 2610 Deus,
423 2538 464 2596 ut
484 2549 584 2595 suam
607 2527 781 2599 iusticiam
803 2548 837 2604 et
852 2534 1055 2604 misericor·
1106 2535 1251 2605 adiuvat
1265 2533 1457 2603 luctantem
1481 2525 1752 2608 conscientiam,
1784 2538 1818 2593 et
1839 2537 2094 2596 sustentantem

69 2634 169 2706 diam
190 2630 311 2723 aliquo
335 2630 443 2698 modo
465 2626 504 2696 iu
531 2622 596 2698 hac
613 2629 684 2701 vita
706 2635 989 2718 consideremus,
1015 2650 1056 2707 ut
1106 2638 1246 2720 selide,
1273 2648 1308 2704 et
1322 2633 1428 2703 simul
1449 2630 1609 2700 accendit
1625 2639 1778 2696 caeteras
1802 2625 1967 2711 virtutes,
1993 2629 2091 2696 scili-

70 2737 310 2809 accendantur
322 2730 361 2798 in
376 2729 483 2801 nobis
498 2754 601 2800 verus
618 2731 740 2819 timor,
768 2761 851 2807 vera
875 2738 970 2823 fides,
997 2739 1053 2807 in·
1105 2754 1158 2810 cet
1181 2737 1443 2806 invocationem
1468 2730 1553 2814 Dei,
1586 2744 1621 2801 et
1647 2728 1832 2798 confirmat
1857 2728 2090 2815 voluntatem,

68 2841 231 2922 vocatio,
254 2832 455 2925 gratitudo,
481 2831 644 2919 dilectio,
668 2849 701 2905 et
719 2852 873 2909 caeterae
895 2841 1053 2914 virtutes.
1105 2854 1145 2909 ut
1172 2862 1209 2909 se
1235 2839 1402 2909 subiiciat
1421 2833 1515 2918 Deo,
1551 2829 1678 2903 habeat
1703 2832 1866 2899 timorem
1891 2827 1976 2915 Dei,
2001 2831 2092 2900 dile·
2150 2902 2160 2923 Ι

170 2936 334 3011 Alterum
350 2934 547 3024 exemplum
564 2934 956 3011 sitconversioDavidis
975 2956 1053 3035 post
1103 2942 1256 3012 ctionem
1279 2955 1312 3009 ει
1328 2941 1461 3009 bonum
1476 2936 1714 3028 propositum,
1740 2931 1830 2999 sient
1853 2931 1946 2999 clare
1960 2933 2092 3003 dicitur

65 3046 226 3136 lapsum,
251 3039 291 3109 in
314 3061 384 3131 qua
410 3037 515 3108 etiam
536 3039 805 3129 conspiciuntur
828 3038 865 3111 hi
886 3046 957 3117 duo
977 3070 1052 3113 mo·
1103 3047 1147 3113 ad
1165 3040 1268 3118 Gala.
1285 3044 1336 3115 S:
1368 3039 1416 3112 Ut
1434 3036 1702 3130 promissionem
1717 3032 1861 3120 spiritus
1879 3034 2090 3123 accipiamus

67 3165 143 3232 tus,
169 3145 295 3233 ingens
317 3164 445 3231 pavor,
478 3153 511 3208 et
534 3141 663 3209 deiude
695 3144 902 3217 consolatio.
961 3145 1051 3215 Nam
1104 3146 1298 3237 perfidem.
1351 3140 1448 3211 Haec
1462 3140 1627 3209 voluntas
1642 3134 1786 3216 Dei,de
1804 3135 2090 3205 reconciliatione

64 3272 149 3319 curu
171 3272 192 3317 a
214 3236 391 3336 Propheta
411 3236 550 3312 Nathan
573 3244 751 3332 arguitur,
784 3249 828 3317 de
844 3259 943 3338 rapta
965 3272 1052 3317 con·
1104 3261 1248 3338 propter
1271 3248 1402 3328 hlium,
1429 3266 1502 3311 non
1526 3255 1578 3311 est
1601 3251 1684 3308 nola
1709 3230 1916 3303 homiuibus
1936 3237 2089 3306 naturali

65 3348 329 3441 iogealterius,
356 3346 447 3416 etde
468 3368 554 3414 nece
576 3345 716 3430 mariti,
744 3348 897 3419 existunt
922 3347 1051 3419 inDa·
1104 3351 1196 3434 luce,
1234 3351 1324 3420 sicut
1355 3348 1432 3430 lex,
1468 3346 1527 3413 scd
1563 3345 1734 3411 immensa
1761 3337 1916 3405 bonitate
1939 3339 2089 3408 interce-

65 3452 150 3523 v'llle
179 3446 351 3521 horrendi
379 3468 545 3536 P³l⁰le⁸s
577 3448 700 3537 quales
733 3474 834 3540 saepe
865 3453 1049 3521 describit:
1102 3457 1207 3521 dente
1230 3452 1322 3530 lilio,
1352 3446 1523 3540 patefacta
1549 3460 1600 3513 est
1625 3467 1709 3511 voce
1724 3437 1787 3507 Dei
1812 3438 1916 3507 initio
1941 3438 1978 3508 in
2004 3464 2087 3532 pro-

61 3554 147 3629 Non
171 3567 223 3624 est
238 3575 304 3643 pax
320 3549 458 3619 ossibus
480 3549 567 3616 meis
582 3571 603 3617 a
620 3566 808 3641 conspectu
826 3566 1049 3642 peccatorum
1101 3554 1348 3634 missionibus,
1388 3564 1422 3620 et
1454 3561 1573 3638 postea
1596 3546 1767 3614 illustrata
1793 3564 1856 3632 per
1879 3537 2086 3634 Prophetas,

60 3668 305 3729 sueorumetc.
356 3652 526 3742 Agnoscit
551 3650 639 3719 iram
656 3649 723 3721 Dei
744 3656 912 3725 adversus
928 3680 1049 3746 pecca·
1101 3657 1294 3747 peripsum
1312 3654 1421 3721 lilium
1448 3663 1482 3719 et
1500 3646 1700 3739 Apostolos.

60 3744 160 3844 suin,
185 3756 282 3827 dolet
306 3768 510 3845 propterea,
535 3755 629 3845 quod
646 3753 795 3825 offendit
813 3754 947 3840 Deum,
974 3783 1048 3825 me·
1203 3754 1417 3847 Quanquam
1438 3766 1554 3821 aulem
1575 3747 1756 3846 perspicue
1780 3746 1908 3815 tradita
1931 3758 1981 3814 est
1999 3739 2085 3813 haec

59 3854 448 3939 tuitscabiiciaDeo,
474 3856 564 3924 sicut
578 3872 658 3924 ante
676 3859 811 3927 viderat
827 3853 1049 3930 horribiliter
1101 3861 1261 3928 doctriua
1280 3859 1318 3925 in
1338 3847 1522 3953 Prophetis
1537 3847 1915 3941 etApostolis,taruen
1934 3846 2085 3915 subinde
2170 3927 2174 3935 Ι

58 3962 169 4036 abiici
185 3960 341 4035 Saulem.
394 3958 561 4050 Denique
582 3959 706 4028 metuit
721 3974 880 4029 aeternas
897 3975 927 4030 ει
947 3987 1047 4052 prae·
1099 3963 1136 4029 in
1160 3964 1294 4031 mundo
1322 3958 1418 4026 varie
1449 3955 1634 4024 obscurata
1664 3965 1726 4023 est.
1802 3945 1978 4018 Monendi
2000 3960 2082 4017 sunl

61 4079 181 4137 sentes
202 4086 353 4155 poenas,
384 4084 450 4131 nec
479 4060 549 4127 iam
579 4060 744 4149 colligere
775 4063 898 4133 merita
923 4078 1048 4155 potest,
1100 4065 1207 4152 igitur
1227 4062 1403 4142 iuniores,
1438 4071 1477 4126 ιιι
1502 4057 1656 4125 nativam
1671 4050 1856 4138 Evangelii
1872 4049 2080 4119 senteutiam

59 4170 160 4239 ridet
180 4167 255 4236 irae
268 4162 336 4233 Dei
351 4187 425 4233 nou
444 4184 542 4251 posse
558 4163 691 4252 opponi
705 4187 785 4233 suas
801 4164 960 4249 virtutes,
986 4179 1047 4235 aut
1097 4167 1283 4239 retineant,
1342 4160 1585 4229 Certissimum
1610 4169 1678 4237 est,
1711 4151 1861 4221 Paulum
1886 4146 1954 4221 boc
1980 4151 2083 4235 velle,

59 4272 182 4363 priora
206 4269 316 4351 lacta,
350 4279 383 4337 et
398 4268 661 4352 extingueretur
676 4267 921 4355 magnitudine
943 4268 1045 4336 dolo·
1070 4308 1073 4337 ;
1097 4261 1218 4337 Fide
1243 4265 1471 4337 iustificamur
1492 4258 1619 4347 gratis,
1643 4256 1679 4324 id
1704 4269 1773 4335 est,
1800 4267 1945 4345 propter
1968 4251 2081 4321 lilium

56 4374 119 4459 ris,
143 4370 215 4441 nisi
231 4371 409 4440 accederet
431 4365 643 4436 consolatio:
667 4364 749 4435 Non
774 4369 947 4453 morieris,
971 4366 1046 4438 Do·
1069 4340 1074 4449 l
1097 4368 1182 4454 Dei,
1205 4384 1238 4440 et
1254 4391 1327 4437 non
1344 4378 1486 4456 propter
1503 4373 1658 4429 nostram
1674 4357 1901 4445 dignitatem,
1929 4368 1990 4425 aut
2008 4354 2080 4424 ulla

55 4476 178 4545 minus
199 4471 346 4542 abstulit
369 4485 553 4562 peccatum¹
575 4483 688 4541 tuum.
740 4468 816 4539 Hac
838 4472 956 4541 audita
982 4473 1046 4539 ab·
1069 4458 1073 4551 i
1096 4487 1215 4542 nostra
1232 4470 1356 4540 merila
1379 4463 1570 4554 accipimus
1583 4460 1826 4529 rerrrissionem
1845 4470 2081 4547 pcccatorum,

17 4576 241 4648 ,solutione
261 4596 383 4644 rursus
406 4571 609 4642 accenditur
631 4571 668 4638 in
685 4595 726 4639 eo
758 4573 861 4657 tides,
889 4598 957 4666 qua
981 4598 1043 4661 ap·
1069 4558 1073 4681 l
1097 4591 1130 4645 et
1161 4569 1485 4643 reconciliationem
1528 4577 1560 4631 et
1607 4560 1876 4651 imputationem
1910 4560 2079 4647 iusticiae,

58 4662 288 4772 prehendens
302 4674 579 4758 absolutionem,
605 4673 730 4764 incipit
753 4675 884 4746 intueri
906 4675 1044 4743 miscri-
1070 4684 1073 4691 '
1096 4701 1174 4745 cum
1191 4675 1367 4742 cre'dimus
1382 4667 1597 4755 Evangelio,
1624 4677 1656 4733 et
1674 4664 1741 4731 hele
1765 4661 1969 4743 statuimus,
1993 4654 2080 4727 haec

57 4780 220 4853 cordiam
234 4775 320 4861 Dei,
340 4790 374 4848 et
389 4777 518 4866 cogitat
531 4776 600 4844 iam
616 4789 767 4846 caeteras
782 4778 1045 4869 promissiones,
1069 4858 1072 4867 ,
1095 4777 1263 4846 beneficia
1277 4775 1380 4844 nobis
1397 4791 1538 4862 propter
1555 4766 1666 4835 filium
1683 4765 1746 4834 Dei
1764 4764 1861 4843 dari,
1890 4762 2078 4854 etquidem

58 4897 93 4953 et
117 4883 159 4952 iu
182 4881 376 4951 mediatore
398 4878 604 4971 acquiescit,
638 4903 678 4946 ac
703 4880 860 4968 agnoscit
881 4875 1044 4950 homines
1069 4874 1072 4921 ἶ
1096 4880 1205 4950 credit
1229 4875 1312 4946 haec
1328 4877 1413 4943 hdes
1430 4872 1595 4941 omnihus
1612 4867 1769 4936 articulis
1786 4865 1888 4948 fidei,
1915 4877 1950 4932 et
1975 4863 2080 4930 refert

57 4984 171 5077 recipi
192 5006 255 5075 per
271 4983 477 5051 immensam
494 4980 769 5049 misericordiam
789 4996 931 5072 propter
947 4984 1044 5051 sumss
1067 4924 1072 5035 l
1096 4999 1249 5053 caeteros
1267 4983 1309 5049 ad
1334 4973 1430 5046 hunc
1451 4973 1565 5064 ipsum
1588 4968 1793 5038 articulum:
1819 4962 2078 5035 Remissionem

59 5111 161 5158 mum
201 5086 438 5168 sacerdotem,
492 5082 777 5172 interpellantem
826 5108 889 5174 pro
929 5088 1044 5167 nobis,
1068 5040 1072 5125 l
1096 5099 1333 5174 peccatorum,
1368 5080 1412 5147 de
1436 5099 1508 5168 quo
1528 5070 1676 5141 articulo
1700 5094 1772 5138 nnn
1797 5079 1939 5181 tantum.
1958 5064 1995 5181 ip
2019 5086 2080 5180 ge·

55 5212 165 5282 quem
183 5187 258 5279 ipse
273 5186 433 5273 nominat
442 5181 667 5255 Sacerdotem
675 5187 867 5254 secundum
880 5186 1043 5255 ordinem
1067 5130 1071 5263 l
1095 5210 1178 5254 uere
1194 5185 1409 5254 credendum
1427 5191 1495 5259 est,
1521 5172 1732 5267 quibusdam
1755 5168 1835 5236 aliis
1851 5179 2004 5283 remitti,
2030 5189 2078 5232 ει-

57 5283 341 5361 Mclchizedech.
394 5262 514 5357 'Hunc
546 5287 613 5356 scit
649 5310 722 5358 esse
748 5289 978 5358 mediatorem
1009 5303 1044 5359 et
1066 5272 1073 5370 i
1095 5304 1153 5358 cut
1170 5300 1204 5357 et
1220 5289 1409 5357 daemones
1426 5280 1593 5359 credunt,
1619 5273 1680 5342 scd
1698 5293 1817 5340 revera
1831 5269 1898 5339 tibi
1913 5289 1980 5358 rpsr
2004 5289 2079 5336 cre-

107 5398 291 5467 Mesenen.
318 5395 423 5465 Orrn.
463 5394 545 5458 Vos.
569 5395 648 5462 XV.
1404 5375 1451 5451 51
