4522 5782
184 153 421 259 aust·
601 206 638 241 .-
767 160 1610 259 numuruserurrauxnoanca
1741 158 2003 227 ,μυ
2136 160 2253 305 ιωΙ

185 357 344 431 Locutus
384 365 435 424 est
463 347 641 425 Domirm
677 344 775 422 Deus
811 361 958 421 cunctos
991 368 1172 419 semones
1221 350 1451 424 clamationes
1465 378 1541 424 non
1555 353 1735 447 pectinent
1754 354 1800 427 sd
1814 348 1912 428 bunc
1932 356 2070 430 locum.
2120 356 2209 433 Pau·
2244 334 2257 417 Ι·

146 453 149 459 ’
189 454 257 531 hos
272 473 354 539 etc„
380 469 421 526 ut
434 456 539 527 sciret
556 452 710 546 populus
722 452 876 545 proponi
891 474 965 523 non
980 446 1173 522 humanam
1221 453 1279 524 lus
1307 453 1405 524 eninr
1429 449 1586 528 hicnon
1609 458 1814 549 deprivatr
1843 460 2013 529 servitute
2043 458 2208 555 loquitur,
2258 483 2259 486 ’

190 562 409 638 doctrinam,
435 561 495 628 sed
519 573 614 628 certo
636 569 671 626 et
693 577 852 646 expresse
868 550 1175 626 traditamaDeo.
1221 558 1283 625 sed
1314 557 1359 625 de
1386 556 1525 641 officio,
1560 574 1662 630 vocat
1686 581 1724 630 se
1744 580 1907 643 servum,
1940 560 1979 631 id
2004 576 2075 648 est,
2107 566 2206 635 mini-
2246 580 2258 589 “

191 662 243 737 lta
261 661 393 733 Paulos
409 660 589 751 praefatur
608 681 646 729 se
668 680 743 729 csse
757 654 990 747 Apostolum,
1015 678 1089 724 non
1107 651 1176 724 hu·
1222 669 1336 728 strum
1366 674 1543 749 gerentem
1580 661 1736 734 officium
1767 665 1949 757 pertinens
1984 665 2031 735 ad
2066 688 2203 759 regnum

190 788 297 835 mano
313 761 446 833 iudicio
463 763 625 842 electum,
648 761 709 829 sed
727 754 861 831 Christi
877 781 973 841 voce,
999 781 1039 826 ac
1053 752 1178 827 Eran-
1222 754 1371 832 Christi.

192 866 324 957 gelium
348 865 486 935 adferre
508 864 682 934 divinitus
706 861 894 931 traditum:
920 871 955 930 et
979 854 1070 928 hanc
1096 881 1178 928 sen-

67 1026 68 1030 =
192 969 358 1052 tentiam,
391 990 497 1058 quam
520 967 564 1035 de
586 966 680 1056 lege,
707 966 760 1032 'de
784 962 1102 1051 promissionibus,
1134 960 1178 1030 de
1554 1045 1564 1063 .
2255 1026 2258 1031 ,

193 1081 356 1162 peccato,
388 1071 432 1138 dc
454 1067 586 1157 gratia,
618 1069 663 1137 de
695 1064 763 1133 fide
787 1064 975 1154 proponit,
1008 1085 1082 1131 non
1105 1085 1179 1132 esse
1251 1144 1261 1164 ·
1327 1041 1370 1114 Id
1386 1068 1427 1114 er
1444 1040 1585 1117 Galatas
1600 1051 1727 1122 melius
1742 1051 1892 1144 intelligi
1909 1065 2046 1145 potest,
2070 1056 2134 1128 ubi
2148 1060 2200 1129 ad·
2255 1072 2258 1079 '

192 1167 390 1243 hurnanum
404 1169 607 1254 inventum,
626 1169 687 1238 scd
702 1165 875 1236 divinitus
889 1166 956 1255 ipsi
973 1165 1179 1255 patefactam
1225 1143 1718 1239 d¹l⁸⁶¹¹⁰⁰⁸bh⁰ffllsslb⁰⁸s
1746 1178 1862 1247 neque
1880 1179 1943 1248 Per
1963 1150 2128 1229 homines
2146 1150 2200 1232 io·
2254 1164 2257 1169 ’

195 1273 543 1357 etcommendatam,
568 1284 701 1340 uteam
717 1265 885 1339 Ecclesiis
907 1271 1032 1338 tradat.
1095 1266 1180 1336 ldeo
1225 1252 1538 1367 “lumesssesf‘d
1562 1278 1623 1345 per
1640 1252 1755 1326 lesum
1769 1252 1952 1328 Christum
1971 1256 2200 1356 etDeumpa·
2253 1358 2256 1363 Ι

194 1399 269 1445 non
293 1372 529 1454 oriosctories
552 1366 611 1441 hic
634 1385 669 1442 et
690 1370 778 1440 alibi
806 1371 933 1460 repetit
961 1369 1180 1440 mentionem
1228 1363 1332 1423 irem·
1362 1349 1633 1442 ·¹d¹¹8¹¹lsl⁰³ls
1658 1381 1739 1427 ⁰⁰¹⁰
1757 1352 2078 1432 hl⁰⁸²V⁰⁶⁸¹⁰⁰⁰
2095 1366 2202 1454 ”¹¹8⁸-
2254 1380 2257 1385 ’

195 1475 355 1547 muneris
372 1475 428 1544 sui
446 1488 480 1545 et
498 1475 652 1544 inculcat
667 1472 802 1543 titulos.
852 1469 949 1542 Haec
968 1494 1181 1541 cocommc-
1227 1478 1305 1525 ¹²⁰1
1323 1454 1629 1544 ⁰⁰¹¹⁸i⁰¹¹³¹⁰f²¹¹¹s
1652 1461 1714 1529 Sed
1734 1455 1870 1554 κὶητόν
1891 1453 2115 1540 ἀπόστολον.
2165 1464 2204 1540 Et
2255 1468 2259 1473 ’

195 1579 366 1649 moranda
390 1589 491 1661 sunt,
514 1591 554 1646 ut
575 1577 730 1664 legamus
745 1572 916 1654 Paulum,
942 1597 1016 1642 non
1038 1585 1079 1643 ut
1093 1570 1195 1643 Am:
1215 1551 1504 1675 'haeuscntentiae
1519 1564 1754 1651 opponendae
1774 1576 1856 1633 sunt
1872 1559 1949 1661 ,hoc
1972 1578 2131 1658 ternpore
2148 1566 2205 1638 l’s-¹

196 1680 374 1762 brosium,
406 1692 469 1748 aut
489 1678 728 1767 Augustinom
751 1676 921 1764 legimus,
960 1689 1099 1752 tantum
1119 1698 1184 1744 ceu
1228 1659 1347 1750 Plslsss
1387 1682 1540 1751 q⁰⁰ffl¹¹¹
1563 1677 1661 1733 1⁸¹¹ss
1687 1678 1741 1735 0⁸1
1761 1664 2002 1756 impudenliss
2035 1681 2078 1739 ul
2097 1684 2206 1762 operte

198 1782 376 1852 eruditum
399 1781 627 1870 interpretem
642 1771 869 1869 propheticae
884 1779 1098 1868 scripturae,
1123 1775 1184 1845 scd
1230 1761 1350 1832 ⁸¹¹⁸issl
1373 1762 1523 1845 diffres
1549 1787 1623 1833 ¹¹0⁰
1648 1764 1726 1856 plus
1746 1788 1820 1837 esse
1851 1769 2069 1839 credendum
2092 1770 2208 1864 Paulli,

186 1896 239 1954 'ut
252 1897 347 1953 certo
363 1884 578 1952 adferentem
593 1881 777 1950 coelestem
792 1880 1015 1964 doctrinam,
1040 1879 1098 1949 cui
1120 1901 1184 1948 ne·
1230 1886 1336 1956 quam
1358 1860 1524 1935 R⁰m³¹¹⁰
1547 1864 1732 1953 Pontifici,
1772 1881 1833 1939 aut
1862 1867 2061 1961 Episcopis.
2124 1871 2209 1945 lma·

199 2006 293 2054 cesse
314 1999 365 2055 est
386 1984 564 2054 assentiri.
635 1979 770 2075 Estque
793 1981 983 2072 diligenter
1017 1976 1186 2051 hocloco
1231 1965 1400 2056 Simul!
1428 1962 1580 2037 Paulum
1611 1991 1685 2039 esse
1705 1967 1819 2041 ‘irum
1846 1970 2002 2064 aliquem
2033 1986 2098 2047 sut
2121 2000 2211 2049 erro-

199 2088 432 2157 discerncnda
461 2083 654 2178 apostolica
682 2083 842 2170 vocatio,
867 2084 913 2154 ab
932 2082 1101 2176 Episcopi
1123 2106 1187 2152 vo-
1232 2092 1335 2153 ¹¹0¹¹¹2
1380 2066 1441 2160 qul
1475 2069 1552 2139 ⁸3⁰⁶
1580 2072 1769 2143 sutoritsle
1799 2088 1963 2164 vagatus,
1995 2087 2031 2144 el
2061 2078 2212 2170 pertina-

199 2189 348 2263 cafiffl,
1234 2170 1321 2239 citer
1343 2170 1388 2237 de
1413 2169 1584 2260 religione
1606 2174 1740 2244 rixatus
1762 2175 1818 2245 sit.
1868 2175 1942 2245 Nos
1962 2188 2083 2246 autem
2103 2182 2215 2254 audita

1234 2267 1400 2370 Apostoli
1419 2273 1619 2359 mentione,
1642 2277 1837 2365 cogitemus
1858 2272 2066 2369 prophetica
2090 2284 2217 2355 sutori·

1235 2385 1306 2444 tate
1329 2397 1409 2442 eum
1436 2375 1657 2463 concionari,
1690 2392 1727 2449 et
1752 2379 1827 2448 eius
1848 2381 1942 2450 dicta
1965 2394 2137 2475 tanquam
2159 2412 2218 2457 ro·

1235 2499 1310 2545 cem
1334 2472 1402 2544 Dei
1422 2477 1467 2545 de
1492 2477 1590 2547 coelo
1615 2494 1798 2550 sonantem
1815 2482 2040 2572 accipiamus.
2095 2485 2218 2573 Hosti

1235 2577 1492 2751 cogitabimus,
1530 2580 1634 2652 valde
1664 2605 1730 2653 nos
1758 2581 1836 2654 eius
1867 2586 2061 2657 sententiae
2096 2591 2219 2662 conlit-

1235 2702 1292 2748 ma
1319 2692 1395 2755 unt.

1630 908 1810 990 Vocatus.

301 2336 496 2431 Apostolus
521 2350 573 2409 est
603 2336 805 2431 immediate
829 2360 849 2406 a
871 2332 1014 2409 Christo
1039 2350 1186 2407 vocatus

201 2442 460 2511 adducendum
478 2436 711 2528 Evangelium
721 2489 733 2524 ,
762 2453 796 2509 et
811 2436 918 2509 habet
938 2453 1070 2510 certum
1087 2440 1185 2510 lesti-

201 2543 363 2612 monium
385 2565 468 2611 suae
491 2543 691 2624 doctrinae,
714 2543 810 2635 quod
827 2542 874 2611 sit
892 2541 1032 2627 divina,
1054 2565 1094 2613 ac
1109 2567 1185 2612 ccr-

202 2658 278 2715 tum
297 2658 347 2713 est
361 2667 441 2714 eum
462 2639 592 2712 habere
608 2642 783 2732 Spiritum
798 2656 977 2726 sanctum,
1002 2657 1037 2713 et
1058 2644 1096 2713 in
1118 2646 1185 2713 do·

201 2747 316 2837 ctrina
339 2770 412 2815 non
436 2754 572 2832 errare,
601 2768 640 2816 ac
664 2759 778 2837 potest
798 2745 931 2840 ubique
951 2745 990 2815 in
1018 2747 1185 2818 omnibus

201 2844 369 2919 Ecclesiis
386 2850 522 2919 docere.
1388 2860 1615 2960 Segregolus
1632 2859 1689 2935 ad
1702 2859 1955 2962 Evangelium
1971 2865 2062 2949 Dei.

303 3000 352 3073 At
366 2996 563 3093 Episcopus
577 3014 629 3072 est
643 3015 787 3073 vocatus
801 3025 864 3092 per
881 2997 1042 3073 homines
1058 3005 1101 3072 ad
1120 3005 1186 3073 do-
1337 2996 1509 3072 Nominat
1533 3023 1642 3092 genus
1668 3002 1820 3091 negotii,
1843 3005 1939 3096 quod
1963 3007 1996 3075 ei
2020 3012 2219 3087 mandatnm

163 3152 169 3179 r
202 3106 352 3175 cendum
370 3103 622 3195 Evangelium,
647 3119 742 3174 certo
756 3106 855 3190 loco,
881 3118 915 3174 et
930 3119 1043 3193 potest
1058 3129 1187 3189 errare,
1237 3104 1324 3188 fuit,
1363 3103 1483 3195 inquit
1505 3094 1541 3171 s'e
1566 3103 1741 3172 delectum
1772 3127 1846 3173 esse
1879 3108 1924 3174 ad
1957 3118 2219 3203 propagandum

22 3216 30 3225 ”
154 3279 159 3291 ,
203 3232 269 3278 nec
293 3229 431 3276 necesse
458 3221 509 3276 est
532 3219 665 3275 certum
689 3230 782 3285 esse,
808 3207 905 3298 quod
930 3202 1188 3296 habeatSpiri·
1238 3205 1485 3294 Evangelium.
1539 3202 1612 3273 lam
1636 3200 1801 3276 hocloco
1828 3208 2032 3280 meminisse
2055 3214 2253 3291 lectorcm'

204 3324 279 3379 turn
295 3320 467 3379 sanctum.
508 3305 562 3375 Ex
580 3302 637 3375 his
652 3308 950 3397 descriptionibus
966 3309 1076 3378 multa
1094 3310 1188 3379 iudi·
1238 3320 1398 3399 oportet,
1422 3306 1616 3398 plurimum
1640 3307 1809 3377 iuteresse
1831 3308 1926 3379 inter
1949 3306 2034 3382 baec
2058 3318 2133 3390 duo
2158 3323 2217 3391 do.

176 3411 275 3479 -cari
301 3429 462 3499 possunt.
520 3408 568 3480 Ut
591 3409 684 3478 enim
709 3405 908 3499 Prophetae
928 3410 966 3476 in
987 3410 1120 3501 populo
1138 3409 1189 3479 ls-
1239 3409 1373 3480 ctrinae
1393 3430 1539 3498 genera,
1571 3409 1664 3477 inter
1686 3409 1797 3498 legem
1817 3407 2118 3502 etEeangelium.
2167 3424 2217 3497 Da

203 3512 281 3581 rust
300 3512 405 3598 longe
435 3509 691 3579 antecellebant
711 3512 974 3591 sacerdotibus,
1012 3525 1047 3582 et
1076 3513 1188 3581 multa
1239 3534 1281 3580 eo
1298 3511 1504 3579 discrimine
1526 3525 1562 3580 et
1585 3533 1690 3600 supra
1714 3513 1847 3582 dictum
1871 3526 1924 3583 cst
1940 3513 1978 3583 in
1994 3520 2216 3615 praelatione,

205 3614 355 3702 agebant
371 3608 530 3695 heroica,
558 3634 648 3704 quae
671 3635 744 3680 non
767 3614 981 3682 concedebat
997 3613 1053 3682 lex
1078 3627 1208 3685 caete-.
1240 3626 1274 3683 et
1290 3612 1383 3680 infra
1404 3613 1595 3682 dicendum
1616 3612 1682 3681 erit
1706 3614 1819 3704 capite
1840 3614 1958 3688 tertio.
2020 3618 2100 3711 lpse
2119 3628 2216 3700 etiam

207 3716 255 3784 ris
278 3713 533 3784 sacerdotibus:
568 3715 616 3783 ita
632 3709 795 3803 Apostoli
818 3714 1039 3784 vocationem
1056 3710 1189 3785 habent
1239 3714 1340 3784 addit
1368 3715 1643 3805 descriptionem·
1663 3712 1869 3803 Evangelii:
1909 3713 2146 3812 Evangelium
2173 3744 2216 3803 ast

205 3818 309 3907 longe
324 3813 541 3905 superiorem
564 3815 708 3884 cacteris
721 3811 925 3907 Episcopis,
951 3817 1062 3907 legem
1082 3819 1189 3886 abro·
1239 3815 1427 3907 promissio
1441 3817 1614 3886 divinitus
1629 3816 1731 3902 iacta,
1744 3819 1872 3889 tradita
1887 3820 1926 3887 in
1942 3824 2128 3916 scripturis
2142 3856 2214 3903 san·

204 3932 309 4009 gant,
347 3930 476 3986 vocant
506 3931 627 4007 gentes
655 3919 700 3985 ad
731 3918 930 3987 societatem
962 3918 1086 4008 populi
1109 3916 1189 4003 Dei,
1239 3918 1322 4001 ctis,
1348 3921 1392 3987 de
1408 3916 1483 3988 lilio
1498 3916 1565 3987 Dei
1581 3918 1680 3999 Iesu,
1707 3933 1790 3991 nato
1812 3943 1853 3989 cx
1876 3923 2010 3993 semine
2028 3928 2147 4004 David
2169 3958 2215 4005 se·

206 4033 372 4090 enarrant
391 4020 561 4090 obscuros
582 4019 749 4089 articulos
771 4021 814 4087 de
836 4017 984 4104 Messio,
1025 4022 1121 4113 quod
1145 4022 1190 4091 sit
1240 4021 1396 4090 cundum
1420 4044 1580 4105 carnem,
1611 4021 1787 4092 declarato
1810 4035 1928 4093 autem
1950 4024 2024 4098 filio
2048 4030 2136 4122 Dei,
2160 4062 2215 4129 po-

205 4122 299 4191 lilius
313 4120 399 4207 Dei,
423 4122 518 4213 qnod
536 4144 609 4189 non
626 4120 733 4190 fuerit
748 4117 934 4191 habiturus
954 4122 1104 4211 regnum
1127 4147 1191 4213 po·
1240 4134 1346 4192 tente·
1358 4146 1421 4213 per
1436 4121 1609 4213 Spiritum
1633 4123 1925 4209 sanctificantem,
1958 4138 2163 4210 resuscitato
2180 4163 2214 4211 er

207 4224 356 4293 liticum.
422 4220 594 4311 Expresse
614 4222 822 4312 impertiunt
844 4223 1087 4292 remissionem
1110 4249 1192 4316 pec·
1241 4225 1409 4309 mortuis,
1437 4226 1501 4317 qui
1525 4238 1576 4295 est
1590 4223 1753 4309 Messias,
1786 4249 1848 4296 seu
1861 4224 1958 4315 Rex,
1983 4254 2047 4322 per
2068 4264 2170 4333 quem
2183 4242 2214 4313 fit

205 4338 382 4408 catorum,
408 4330 503 4415 quod
523 4325 720 4393 sacerdotes
734 4323 882 4394 Levitici
899 4326 1123 4418 nequaquam
1139 4328 1190 4395 sc·
1240 4327 1403 4396 liberatio
1417 4349 1437 4395 a
1453 4340 1595 4417 peccato
1611 4341 1678 4397 eta
1697 4341 1810 4397 morte
1824 4343 1979 4406 aeterna.
2254 4402 2257 4407 ,

207 4440 338 4498 cerarrt.
409 4422 590 4495 Enarrant
623 4426 811 4495 articulum
846 4427 890 4495 de
921 4427 1062 4496 iusticia
1095 4424 1192 4513 fidei,
1344 4425 1441 4497 llaec
1465 4428 1624 4498 delinitio
1653 4429 1712 4500 liet
1739 4430 1938 4513 illustrior,
1978 4436 2008 4505 si
2038 4439 2213 4516 antithesis
2246 4470 2250 4475 ·

206 4550 311 4620 quem
329 4527 429 4617 pauci
453 4527 490 4594 in
512 4527 644 4617 populo
660 4527 746 4616 legis
770 4543 870 4599 antea
893 4529 1090 4598 audierant.
1141 4528 1192 4599 Ar
1241 4528 1328 4619 legis
1351 4544 1385 4601 et
1406 4524 1592 4621 Evangelii
1613 4530 1830 4606 instituatur.
1896 4521 1970 4605 Lex
1991 4554 2046 4614 est
2066 4546 2214 4618 doctrina
2248 4582 2252 4587 ·

206 4628 373 4719 Episcopi
388 4629 516 4698 dictata
532 4626 773 4719 ab·Apostolis
788 4630 944 4717 accipere
958 4631 1100 4715 debent,
1117 4655 1190 4701 non
1241 4631 1459 4723 praecipiens
1482 4633 1603 4724 quales
1627 4656 1700 4703 esse
1729 4657 1813 4718 nos,
1838 4648 1873 4706 et
1894 4637 1979 4729 quid
1999 4664 2105 4734 agere
2122 4672 2214 4746 ομη-

205 4733 348 4801 incoare
376 4754 509 4800 novum
537 4744 598 4801 aut
627 4731 723 4799 aliud
748 4730 929 4801 doctrinae
958 4755 1080 4822 genus.
1142 4731 1191 4804 Ut
1240 4745 1329 4818 teat,
1355 4734 1538 4827 requirens
1560 4730 1747 4825 perfectam
1769 4737 2031 4832 obedientiam,
2057 4773 2216 4848 nonpm-
2253 4820 2257 4827 ,

205 4834 315 4923 igitur
332 4831 464 4904 Paulus
479 4833 685 4903 admoneret
699 4855 823 4902 omnes
836 4834 880 4902 dc
898 4825 1086 4905 autoritat'c
1108 4858 1190 4906 suae
1241 4834 1383 4905 mittens
1398 4834 1507 4925 gratis
1521 4836 1763 4907 remissionem
1781 4855 2024 4932 peccatorum,
2046 4872 2126 4924 non
2141 4858 2216 4927 libe.
2253 4830 2261 4900 '.=

117 5016 121 5025 Ι
204 4935 406 5020 doctrinae,
437 4933 522 5004 tacit
543 4935 759 5004 mentionem
785 4957 868 5004 suae
890 4936 1104 5020 vocationis,
1132 4938 1189 5005 in·
1241 4958 1439 5008 ransnosa
1459 4952 1597 5029 peccato
1617 4953 1649 5010 et
1672 4964 1691 5008 a
1714 4954 1847 5023 morte,
1871 4946 1931 5013 sed
1950 4948 2216 5036 potiusarmaot
2256 4932 2259 4939 Ι

203 5040 349 5129 quiens:
384 5036 517 5108 Servus
541 5034 619 5106 lesu
639 5031 794 5120 Christi,
820 5050 964 5105 vocatus
986 5033 1189 5127 Apostolus.
1242 5053 1438 5126 peccatum,
1465 5064 1545 5110 cunr
1566 5064 1631 5110 nos
1654 5056 1812 5133 accusat,
1841 5057 1875 5115 et
1894 5050 2094 5126 terroribus
2115 5058 2216 5133 letali-

205 5136 380 5227 Origencs
394 5135 453 5207 hic
477 5139 595 5228 inepte
621 5134 855 5208 rhetoricatur
877 5138 1147 5207 deliberatione
1170 5163 1190 5209 a
1242 5145 1306 5209 bus
1322 5143 1503 5232 opprimit.
1536 5139 1584 5215 At
1600 5140 1834 5233 Evangelium
1851 5160 1903 5218 est
1916 5154 2119 5245 promissio,
2140 5184 2218 5258 qnae

205 5236 433 5325 cedemoniis,
464 5255 498 5311 et
519 5242 565 5309 de
589 5240 756 5309 servitute
775 5237 903 5320 Pauli,
943 5263 1011 5331 qua
1034 5264 1191 5310 ceremo-
1241 5243 1429 5331 pollicetur
1458 5244 1564 5314 nobis
1591 5247 1833 5317 remissionem
1860 5268 2083 5341 peccatorum
2111 5265 2219 5355 gratis,

204 5343 272 5412 niis
284 5344 398 5416 luerat
417 5341 593 5414 obnoxius
609 5356 694 5443 ante·
703 5338 985 5419 conversionem.
1035 5338 1112 5414 Hae
1127 5344 1191 5412 de·
1241 5357 1275 5414 et
1289 5345 1536 5418 liberationem
1559 5363 1699 5440 peccato
1722 5363 1756 5423 et
1777 5372 1797 5420 a
1814 5367 1927 5426 morte
1942 5379 2008 5448 per
2023 5358 2137 5437 lilium
2148 5366 2220 5449 Dei,
