4522 5782
88 202 136 281 to
263 195 367 276 xus.
416 184 1190 271 r.auauua'r10ar1sr.eutou1s
1214 181 1285 269 ao
1310 183 1640 267 rruoruuuu.
1692 192 1800 269 cap,
1827 194 1908 277 uu·
1973 198 2075 277 ω

134 374 297 447 Primum
326 384 420 444 recte
445 366 513 442 boc
547 368 618 441 dici
654 380 794 460 potest,
832 364 1022 437 Ministros
1048 378 1052 403 ²
1075 357 1205 433 Ariani
1220 374 1340 453 postea
1356 360 2066 465 quoqueNicenaeSynodocontradice-

90 480 220 570 angelii
255 477 384 548 debere
417 498 577 568 praeesse
611 471 772 556 iudiciis,
821 481 856 540 et
890 463 1021 543 habere
1073 466 1179 539 baut:
1213 488 1280 537 uec
1306 466 1402 541 valet
1421 467 1613 539 declaratio
1636 486 1781 562 propter
1804 473 2063 569 iudicum’gn.

93 586 241 651 udatum
258 578 477 650 convocandi
494 574 690 647 Ecclesiam
708 575 751 643 ad
769 572 1020 662 cognitionem,
1073 571 1239 641 dumaut
1256 590 1444 639 numerum
1454 620 1468 657 ,
1488 568 1580 641 sicut
1595 570 1633 641 in
1649 573 1783 647 iudicio
1799 576 1958 668 politico.

87 686 124 753 in
140 682 238 755 Actis
263 705 336 772 cap.
354 676 415 753 16.
436 677 602 771 Apostoli
619 689 787 771 praesunt
811 673 1020 772 cognitioni,
1173 689 1244 762 sed
1265 690 1358 760 dicat
1378 685 1437 759 bic
1462 690 1607 783 aliquis:
1633 689 1826 787 Nunquam
1846 697 1956 787 igitur
1977 699 2059 771 finis

88 782 735 857 tdhlbfflltliostxwefflwiotum·
784 776 1019 847 N⁰t¹¹¹³v⁸f⁰
1070 792 1136 863 erit
1153 792 1414 864 dissensionum
1430 792 1469 862 in
1482 789 1666 864 Ecclesia?
1716 794 1949 890 Respondent
1973 798 2056 873 Non

105 889 253 958 verbum
281 886 374 971 Dei,
408 898 451 957 'et
471 884 649 978 symbola,
690 904 782 975 quac
813 893 905 950 certe
934 891 1020 950 ⁸1¹¹ss
1070 908 1122 965 est
1144 894 1224 965 finis
1248 911 1288 966 ut
1314 895 1352 963 in
1375 896 1555 986 imperiis,
1592 899 1653 967 sed
1677 901 1821 970 tandem
1844 899 1940 973 Deus
1961 906 2056 980 tollit

88 1014 154 1060 eves
168 990 328 1074 articuli,
353 987 462 1058 sumti
478 1000 614 1057 tanturn
631 1009 671 1054 ex
687 984 798 1054 verbo
814 979 902 1066 Dei,
920 981 1017 1051 iuxta
1070 992 1315 1089 hlquhgmog,
1350 998 1441 1067 ,tent
1462 997 1593 1069 delevit
1615 1000 1838 1094 symma,
1862 1002 2056 1089 ludaham,

88 1117 124 1162 Μ
149 1116 311 1161 ¹¹⁰ffl¹³¹1¹
335 1115 433 1161 ”⁰¹¹⁰
454 1089 597 1181 ‘widem
620 1081 1016 1179 P⁰⁸lAP⁰⁸¹⁰¹⁰³5⁰d5·
1069 1094 1321 1179 Manichacus,
1355 1097 1510 1169 Arianos
1523 1114 1558 1171 et
1575 1101 1674 1174 alios.
1725 1100 1843 1175 Etiam
1860 1104 2055 1202 postApo-

88 1216 268 1265 enecasse
285 1207 357 1277 est,
383 1194 478 1263 iuxta
496 1186 563 1261 hoc
582 1191 734 1270 dictum,
770 1185 854 1259 Gal.
873 1188 906 1261 1.
921 1208 1016 1275 cap:
1068 1202 1241 1272 stolorum
1268 1205 1449 1273 decretum
1482 1203 1526 1271 de
1557 1203 1651 1292 1030,
1694 1218 1813 1281 tamen
1846 1225 2055 1283 mmmm,

89 1297 171 1390 quis
185 1297 281 1366 aliud
299 1291 533 1385 Evangelium
555 1294 676 1375 (locet,
704 1285 890 1361 anathema
907 1287 965 1359 ⁸5¹·
1069 1300 1192 1388 nitrlti,
1232 1305 1296 1399 qui
1321 1304 1626 1375 circumcisionem
1653 1319 1688 1379 et
1718 1310 1806 1382 alias
1823 1315 2057 1384 ceremonias

135 1398 204 1469 seo
225 1399 310 1490 quid
327 1398 356 1465 si
373 1397 418 1466 sit
435 1394 671 1483 ambiguitas?
701 1391 770 1463 Hic
788 1392 941 1482 primum
958 1412 1014 1457 re·
1069 1404 1245 1477 Monte„
1269 1407 1505 1481 retinuerunt,

88 1502 209 1570 iudeo:
236 1500 317 1568 Non
333 1512 384 1569 est
405 1497 617 1586 ambiguitas
638 1498 676 1565 in
697 1497 947 1573 fundamento,
978 1491 1015 1561 id
1421 1552 1430 1573 ,
1514 1555 1522 1574 ,
1569 1554 1578 1574 ,
1622 1557 1661 1577 ..
1712 1496 1744 1555 ’,

92 1658 104 1689 ,
142 1605 180 1671 in
206 1604 364 1692 partibus
389 1602 572 1669 doctrinae
595 1598 819 1681 necessariis,
853 1594 1016 1663 inlibris
1360 1552 1452 1629 Διά
1480 1553 1764 1635 dwnmddudffi

88 1699 265 1796 ›pheticis,
291 1702 495 1794 apostolicis
522 1715 556 1771 et
572 1700 759 1793 symbolis,
787 1700 907 1769 dextre
929 1720 1014 1766 con·
1170 1690 1213 1765 ln
1228 1691 1370 1764 iudiciis
1385 1692 1541 1785 politicis
1554 1710 1705 1790 utraque
1725 1720 1806 1789 pars
1822 1700 1974 1794 obligari
1990 1730 2056 1798 po-

89 1807 194 1895 eratis
211 1806 397 1877 sententiis
418 1804 495 1874 siue
517 1798 729 1892 sophistica,
752 1816 788 1871 et
803 1800 934 1871 collato
955 1798 1013 1866 in·
1069 1807 1231 1866 testante
1252 1797 1485 1879 sententiam,
1510 1810 1550 1867 ut
1570 1800 1754 1890 promittat
1771 1825 1809 1873 se
1829 1806 2055 1902 obtempera·

90 1935 131 1979 ro
148 1910 329 1978 doctrinae
346 1930 511 1995 corpore,
539 1902 600 1986 Ut,
619 1904 757 1974 etiamsi
766 1902 1017 1973 Samosatcnus
1068 1913 1184 1967 turam
1203 1921 1275 1968 esse
1290 1898 1458 1971 iudicato.
1509 1897 1580 1970 Sed
1599 1900 1639 1971 in
1656 1901 1798 1975 iudiciis
1811 1908 1995 1983 doctrinae
2014 1912 2055 1983 in

88 2012 217 2082 itendit
240 2035 312 2081 esse
328 2009 594 2081 amb'*·ritatam
619 2008 656 2075 in
681 2007 791 2075 dicto:
821 2002 863 2073 ln
883 2003 1018 2093 princi·
1059 1996 1226 2073 Ecclesia
1250 1996 1413 2071 homines
1435 2000 1485 2092 pii
1507 2025 1729 2097 nequaquam
1744 2030 1783 2077 se
1797 2008 1957 2101 obligent
1972 2025 2055 2086 ante

88 2148 91 2175 i
109 2110 363 2193 eratVerbum,
391 2131 459 2215 san·
489 2108 498 2119 '
526 2109 787 2187 circumstantia
804 2120 918 2177 textus
936 2128 1016 2173 enm
1069 2101 1293 2187 sententiam,
1315 2103 1398 2197 quia
1415 2096 1577 2175 homines
1591 2130 1708 2177 errare
1722 2125 1887 2200 possunt,
1903 2125 1938 2184 ct
1953 2140 2057 2207 saepe

88 2216 232 2295 rviucit,
272 2239 363 2309 quae
392 2228 475 2283 oste.
552 2196 565 2218 ⁸
599 2210 757 2282 Verbum
782 2208 833 2277 ibi
866 2206 1017 2294 intelligi
1070 2205 1184 2273 maior
1200 2228 1280 2296 pars
1295 2204 1334 2273 in
1348 2203 1503 2299 synodis
1526 2220 1579 2277 cst
1599 2209 1766 2282 fascinata
1789 2214 1892 2284 malis
1911 2219 2056 2309 opinio-

88 2331 194 2388 srtere
220 2341 425 2407 personam,
466 2340 502 2407 qi
535 2364 548 2382 ..
574 2328 686 2385 textus
714 2311 847 2405 inquit:
883 2304 1018 2379 Omnia
1071 2306 1196 2391 nibus,
1221 2306 1315 2377 utin
1335 2305 1713 2403 SynodoSyrmiensi,
1745 2336 1951 2409 quanquam
1973 2343 2055 2413 spe-

88 2444 94 2462 ·
127 2420 241 2510 ipsum
267 2421 357 2487 facta
384 2430 477 2488 suut.
532 2414 634 2485 lteru:
668 2410 715 2485 Et
743 2414 900 2482 Verbum
936 2434 1019 2481 caro
1071 2410 1165 2478 ciosa
1179 2423 1265 2496 erat,
1280 2420 1315 2479 et
1329 2410 1449 2499 magni
1463 2409 1532 2479 viri
1548 2409 1733 2485 chraeca
1749 2429 1784 2487 et
1795 2415 2057 2493 LatinaEccte-

88 2536 161 2593 tum
187 2534 250 2591 est.
299 2518 387 2591 Item
414 2514 489 2591 ioh.
511 2519 566 2594 8.:
600 2518 803 2608 Antequam
834 2508 1017 2587 Abraham
1071 2512 1122 2580 sia
1146 2525 1404 2597 convenerant,
1434 2526 1554 2584 tamen
1578 2513 1718 2605 insigne
1739 2506 1894 2589 erratum
1918 2525 2058 2611 accidit,

88 2649 134 2695 us
157 2638 227 2709 est,
262 2646 326 2714 ego
351 2645 442 2695 sum.
489 2619 556 2693 Et:
588 2615 771 2689 Abrabam
804 2617 896 2687 vidit
925 2617 1018 2687 diem
1069 2611 1290 2685 sustulerunt
1303 2637 1344 2682 cx
1358 2612 1532 2708 symbolo
1549 2619 1762 2692 vocabulum
1783 2615 1999 2715 ὃμοούσιος,
2022 2641 2058 2700 et

88 2750 160 2799 um.
1071 2739 1136 2806 pro
1156 2739 1197 2785 eo
1217 2716 1328 2785 inseri
1349 2718 1545 2791 voluerunt
1572 2714 1717 2812 ὅμοιος,
1754 2722 1884 2813 idest,
1916 2728 2057 2815 similis,

130 2825 315 2898 Praeterea
340 2826 479 2897 etiamsi
503 2823 585 2915 quis
617 2816 808 2912 sophistice
835 2820 1020 2891 contendit
1070 2832 1111 2888 ut
1135 2811 1194 2887 bic
1218 2814 1415 2889 cothurnus
1434 2820 1574 2892 tolleret
1595 2822 1870 2912 dissensionem,
1894 2832 1953 2900 sed
1971 2832 2057 2925 quia

88 2954 105 2999 e
127 2929 410 3018 ambiguitatem,
442 2941 483 2999 ut
503 2925 756 3016 Anabaptistae
776 2925 820 2992 de
841 2923 1019 2993 inlautum
1070 2920 1283 3009 ambiguitas
1310 2921 1521 2993 obscurabat
1550 2924 1732 2995 veritatem
1758 2942 1792 3000 et
1825 2932 2058 3008 confirmabat

88 3033 214 3123 ptismo
232 3033 480 3112 vociferantur,
496 3043 708 3100 tamencum
725 3049 863 3115 semper
875 3025 919 3095 sit
937 3048 1019 3094 vera
1071 3020 1246 3108 Arianos,
1274 3033 1351 3112 post
1365 3021 1552 3117 Synoduru
1565 3020 1745 3100 Ecclesiae
1758 3045 1853 3101 recte
1866 3035 2057 3108 sentientes

88 3134 209 3216 clesia,
235 3156 373 3222 semper
389 3133 428 3201 in
441 3131 621 3222 aliquibus
638 3154 699 3198 seu
715 3127 835 3198 miultis
851 3150 913 3197 seu
930 3151 1020 3218 pau·
1070 3120 1162 3195 hanc
1186 3124 1421 3215 corruptelam
1443 3127 1630 3198 admittere
1646 3131 1850 3210 uoluerunt.

95 3250 214 3306 manet
229 3259 311 3305 vera
326 3237 398 3305 lux.
439 3232 490 3304 Hi
507 3234 545 3302 in
561 3232 752 3302 iudicando
770 3229 1019 3320 pronunciant,
1173 3225 1253 3296 Non
1285 3238 1338 3296 est
1367 3228 1462 3296 enim
1492 3228 1634 3320 alligata
1663 3233 1792 3305 veritas
1816 3237 1861 3306 ad
1885 3238 2057 3311 maiorem

88 3339 227 3408 endunt
246 3361 347 3409 suam
370 3337 647 3425 confessionem,
674 3330 832 3403 Narrant
852 3332 939 3425 quid
962 3332 1020 3399 in·
1072 3352 1281 3413 numerum,
1307 3348 1373 3398 nec
1391 3326 1434 3398 id
1450 3327 1654 3403 Romanurn
1668 3333 1904 3429 Episcopum,
1930 3354 1992 3413 aut
2011 3344 2059 3413 ad

88 3442 215 3531 ligant,
252 3454 285 3510 ct
308 3456 393 3511 scrut
415 3440 501 3510 certi
521 3463 563 3509 ex
587 3438 665 3527 ipsu
686 3457 850 3506 sermone
866 3427 1019 3525 prophe-
1072 3431 1214 3502 titulum
1231 3427 2058 3529 Episcoporum,quiascriptumcstRoma2.:

88 3558 161 3616 oet
178 3543 395 3634 apostolico,
433 3555 469 3613 et
492 3537 711 3611 testimoniis,
726 3536 883 3627 Spiritus
909 3534 1019 3607 sancti
1072 3532 1168 3603 Deus
1184 3557 1371 3624 personam
1388 3529 1543 3605 bominis
1556 3561 1629 3607 non
1644 3540 1782 3634 accipit.
1819 3540 1868 3617 Et
1882 3540 2008 3623 luban.
2025 3547 2059 3623 l.

93 3644 198 3735 ipsis,
238 3646 333 3717 iusta
358 3645 448 3713 illud
472 3637 602 3734 Ephes.
626 3642 678 3712 1.:
721 3634 914 3729 Obsiguati
939 3638 1021 3707 estis
1072 3636 1332 3725 scriptumest,
1371 3662 1490 3707 veram
1514 3634 1709 3712 Ecclesiam
1728 3667 1802 3715 non
1824 3668 1898 3716 esse
1918 3661 2059 3719 coetum

87 3748 173 3819 isim
194 3762 328 3821 ⁸³ss010·
582 3817 584 3821 ,
1073 3739 1325 3829 propagatione
1340 3739 1494 3811 naturali
1510 3753 1650 3828 ouum,
1679 3757 1740 3816 aut
1761 3742 1928 3819 humani,
1948 3748 2059 3822 colle.

133 3847 182 3921 Et
204 3850 376 3920 sententia
399 3843 528 3917 borum
550 3868 613 3914 seu
635 3844 828 3914 multorum
847 3866 907 3911 seu
933 3866 1022 3935 pau-
1073 3840 1139 3932 giis
1155 3853 1189 3909 et
1205 3840 1492 3913 ordinationibus
1507 3842 1713 3933 collectum,
1737 3860 1779 3919 ut
1801 3864 1885 3922 sunt
1907 3846 2060 3944 Epium.
2101 3868 2108 3886 v

88 3976 159 4022 um
177 3952 351 4033 confessio
368 3965 436 4035 est,
462 3947 515 4020 Ac
533 3960 680 4040 possunt
696 3942 736 4016 hi
752 3946 914 4015 adiuvari
937 3968 1022 4013 con·
1074 3966 1201 4035 porum
1222 3942 1385 4031 collegia:
1427 3945 1487 4015 sed
1515 3968 1557 4014 ex
1580 3943 1659 4017 Deo
1680 3962 1820 4037 statum,
1852 3951 1951 4025 iuxta
1974 3949 2060 4026 baec

88 4055 189 4125 sione
211 4068 430 4133 sanctorum,
457 4050 520 4145 qui
537 4061 640 4119 antea
661 4049 825 4132 fuerunt,
853 4048 943 4117 sicut
958 4070 1024 4115 nos
1074 4047 1198 4114 verba:
1225 4042 1300 4134 Qui
1317 4069 1391 4115 non
1413 4070 1455 4115 ex
1470 4047 1721 4137 sanguinibus,
1743 4075 1859 4148 neque
1874 4079 1915 4125 ex
1929 4058 2061 4129 volun-

102 4157 217 4229 tribus
239 4158 399 4248 personis
414 4155 626 4224 adiuvamur
642 4176 660 4219 a
677 4148 852 4238 Gregorio
869 4148 1021 4220 Neocae·
1075 4161 1146 4219 tate
1169 4148 1306 4233 carnis,
1339 4170 1510 4243 nequeas
1527 4151 1710 4226 voluntate
1727 4156 1817 4244 viri,
1843 4158 1906 4229 sed
1922 4164 1963 4229 e's
1980 4160 2061 4232 Deo
2120 4240 2123 4245 ,

88 4260 203 4343 iensi,
242 4261 289 4328 ab
311 4256 477 4340 Irenaeo,
503 4254 759 4325 aconlessione
779 4251 933 4321 Nicenae
955 4249 1024 4346 Sy·
1075 4248 1150 4321 nati
1176 4263 1272 4324 sunt.
2078 4268 2083 4277 '

88 4362 145 4446 di,
170 4362 253 4430 item
271 4364 315 4430 de
338 4360 515 4450 baptismo
528 4358 703 4425 inlautum
720 4355 932 4424 adiuvamur
950 4354 1026 4423 sin·
1177 4346 1225 4421 Et
1246 4351 1379 4422 multae
1406 4356 1552 4427 luerunt
1580 4352 1718 4451 Synodi
1747 4357 1897 4449 impiae,
1933 4364 2063 4456 quibus

88 4464 126 4533 is
142 4463 354 4536 testimoniis
369 4456 733 4554 antiquaeEcclesiae,
748 4457 840 4528 sicut
854 4457 1025 4547 scriptum
1076 4468 1196 4527 tamen
1214 4455 1280 4523 viri
1296 4456 1415 4546 magui
1432 4458 1689 4546 interfuerunt,
1715 4476 1756 4531 ut
1772 4463 1833 4533 illa
1848 4464 2064 4560 syrmiensis

111 4564 229 4637 Lucae
244 4568 323 4640 22:
356 4562 404 4637 Et
430 4578 469 4633 tu
493 4584 683 4634 conversus
708 4559 877 4630 confirma
900 4559 1027 4629 iratres
1079 4571 1112 4629 et
1128 4554 1364 4627 Seleucicnsis
1379 4561 1446 4630 snb
1464 4558 1693 4649 Constantio,
1726 4565 1885 4656 quicum
1908 4584 2065 4640 vocasset

87 4693 129 4741 „⁰
1081 4658 1276 4750 Episcopos
1293 4657 1455 4747 Niceam,
1480 4663 1635 4736 facturos
1648 4668 1865 4738 contrarium
1881 4673 2064 4742 decretum

140 4768 214 4841 lam
236 4770 297 4865 qui
313 4765 471 4860 agnoscit
487 4789 522 4834 se
541 4763 707 4833 convinci
725 4763 834 4833 verbo
848 4758 939 4844 Ilei,
964 4763 1029 4831 ob-
1082 4762 1191 4847 priori
1211 4761 1541 4856 SynodoNicenae,
1566 4779 1781 4842 terraemotu
1798 4772 1958 4865 dissipati
1972 4786 2065 4845 sunt.

88 4889 211 4964 nperat
237 4874 392 4943 iudicato
416 4881 560 4957 propter
576 4869 724 4937 verbum
745 4865 830 4949 Dei,
857 4888 930 4934 non
948 4889 1030 4955 pro·
1083 4866 1206 4936 Postea
1231 4889 1314 4935 vero
1336 4881 1579 4939 convenerunt
1599 4869 1639 4961 iu
1660 4868 1838 4959 Seleucia,
1861 4874 1926 4945 ubi
1950 4875 2067 4946 mari·

88 5001 119 5045 .·r
137 4979 285 5067 gradum
311 4973 489 5042 indicum:
523 4983 559 5039 et
578 4991 783 5061 quanquam
808 4966 1034 5037 commonebt
1084 4968 1151 5035 mis
1174 4969 1460 5040 contentionibus
1482 4971 1590 5064 impia
1610 4975 1751 5049 decreta
1771 4976 1860 5048 facta
1877 4993 1962 5051 sunt
1979 5001 2068 5049 cort·

88 5078 183 5150 ditor
208 5078 368 5147 iudicum
396 5096 502 5155 voce,
527 5087 648 5143 tamen
671 5072 758 5139 tides
785 5069 913 5139 nititur
935 5068 1034 5141 testi·
1085 5084 1139 5141 tra
1165 5061 1383 5159 ὅμοούσιον.

88 5182 163 5251 >nio
186 5180 330 5263 divino,
367 5172 676 5247 utiultocdicto:
704 5170 748 5244 In
766 5171 942 5262 principio
960 5134 1063 5277 erati
1189 5169 1294 5242 Talia
1318 5173 1476 5264 exempla
1501 5188 1618 5249 vacca
1641 5178 1753 5249 multa
1777 5190 1871 5251 suot.
1906 5178 2004 5255 Utile
2020 5197 2073 5255 est
2108 5227 2120 5247 κ

88 5285 211 5353 ubam.
264 5278 379 5352 lllnlti
396 5291 515 5346 antem
537 5278 714 5369 quianon
731 5274 859 5345 volunt
871 5272 1037 5345 convinci
1060 5282 1064 5353 ξ
1087 5285 1125 5343 rt
1146 5275 1343 5345 recentium
1359 5272 1588 5371 Synodorum
1603 5293 1718 5353 errata
1739 5280 1976 5360 considerare.
2029 5284 2073 5357 ln

88 5388 149 5456 rbo
183 5385 272 5465 Dei,
309 5394 435 5476 postea
468 5402 610 5473 quoque
644 5376 912 5458 contradicunt,
948 5364 1064 5450 sicuti
1093 5372 1524 5549 Concilingteraueusi,
1548 5383 1646 5473 quod
1662 5382 1768 5457 valde
1785 5385 1982 5462 celebratur
1996 5404 2078 5463 tan-

1054 4838 1059 4905 l
