4522 5782
78 150 158 229 ssa
255 148 358 231 xtts.
408 153 447 228 s
471 88 834 233 consummo
861 155 913 231 ru
943 154 1101 239 nerse.
1126 148 1273 229 esum
1299 151 1368 228 an
1395 106 1660 244 nouenos.
1712 168 1821 250 cae.
1846 181 1947 259 xtv.
2045 136 2121 274 ass

182 322 281 403 llaec
317 328 363 402 de
391 340 552 402 veterum
583 327 795 421 scriptorum
825 330 968 420 erratis,
1009 332 1075 404 etsi
1228 320 1294 399 Est
1309 340 1345 400 et
1364 326 1434 402 les
1449 333 1495 405 de
1511 336 1689 412 coelibatu
1703 363 1894 444 perpetuo,
1920 362 2114 441 admodum

77 432 194 503 multa
208 433 430 527 praetermisi
451 432 605 505 absurde
617 421 740 520 ilicta,
774 455 848 505 uon
874 456 917 507 eo
935 436 1075 527 collegi,
1126 452 1264 517 recens,
1305 457 1395 526 quae
1425 458 1499 507 non
1529 440 1635 511 aliam
1660 448 1708 516 ob
1731 473 1872 527 causam
1900 462 2114 561 defenditur,

75 548 117 607 ut
144 537 191 604 de
222 538 315 608 veris
345 560 468 608 eorum
499 537 664 607 laudibus
691 537 828 630 aliquid
853 534 1072 611 detrahatur.
1121 533 1190 600 uisi
1214 534 1299 627 quia
1332 535 1527 610 coelibatus
1555 558 1607 614 est
1641 557 1861 628 commodior
1890 567 1934 633 ad
1963 576 2112 645 tuendas

75 635 197 711 Credo
216 639 404 735 plerosque
426 639 464 708 in
488 634 546 710 his
567 640 676 709 luisse
696 639 775 728 pios
796 653 830 715 ct
854 655 1071 732 praestantes
1120 657 1216 727 opes.
1266 632 1312 705 Et
1330 638 1551 712 manifestam
1570 645 1742 721 iniuriam
1759 659 1868 730 verbo
1884 661 1949 735 Dei
1965 672 2110 762 faciunt,

76 739 199 825 viros,
224 740 369 834 qnidam
395 741 501 811 etiam
524 740 658 832 optime
677 740 795 811 meriti
824 755 924 829 sunt,
948 745 1008 813 sed
1026 768 1070 813 ne
1119 737 1180 827 qui
1204 734 1398 809 adfirmant
1426 742 1632 836 coniugium
1668 759 1889 832 sacerdotum
1917 792 1996 842 curn

73 839 146 932 ipsi
165 842 313 935 quidem
328 843 520 914 voluerunt
544 842 710 913 anteferri
732 866 794 915 sua
818 843 911 914 dicta
934 846 1069 917 doctri·
1117 836 1241 908 divino
1263 861 1433 930 pugnare.

72 966 145 1013 uae
170 939 320 1019 Christi.
378 940 519 1016 Deinde
544 938 603 1026 hi,
635 944 698 1041 qui
721 968 817 1031 nunc
840 946 946 1017 nobis
970 960 1065 1017 vete·
1216 937 1271 1008 Dc
1294 943 1530 1034 poenitentia,
1573 951 1617 1020 de
1647 956 1853 1034 remissione
1882 986 2105 1061 peccatorum
2140 964 2147 973 ’

72 1067 156 1118 suns
178 1047 406 1119 autoritatem
434 1061 640 1139 opponunt,
676 1046 944 1118 valdeillorum
967 1050 1065 1120 testi·
1116 1063 1156 1109 et
1176 1039 1441 1132 iusslifitelifflt‘,
1462 1073 1569 1141 quam
1584 1054 1737 1130 dicimus
1760 1057 1922 1141 homines
1938 1074 2006 1147 fide
2021 1104 2104 1172 pro·

72 1145 208 1219 moniis
224 1149 433 1221 abutuntur.
486 1146 564 1221 Etsi
589 1149 662 1219 illis
683 1149 905 1239 temporibus
930 1152 1064 1222 semina
1113 1156 1192 1233 pler
1215 1139 1398 1215 Christum
1419 1155 1607 1246 consequi,
1639 1180 1713 1229 non
1737 1180 1883 1260 propter
1904 1199 2028 1266 opera,
2060 1187 2104 1256 de

71 1271 376 1342 errorumsparsa
399 1264 500 1336 sunt,
537 1264 654 1321 tamen
679 1254 840 1320 nondum
871 1250 909 1320 in
940 1250 1064 1323 Eccle·
1112 1244 1422 1329 satisfactionibuh
1448 1253 1492 1320 de
1508 1254 1681 1342 clavibus,
1704 1265 1751 1334 de
1765 1272 2018 1350 traditionibus
2034 1279 2103 1355 ho·

70 1351 161 1422 siam
185 1366 412 1442 pervaserant
436 1365 509 1423 tam
537 1353 618 1422 tetri
643 1355 784 1423 abusus.
843 1349 933 1425 Erat
958 1354 1063 1426 initio
1113 1347 1247 1432 manis,
1273 1350 1317 1418 ‘l‘
1339 1352 1634 1447 t⁸b⁰⁸P⁰liiissi⁸‚
1660 1363 1827 1462 pleraque
1847 1381 1960 1448 nostri
1977 1384 2102 1476 dispu.

70 1452 329 1547 qualiscunque
353 1455 488 1525 mentio
513 1469 727 1528 sanctorum.
793 1452 977 1543 Quantum
1003 1482 1061 1527 ac·
1110 1461 1276 1521 laverunt
1299 1451 1457 1543 planius,
1483 1482 1589 1550 quam
1608 1478 1762 1554 veteres,
1784 1496 1875 1566 quae
1898 1492 2015 1553 tamen
2038 1510 2101 1580 ap-

69 1554 174 1627 ccssit
198 1555 391 1648 impietatis
413 1557 555 1648 postea?
612 1555 693 1627 Non
718 1556 827 1647 igitur
847 1555 987 1628 citanda
1011 1572 1062 1629 est
1110 1564 1206 1639 perci
1233 1568 1471 1625 tortesmanse
1495 1582 1570 1629 csse
1597 1573 1776 1658 perpetuis
1804 1584 1988 1654 sententiis
2017 1587 2100 1660 illo·

68 1654 286 1729 Nazianseni
317 1658 544 1745 declamatio,
583 1683 664 1730 cum
692 1659 791 1729 illius
822 1673 916 1729 aetas
943 1655 1060 1731 adhuc
1108 1675 1209 1737 Νη),
1232 1655 1294 1746 qui
1311 1656 1456 1728 suerunt
1478 1663 1690 1738 eruditiores
1710 1694 1750 1741 ac
1773 1679 1957 1766 peritiores
1979 1709 2098 1763 rerum

69 1758 289 1850 ignoraverit
303 1756 395 1832 hanc
409 1775 583 1832 recentem
601 1760 818 1835 idolatriam.
1106 1754 1364 1845 spiritualium,
1399 1759 1460 1852 qui
1483 1764 1628 1855 quidem
1651 1766 1742 1844 hanc
1765 1780 2033 1869 explicationem
2056 1815 2097 1865 ae

170 1860 245 1935 Sed
260 1863 347 1957 quid
362 1863 472 1935 citant
488 1858 668 1935 Ecclesiae
682 1864 909 1935 autoritatem
931 1864 1057 1934 adver·
1107 1851 1312 1927 methodum
1344 1860 1374 1929 si
1405 1860 1595 1952 legissent,
1618 1893 1682 1961 pso
1705 1898 1767 1946 sua
1791 1880 1919 1970 pietate
1946 1893 2098 1965 candide

70 1963 173 2050 sarii,
207 1988 288 2035 cum
313 1988 387 2035 non
419 1967 464 2035 de
491 1966 673 2051 doctrina,
711 1965 855 2036 nonde
884 1965 1057 2054 religione
1105 1959 1293 2049 probaturi
1309 1961 1478 2050 luissent,
1505 1982 1543 2038 ut
1559 1972 1666 2042 auvlio
1683 1999 1843 2052 narrasse
1860 1988 1977 2060 virum
1994 2019 2096 2085 pm.

69 2066 263 2153 dimicent,
286 2068 348 2138 sed
370 2069 415 2139 de
442 2067 515 2137 suis
539 2067 752 2139 lsbsdrnsbus
776 2081 881 2162 atque
905 2069 1059 2159 opibus?
1103 2075 1275 2147 stantem,
1298 2057 1522 2154 'l'heoloqum
1544 2069 1800 2167 Parisiensem,
1831 2107 1867 2155 se
1889 2113 1929 2159 ax
1954 2109 2095 2168 nomo.

70 2165 387 2262 Tranquillitatem
407 2192 507 2242 suam
522 2171 659 2241 turbari
676 2171 814 2241 nolunt.
865 2166 962 2241 Haec
986 2194 1056 2241 una
1104 2184 1185 2232 rum
1207 2163 1462 2255 explicatione,
1494 2170 1539 2240 de
1563 2175 1827 2270 iustificatione,
1855 2191 2010 2279 primum
2034 2221 2093 2269 re-

68 2270 194 2344 stsola
215 2294 320 2343 causa
343 2285 414 2354 est,
441 2297 506 2345 cur
528 2295 593 2342 nos
617 2271 733 2342 delere
755 2271 913 2362 cupiant.
964 2270 1055 2343 Nam
1103 2265 1192 2336 etius
1205 2265 1396 2355 Augustini
1411 2273 1625 2344 sententiam
1644 2278 1869 2359 intellexisse.

69 2372 233 2463 mqmasa
258 2375 431 2467 quaedam
457 2375 536 2445 luce
567 2376 771 2445 meridiana
786 2373 935 2444 clariora
959 2388 1054 2448 sunt.
1203 2364 1287 2439 Scio
1311 2392 1352 2439 cx
1382 2372 1562 2445 veteribus
1587 2383 1724 2473 excerpi
1756 2410 1857 2477 posse
1881 2396 1992 2470 multa
2022 2423 2091 2492 pu-

68 2469 247 2549 Ettsmeu
262 2492 303 2548 ut
318 2472 403 2547 haec
419 2468 642 2569 opprimant,
668 2477 851 2547 manilesta
866 2475 1056 2547 crudelitas
1101 2469 1245 2559 guantia
1267 2493 1348 2539 cum
1372 2474 1504 2544 nostris
1528 2483 1723 2554 sententiis.
1776 2485 1821 2561 Et
1847 2499 1999 2589 excerpit
2022 2528 2088 2596 pro

68 2590 270 2664 mercetur,
294 2578 511 2651 interficiunt
528 2580 623 2668 pios,
646 2579 944 2651 doctosetbouos
960 2578 1055 2648 viros
1101 2593 1164 2640 δυο
1197 2570 1335 2641 adiectu
1371 2574 1522 2670 quisquc
1551 2586 1648 2673 quod
1680 2587 1821 2661 videtur
1848 2604 2088 2686 commodum,

69 2681 265 2753 merdotes
287 2694 431 2772 propter
458 2680 675 2771 coniugium.
739 2677 818 2752 Hoc
838 2680 901 2751 ubi
924 2681 1052 2751 lectum
1100 2684 1140 2743 ul
1161 2695 1202 2741 ²¹
1224 2673 1350 2743 iitdem
1375 2676 1525 2748 floribus
1546 2705 1629 2773 opes
1660 2690 1767 2761 mella
1790 2694 1930 2784 legunt,
1965 2707 2085 2777 aranei

10 2812 27 2875 ,a
69 2794 117 2853 est
137 2784 185 2852 de
207 2782 281 2853 ulla
305 2783 486 2867 barbarie,
528 2782 679 2853 interfici
711 2778 876 2853 homines
908 2779 1068 2874 propter
1100 2796 1248 2849 venena.
1304 2773 1374 2846 Sed
1393 2779 1702 2859 absintaiudiriis
1725 2794 2087 2901 ecclesiasticissyco·

69 2878 255 2955 honestum
271 2884 501 2974 coniugium?
534 2884 574 2957 Si
591 2900 743 2956 veterem
760 2881 953 2955 Ecclesiam
970 2909 1053 2977 pro-
1101 2870 1279 2968 phausiae.
1330 2875 1413 2949 Non
1433 2906 1590 2972 provoco
1606 2889 1649 2957 ad
1665 2915 1788 2964 omnes
1803 2900 2002 2992 scriptores,
2025 2913 2086 2981 sed

67 2986 169 3072 bant,
198 3011 263 3058 cuc
280 2984 425 3058 hicnon
441 2987 630 3059 imitantur
646 2988 761 3081 prima
777 2987 961 3078 tempora?
992 2985 1051 3058 An
1098 2981 1142 3046 ad
1165 2977 1346 3064 melum,
1371 2982 1622 3075 Ambrosium,
1646 2988 1907 3090 Augustiuum,
1940 3021 1974 3077 et
1998 3033 2086 3102 qua.

69 3086 300 3159 Ambrosium
316 3088 621 3180 vrlAugustiuum
632 3090 853 3160 arbitrantur
862 3083 954 3158 hauc
970 3113 1050 3159 cru·
1099 3095 1202 3152 lenm
1220 3081 1280 3148 elii
1300 3104 1379 3150 ⁰⁰¹⁰
1397 3078 1452 3152 iti*
1474 3090 1724 3180 (Οὓῑθῦῑῖὓΰῑ,
1750 3101 1811 3189 qui
1835 3126 1914 3172 cum
1939 3107 2006 3196 ipsi
2030 3112 2087 3182 in.

67 3190 247 3265 delitatem
268 3192 525 3283 suppliciorum
554 3192 786 3283 probaturum
815 3190 948 3261 luisse?
993 3187 1049 3260 Illi
1098 3184 1237 3254 tertium
1256 3186 1448 3273 pugnantia
1464 3188 1638 3278 dixerint,
1663 3196 1804 3269 veniam
1818 3206 1922 3275 nobis
1935 3210 2084 3294 dabunt,

68 3316 151 3364 vero
163 3295 316 3365 execrati
333 3307 449 3363 essent
464 3287 557 3364 hanc
578 3294 851 3379 immanitatem,
882 3306 918 3366 et
934 3293 1049 3384 palam
1098 3285 1128 3355 si
1145 3289 1317 3379 quaedam
1334 3283 1644 3379 reprehendimus,
1670 3302 1777 3370 modo
1800 3319 1839 3375 ut
1861 3311 2082 3384 manifestam

66 3395 198 3480 testati,
238 3389 304 3466 ho's
325 3396 507 3487 pontifices
535 3409 676 3466 autores
697 3395 938 3480 crudelitatis,
975 3418 1050 3465 non
1098 3399 1290 3459 etcertum
1319 3391 1512 3480 scripturae
1541 3393 1686 3468 divinae
1716 3408 1928 3479 sententiam
1959 3436 2086 3509 sequa·

66 3493 245 3571 Ecclesiae
275 3500 453 3582 membra,
487 3500 546 3568 sed
570 3497 705 3568 diaboli
729 3520 860 3589 organa
885 3521 977 3578 esse,
1010 3521 1050 3568 ac
1097 3512 1199 3575 mur,
1231 3513 1296 3560 nec
1318 3491 1540 3563 discedamus
1563 3521 1582 3566 a
1605 3501 1796 3593 symbolis,
1837 3524 1873 3580 et
1894 3525 2087 3604 teneamus,

64 3600 138 3673 sine
161 3599 237 3671 ulla
260 3601 484 3671 dubitatione
506 3600 748 3670 defensionem
772 3600 913 3692 piorum
937 3623 1049 3669 sacer·
1098 3593 1193 3686 quod
1210 3591 1277 3682 ipsi
1290 3607 1493 3683 spectarunt
1504 3620 1545 3667 ac
1559 3599 1760 3690 voluerunt,
1773 3607 1954 3683 interdum
1969 3634 2086 3691 autem

63 3702 208 3789 dotum,
240 3702 451 3786 mulierum,
491 3725 704 3793 puerorum,
737 3702 867 3771 deinde
887 3714 938 3774 tot
965 3724 1051 3792 gen·
1099 3693 1363 3784 explicarcuou
1382 3710 1586 3785 potuerunt.
1636 3699 1738 3776 Nihil
1755 3711 1851 3780 enim
1867 3714 2016 3788 dubium
2034 3737 2087 3792 est

61 3803 174 3891 tium,
199 3827 291 3899 quae
311 3818 394 3876 sunt
416 3804 626 3876 coniunctae
651 3799 735 3876 huic
755 3826 903 3891 causae,
933 3825 1049 3874 susce·
1099 3791 1166 3865 hoc
1188 3796 1370 3865 doctrinae
1385 3820 1516 3887 genus,
1542 3804 1637 3892 quod
1656 3809 1885 3898 profitemur,
1914 3842 1994 3887 vere
2010 3845 2086 3891 aare

59 3906 204 4000 pimnr,
968 3934 973 3939 ·
1098 3898 1213 3989 ipsum
1233 3919 1442 3969 consensum
1466 3896 1658 3974 catholicae
1672 3904 1848 3983 Ecclesiae
1862 3914 2015 4004 Christi,
2045 3937 2087 3996 ut

162 4008 356 4099 Postquam
381 4023 498 4082 autem
521 4008 616 4090 disi,
641 4026 731 4103 quae
757 4008 800 4077 sit
827 4032 907 4077 vera
925 4004 1049 4079 Eccle.
1099 4000 1293 4073 ostendunt
1309 4000 1491 4095 symbola,
1517 4005 1675 4079 saniores
1690 4015 1836 4105 synodi,
1863 4032 1896 4086 et
1914 4023 2086 4094 eruditio-

59 4111 134 4194 sia,
154 4123 189 4181 et
202 4124 338 4182 constat
354 4134 422 4181 nos
436 4112 635 4181 doctrinam
657 4106 852 4179 catlsolicae
869 4106 1047 4180 Ecclesiae
1099 4124 1154 4172 res
1176 4114 1304 4194 patres.
1363 4099 1459 4172 Haec
1483 4108 1650 4198 respondi
1674 4115 1989 4207 moderatioribns,
2022 4128 2088 4219 qui

59 4209 194 4287 Christi
222 4213 386 4283 traditam
410 4214 448 4283 iu
463 4212 649 4303 scripturis
663 4206 877 4304 propheticis
903 4225 938 4283 et
963 4236 1049 4304 apo·
1097 4203 1322 4274 eulorilelem
1360 4200 1543 4279 ficticii&
1587 4222 1650 4281 eui
1692 4229 1833 4305 petrum
1876 4223 1983 4294 nobis
2022 4250 2089 4321 op·

59 4317 214 4401 stolicis,
240 4328 274 4384 et
295 4317 331 4383 in
349 4315 521 4411 symbolis
545 4316 696 4385 fideliter
720 4315 871 4383 retinere
888 4337 928 4383 ac
947 4313 1049 4399 tueri,
1098 4318 1249 4399 ponunt.
1299 4404 1309 4423 .
1941 4340 1944 4345 ·

59 4420 288 4488 manifestum
312 4434 362 4488 est
383 4408 451 4489 nos
484 4441 565 4487 vere
588 4442 669 4486 cum
694 4413 851 4485 Ecclesia
876 4411 1049 4485 catholica
1199 4403 1371 4477 Exoritur
1392 4419 1509 4477 autem
1532 4411 1714 4502 quoddam
1738 4440 1872 4490 novum
1896 4445 2006 4514 genus
2029 4452 2086 4501 sa.

58 4515 195 4591 Christi
218 4521 361 4593 sentire.
427 4521 535 4589 Addo
563 4519 653 4590 illud
678 4518 804 4602 etiam,
844 4518 1051 4608 praecipuos
1099 4511 1272 4603 picotum,
1288 4509 1349 4601 (1¹¹5
1368 4531 1448 4576 ΜΦ
1461 4511 1532 4581 Sissl
1549 4507 1671 4599 ἄθδθί,
1685 4519 1785 4589 nutta
1803 4545 1946 4613 prorsus
1961 4531 2089 4605 volunt

59 4623 270 4715 scriptores,
295 4619 548 4706 Ambrosium,
576 4620 837 4711 Augustinum‚
865 4633 900 4690 et
923 4642 1051 4709 paucos
1101 4611 1236 4682 suovcci
1265 4612 1310 4678 (lc
1342 4609 1514 4699 religione
1544 4617 1756 4708 certamina,
1794 4623 1942 4701 laudant
1967 4654 2089 4721 pacem

58 4725 151 4795 alios
175 4726 269 4794 idem
292 4725 442 4810 serstire,
466 4723 495 4795 si
513 4727 697 4793 commode
718 4722 982 4812 intelligantur,
1018 4735 1051 4790 et
1100 4728 1135 4784 et
1158 4710 1410 4796 concordiam,
1444 4732 1816 4808 execranturomnes‚
1847 4731 1911 4821 qui
1928 4756 2092 4826 quocun.

60 4850 174 4919 pauca
192 4831 364 4921 quaedam
390 4827 441 4895 eis
461 4828 728 4916 condonentur,
756 4848 847 4918 quae
870 4838 956 4894 tunc
978 4846 1050 4894 nou
1101 4840 1170 4909 quc
1194 4815 1302 4885 modo
1330 4829 1456 4886 ‘erunt
1477 4817 1692 4910 distortius,
1732 4819 1799 4898 hos
1827 4842 2091 4925 tanquamxo-

61 4943 240 5001 venerunt
259 4930 296 4998 in
312 4930 601 5002 controversiam.
1100 4910 1284 5012 doippsssos
1310 4929 1344 4987 et
1366 4931 1477 5007 pestes
1495 4921 1637 5007 generis
1659 4917 1809 4999 humani
1825 4932 2002 5004 tollendos
2017 4953 2092 5010 esse

163 5029 396 5123 DeLiturqia
416 5026 509 5101 nihil
528 5031 679 5101 dubium
703 5041 773 5114 est,
799 5051 863 5099 nec
886 5027 1054 5120 privatas,
1102 5031 1257 5091 censent.
1322 5014 1419 5089 Haec
1442 5033 1494 5092 est
1518 5045 1589 5091 una
1614 5019 1840 5122 philosophia
1864 5031 2095 5126 Pontificum,

62 5155 129 5204 nec
148 5134 313 5218 venales,
340 5158 403 5203 nec
418 5131 725 5204 lunebcssMissas
739 5131 848 5201 luisse
863 5143 946 5200 ante
961 5126 1054 5200 Gre·
1102 5118 1370 5205 ordination,
1394 5119 1558 5212 Regum,
1583 5120 1847 5202 canonicorum
1867 5147 1902 5205 et
1917 5137 2094 5230 plurimo·

58 5237 222 5325 goriam,
246 5260 311 5304 nec
326 5235 504 5306 invocatio
519 5249 724 5307 sanctorum
741 5233 854 5305 multo
868 5227 1054 5303 aoteGre·
1103 5248 1203 5311 rum,
1231 5221 1294 5316 qui
1308 5216 1490 5314 perhiberi
1506 5225 1634 5298 volun!
1647 5230 1715 5301 Viri
1734 5230 1889 5323 politici,
1914 5240 1979 5333 qui
1994 5241 2094 5314 scili·

58 5337 204 5429 gorium
222 5337 392 5409 celebrari
410 5338 538 5431 coepit,
1105 5340 1159 5399 tel
1181 5327 1296 5410 ulium
1321 5347 1426 5397 wilm
1447 5327 1680 5472 m‘ffi'fibffl
1703 5333 1855 5426 nolunt,
1887 5341 2019 5420 nolunt
2038 5347 2097 5417 di.

2030 775 2108 850 inre
