4522 5782
88 176 137 255 es
252 158 353 257 aru}
406 181 443 257 a.
469 122 772 260 uuaaalrto
794 183 950 262 nerse.
979 183 1186 265 entonis
1212 183 1281 261 au
1307 181 1637 261 rruoruuuu.
1692 185 1798 262 cae.
1824 185 1876 264 11.
1981 180 2080 264 'ires
2151 135 2155 140 ’

88 378 123 424 m
147 356 183 429 2.
203 350 368 430 Corinth.
391 351 447 428 5.:
488 355 816 450 superinduemur,
850 359 880 429 si
908 374 1027 430 tamen
1083 360 1209 433 matris
1228 354 1429 453 Baptistae,
1455 353 1641 431 Elisabeth
1657 354 1914 451 'I'huringicae
1974 357 2073 448 Item,

88 483 109 527 n
146 460 237 529 nudi
267 459 496 559 reperiemur·
560 459 667 547 Item,
699 458 831 536 Matth.
855 460 907 536 o:
948 461 1026 532 Nisi
1078 459 1263 534 Elisabeth
1281 460 1566 547 sororisCaroli‚
1593 487 1684 555 quae
1697 463 1766 534 fuit
1782 478 1893 555 nupta
1910 463 1984 553 regi
1999 461 2072 535 Da·

88 561 270 632 nudaverit
294 562 434 632 iusticia
457 574 570 633 vestra
597 565 800 657 plusquam
818 562 1045 636 Scribarum
1079 567 1181 653 nico,
1208 581 1243 636 et
1257 589 1373 635 comes
1389 565 1577 635 exiliorum
1599 578 1633 635 et
1647 587 1856 656 magnarum
1879 590 2069 636 aerumna·

94 659 390 749 Pharisaeorum,
423 687 499 733 nun
526 664 708 737 intrabitis
734 689 882 756 regnum
908 668 1025 737 coelo·
1077 694 1163 746 rum
1183 669 1295 754 socia,
1334 694 1399 738 nec
1423 668 1536 738 voluit
1562 690 1710 757 regnum
1735 669 1889 760 recipere
1911 669 2070 740 oblatum
2181 665 2183 672 ’

88 789 126 838 n.
177 763 250 835 Nec
272 780 432 858 pugnant
450 761 555 858 haec,
572 766 673 838 Nova
690 767 950 856 obedientiaJin
967 771 1023 840 in-
1077 772 1153 841 sine
1173 773 1311 842 marito.

88 868 179 937 icatu
198 870 392 938 necessaria
409 884 479 954 est,
505 883 541 940 et
564 884 681 941 tamen
697 886 838 942 nonest
857 872 1022 942 meritum
1179 873 1418 945 sanctificatio
1434 867 1725 964 phrasihebraea
1744 895 1848 964 saepe
1872 874 2069 945 castitatem
2132 946 2158 969 ι,

104 969 257 1061 pretium
274 973 366 1041 vitae
380 985 563 1059 aeternae,
591 973 674 1064 quia
698 998 883 1068 nunquam
902 977 940 1044 in
959 970 1023 1044 hac
1075 977 1259 1068 significat,
1276 990 1315 1046 ut
1331 970 1807 1066 primaeThessalonicenses
1826 975 1878 1048 4.:
1906 974 2002 1045 Haec
2019 991 2070 1046 est
2170 1060 2173 1065 ‚

88 1071 191 1160 alegi
206 1071 273 1141 Dei
288 1073 534 1159 satisfacimus,
556 1089 590 1145 et
607 1098 790 1169 nunquam
807 1101 927 1148 siranus
946 1078 1024 1147 sine
1076 1079 1320 1150 voluntasDei
1343 1078 1570 1148 sanctificatio
1594 1091 1726 1162 vestra,
1760 1091 1799 1148 ut
1821 1078 2069 1150 abstineatisa

88 1187 193 1258 erato,
218 1176 314 1246 iuxta
340 1168 430 1248 iltuit
456 1178 489 1247 1.
507 1173 724 1270 lohann.'1.:
760 1178 798 1250 si
820 1180 1023 1264 dixerimus,
1074 1184 1297 1263 scortatione,
1323 1197 1356 1252 et
1373 1181 1548 1271 possideat
1565 1181 1714 1273 quisque
1732 1202 1793 1248 vas
1810 1202 1914 1250 suum
1931 1181 1970 1249 iu
1986 1202 2070 1249 san-

88 1278 128 1345 od
153 1293 332 1367 peccatum
358 1288 432 1349 non
458 1273 647 1366 habemus,
679 1283 865 1352 mendaces
888 1305 1021 1355 sumus.
1074 1285 1286 1356 ctificatione
1302 1296 1336 1354 et
1353 1280 1502 1354 honore.
1554 1280 1645 1352 Cum
1667 1296 1784 1352 autern
1804 1283 2069 1375 supradixerit,

88 1381 137 1446 les
154 1380 419 1469 igiturintuens
437 1382 549 1452 filiurn
563 1380 642 1469 Dei,
668 1378 773 1454 habet
789 1399 918 1454 certam
935 1407 1018 1454 con·
1074 1389 1239 1458 mulieres
1258 1387 1429 1475 pariendo
1446 1386 1559 1453 salvas
1581 1385 1677 1467 lieri,
1701 1399 1836 1456 cunstat
1852 1409 1925 1454 non
1944 1380 2068 1477 prohi-
2188 1396 2194 1403 '

88 1482 260 1568 ationem,
294 1497 333 1554 et
352 1485 418 1554 scit
440 1497 474 1554 te
500 1479 684 1556 haeredem
709 1509 783 1555 esse
801 1488 892 1557 vitae
907 1500 1022 1560 aeter·
1074 1493 1149 1559 beri
1184 1488 1475 1558 consuetudinem
1515 1487 1756 1576 coniugalem,
1802 1488 1862 1555 sed
1893 1487 2067 1557 adulteria

88 1600 259 1675 epropter
274 1588 438 1656 meritum
463 1585 629 1674 attinet,
653 1602 687 1657 et
702 1611 765 1679 per
783 1588 918 1681 ipsum,
945 1612 1021 1658 nou
1073 1589 1270 1684 prohiberi.
1333 1589 1404 1657 Iam
1438 1583 1496 1657 hic
1523 1590 1677 1678 cogitent
1706 1591 1820 1656 bonae
1846 1604 1999 1673 mentes,
2033 1603 2069 1661 et

88 1698 176 1777 tpter
194 1701 292 1757 tuum
309 1691 487 1764 meritum.
1072 1696 1302 1764 necessariam
1327 1706 1361 1761 et
1387 1691 1544 1782 pulcram
1570 1692 1733 1762 virtutem
1763 1714 1836 1759 esse
1858 1692 2063 1778 castitatem,

131 1788 183 1857 Ita
208 1789 341 1860 Paulus
364 1786 422 1862 hic
446 1815 574 1862 novam
597 1792 836 1864 obedientlam
860 1815 1020 1863 necessa·
1072 1821 1162 1892 quae
1179 1809 1230 1865 est
1245 1797 1299 1863 vel
1324 1795 1362 1862 in
1381 1794 1546 1884 coniugio
1565 1793 1620 1862 vel
1644 1795 1681 1860 in
1705 1793 1778 1862 vita
1802 1793 1936 1862 coelibe
1954 1795 2066 1864 vitare

88 1917 119 1959 m
141 1910 218 1961 esse
231 1893 425 1981 signifieat,
449 1919 524 1965 non
547 1895 623 1964 vult
649 1918 723 1966 esse
743 1896 920 1967 meritum.
974 1892 1020 1965 Et
1072 1922 1196 1970 omnes
1215 1893 1416 1993 prohibitas
1440 1895 1726 1979 commixtiones,
1753 1907 1788 1965 et
1813 1895 1958 1965 seminis
1981 1919 2066 1988 pro-

88 2019 125 2063 er
151 1995 299 2066 virtutes
327 2021 440 2066 rrovae
471 1997 694 2068 obedientiae
719 2012 876 2069 recenset
903 1998 1019 2066 officia
1071 2004 1238 2073 fusiones.
1300 1995 1351 2068 Ac
1373 1999 1417 2067 de
1440 1997 1642 2067 necessitate
1663 2005 1823 2087 expresse
1846 1997 1980 2067 dictum
2004 2012 2067 2080 est,

88 2098 275 2178 onomica,
302 2098 476 2170 iusticiam
492 2112 525 2169 et
542 2100 746 2189 patientiam
761 2101 798 2170 in
817 2099 1019 2171 communi-
1075 2107 1109 2176 1.
1126 2097 1289 2176 Corinth.
1306 2101 1360 2171 6.:
1387 2098 1440 2169 Ne
1457 2101 1599 2183 erretis,
1623 2108 1838 2169 scortatores
1855 2112 1889 2186 et
1910 2096 2065 2176 adulteri

88 2223 96 2267 t
135 2200 315 2269 aerumnis
347 2202 489 2283 matris,
528 2225 618 2295 quae
647 2201 778 2274 multae
809 2218 843 2273 et
872 2225 1018 2293 magnae
1071 2232 1145 2277 non
1169 2205 1402 2298 possidebunt
1426 2223 1573 2290 regnum
1594 2197 1673 2273 Dei.
1732 2198 1841 2284 Item,
1876 2199 1993 2275 Galat.
2011 2197 2062 2276 5.:

88 2316 123 2372 rt·
175 2302 345 2374 Nominat
362 2299 560 2376 autcmhas
583 2303 750 2386 virtutes,
777 2307 915 2376 labores
938 2329 1018 2394 par·
1072 2308 1146 2399 Qui
1177 2307 1263 2380 talia
1286 2305 1440 2392 iaciunt,
1464 2327 1612 2392 regnum
1635 2300 1700 2372 Dei
1726 2326 1797 2372 non
1820 2304 2064 2394 possidebunt.

108 2417 145 2474 et
165 2405 402 2488 educationis,
435 2407 833 2493 fidum-dilectionem,
864 2407 1020 2478 sanctifi·
1072 2412 1180 2490 Item,
1208 2406 1466 2479 adHebr.12.:
1497 2406 1584 2476 Sine
1609 2405 1905 2492 sanctificatione,
1940 2406 2066 2493 idest,

88 2507 202 2576 ionem
219 2520 253 2577 et
268 2510 488 2578 modestiam.
544 2507 666 2577 Fidem
690 2511 923 2584 necessariam
945 2532 1019 2578 esse
1071 2515 1227 2585 castitate
1240 2535 1346 2579 nemo
1362 2510 1480 2578 Deum
1498 2507 1645 2577 videbit.
1848 2601 1850 2604 Ι

88 2609 251 2678 omnibus
267 2611 492 2681 manifestum
511 2627 580 2696 est,
608 2626 639 2682 et
663 2608 721 2681 bic
738 2613 910 2703 cogitetur
927 2613 1018 2681 inte·
1171 2613 1244 2684 Nec
1258 2626 1398 2684 tantum
1415 2622 1577 2680 aeternae
1594 2634 1726 2699 poenae
1744 2610 1960 2681 comitantur
1976 2611 2063 2680 libi-

103 2712 266 2782 doctriua
282 2716 325 2782 de
341 2714 429 2798 lide,
456 2728 618 2806 quaeest
643 2715 771 2785 fiducia
796 2715 1019 2807 acquiescens
1071 2718 1172 2787 dines
1197 2718 1235 2784 in
1267 2712 1342 2799 bis,
1375 2712 1535 2807 quinon
1560 2726 1836 2794 convertuntur,
1870 2714 2062 2783 sedetiam

90 2814 165 2884 filio
187 2811 277 2899 Dei,
311 2829 344 2886 et
369 2817 543 2906 accipiens
565 2829 711 2909 propter
731 2842 811 2887 eum
834 2817 941 2907 gratis
963 2840 1017 2884 re·
1070 2832 1270 2912 praesentes
1286 2841 1420 2906 poenae
1436 2815 1474 2882 in
1492 2811 1556 2884 hac
1573 2815 1644 2884 vita
1667 2831 1700 2888 et
1716 2838 1905 2885 conversus
1930 2829 1965 2887 et
1988 2839 2065 2885 non

88 2918 232 2986 tsionem
263 2932 507 3009 peccatorum,
547 2918 819 3007 imputationem
849 2918 1017 3001 iustitiae,
1070 2944 1259 2992 couversos
1281 2919 1507 3008 opprimunt,
1540 2940 1744 3009 quanquam
1769 2917 2063 2988 conversismiti·

89 3043 146 3088 am
180 3020 457 3090 consolationem
481 3034 515 3090 et
537 3020 829 3106 vivificationem,
860 3021 1020 3113 quain-
1069 3038 1216 3113 gantur,
1249 3035 1289 3091 ut
1317 3022 1472 3090 ostendit
1495 3020 1694 3109 exemplum
1716 3017 1874 3090 Davidis.
1927 3015 1976 3089 Et
2001 3044 2063 3089 ex·
2122 3078 2127 3084 .

89 3124 209 3193 turin
233 3121 338 3191 nobis
361 3123 543 3192 renovatio
563 3136 707 3214 propter
729 3124 842 3193 lilium
864 3119 950 3202 Dei,
985 3135 1019 3191 et
1071 3148 1186 3218 presse
1203 3125 1335 3193 dictum
1354 3137 1404 3191 est
1422 3120 1531 3191 Hebr.
1553 3120 1630 3194 13st
1666 3119 1885 3191 scortatores
1907 3121 2063 3193 etadul·

88 3250 198 3295 ·eum.
252 3221 349 3294 Ilaec
369 3239 487 3296 autem
510 3225 596 3294 fides
617 3225 758 3296 assidue
780 3226 817 3294 in
843 3225 943 3295 omni
960 3224 1018 3292 in·
1070 3243 1163 3299 teros
1179 3225 1348 3296 iudicabit
1365 3220 1479 3307 Deus,
1507 3222 1638 3292 scilicet
1656 3237 1689 3292 et
1707 3223 1743 3289 in
1761 3217 1827 3293 hac
1840 3223 1912 3294 vita
1928 3235 1962 3292 et
1984 3235 2063 3313 post

88 3328 232 3411 atione,
259 3327 297 3394 in
314 3328 480 3396 omnibus
497 3327 662 3418 periculis
676 3329 868 3398 exercenda
887 3341 958 3410 est,
985 3342 1019 3397 et
1070 3326 1161 3399 hanc
1179 3330 1303 3413 vitam,
1330 3329 1358 3395 si
1375 3349 1446 3394 nou
1464 3325 1596 3393 fuerint
1614 3325 1788 3397 conversi.
1840 3323 1979 3395 Iudicat
1998 3350 2063 3395 au-

88 3455 107 3498 n
134 3454 173 3498 ea
201 3424 457 3527 comprehendi
478 3430 710 3519 intelligimus
725 3427 832 3524 Spem
858 3445 890 3500 et
908 3428 1018 3499 Tole·
1071 3441 1138 3502 tem
1158 3430 1252 3503 Deus
1267 3430 1461 3522 aliquando
1485 3427 1705 3506 immediate,
1732 3426 1823 3497 sicut
1838 3428 1930 3496 delet
1946 3425 2064 3499 Sodo-

88 3533 200 3617 tiam,
225 3545 381 3623 utsupra
400 3534 443 3600 de
460 3533 662 3623 precatione
678 3533 812 3603 dictum
830 3548 892 3604 est.
943 3528 1018 3600 Ha·
1070 3559 1146 3615 ma,
1182 3534 1315 3626 inquo
1345 3530 1503 3622 exemplo
1534 3529 1804 3618 diligentissime
1832 3530 2062 3600 consideran·
2158 3571 2163 3575 .

88 3635 300 3703 uvirtutum
323 3634 487 3703 exercitia
515 3648 598 3704 stant
623 3635 830 3725 praecipuae
854 3634 1017 3703 consola·
1069 3641 1243 3719 dumest,
1278 3635 1375 3702 illam
1405 3627 1621 3701 horrendam
1654 3632 1895 3701 executionem
1927 3654 2062 3725 poenae

88 3759 141 3806 nes
158 3737 195 3805 in
212 3750 284 3807 tota
308 3729 374 3804 hac
395 3737 486 3822 vita,
511 3738 556 3805 de
578 3738 707 3830 quibus
730 3738 861 3807 dicitur
883 3731 1017 3826 Philip.
1069 3741 1114 3808 ab
1128 3740 1205 3831 ipso
1220 3737 1293 3806 filiu
1309 3732 1376 3805 Dei
1402 3735 1495 3817 lieri,
1521 3734 1583 3826 qui
1605 3735 1644 3802 in
1667 3758 1708 3802 eo
1725 3733 1851 3802 itinere
1867 3728 1994 3825 hospes
2010 3748 2063 3804 est

105 3837 177 3910 Pax
198 3836 265 3907 Dei
287 3839 459 3926 gubernet
477 3842 582 3909 corda
602 3835 728 3913 vestra.
770 3835 859 3909 Item
877 3836 1017 3908 Psalmo
1068 3837 1255 3918 Abrahae,
1276 3839 1340 3910 ubi
1356 3851 1473 3928 postea
1491 3849 1604 3904 textus
1620 3834 1751 3927 iuquit:
1779 3833 2063 3907 PluitDurninus

88 3940 131 4013 I.:
157 3940 232 4031 Qui
248 3941 432 4010 confidunt
447 3942 484 4010 in
503 3939 679 4025 Domino,
705 3943 795 4012 sicut
810 3963 913 4008 mons
928 3939 1016 4010 Sion
1070 3946 1187 4032 ignem
1204 3956 1238 4012 et
1253 3934 1405 4030 sulphur
1425 3962 1444 4007 a
1458 3937 1613 4007 Domino
1629 3960 1734 4028 super
1746 3936 1921 4025 Sodoma,
1947 3935 2060 4007 Gene.

88 4071 104 4115 n
122 4045 362 4126 movebuntur
378 4043 416 4111 in
433 4058 629 4131 aeternum.
1074 4044 1133 4117 19.
1165 4036 1369 4137 Aliquando
1388 4041 1490 4132 punit
1508 4041 1659 4109 mediate
1675 4063 1737 4129 per
1753 4037 1900 4131 imperia
1922 4054 1957 4110 et
1974 4040 2062 4110 alias

131 4145 283 4217 Dilecilo
301 4147 393 4216 sicut
406 4147 491 4215 alibi
515 4147 689 4235 significat
704 4143 930 4214 dilectionem
947 4141 1018 4213 Del
1069 4149 1302 4227 calamitates,
1344 4157 1384 4214 ut
1414 4141 1595 4212 Antonius
1631 4143 1779 4233 punitur
1810 4144 1855 4210 ab
1888 4139 2060 4231 Atrgusto.

88 4249 252 4338 ³r⁰xlm5‚
278 4262 311 4318 θῑ
329 4244 598 4337 comprehendil
614 4240 779 4316 ’ῐῐῐῐὶῦῐθώ
798 4261 831 4318 et
846 4244 1019 4315 obedien·
1069 4249 1161 4322 Sunt
1177 4264 1294 4321 autem
1312 4261 1344 4317 et
1360 4245 1626 4334 magistratuum
1651 4244 1828 4335 legitimae
1850 4267 1982 4334 poenae
2005 4246 2062 4315 iu·

88 4378 113 4420 n
131 4373 210 4441 erga
225 4347 353 4420 Deum.
408 4353 553 4421 Deinde
577 4351 616 4418 in
637 4348 829 4419 dilectione
853 4347 1018 4438 proximi,
1069 4353 1155 4424 dicii
1171 4351 1303 4432 divini,
1329 4373 1394 4417 nec
1409 4347 1558 4415 dubium
1582 4359 1632 4416 est
1648 4369 1752 4435 vagas
1776 4345 1944 4416 libidines
1968 4347 2062 4417 mul-

88 4452 346 4524 matrefamilias
364 4455 477 4544 prima
493 4454 605 4524 virtus
622 4465 673 4522 est
687 4451 831 4522 dilectio
848 4449 968 4520 mariti
984 4463 1018 4520 et
1068 4469 1185 4525 torum
1211 4453 1407 4543 ingentium
1425 4449 1601 4519 bellorum
1617 4463 1651 4518 et
1668 4471 1873 4537 magnarum
1892 4450 2061 4519 vastatio·

88 4557 175 4640 solis,
190 4555 317 4624 lenitas
338 4556 461 4639 animi,
483 4580 527 4624 ne
543 4555 726 4625 iracundia
742 4568 776 4625 et
791 4553 889 4623 rabie
906 4552 1017 4643 ipsius
1068 4581 1154 4625 nram
1176 4550 1296 4628 causas
1319 4577 1410 4638 esse,
1436 4565 1476 4620 ut
1499 4552 1693 4621 ostendunt
1716 4547 1901 4621 historiae:
1929 4565 2062 4622 namet

101 4659 203 4731 triste
219 4658 438 4747 coniugium,
454 4657 527 4728 Nec
544 4659 765 4727 abalienetur
783 4657 850 4724 viri
867 4655 1017 4728 anianus.
1068 4657 1307 4730 interdiluvii
1331 4678 1451 4725 causas
1467 4653 1504 4723 fit
1519 4655 1652 4723 mentio
1678 4653 1882 4728 libidinum.
1935 4654 2060 4723 Postea
2176 4655 2178 4659 ’

88 4788 137 4848 m,
162 4759 358 4844 Patientia,
384 4746 616 4830 ue'maritum
640 4761 678 4828 iu
706 4761 850 4828 adversa
874 4758 1016 4826 lurtuna
1068 4775 1261 4831 narrantur
1281 4759 1383 4828 exitia
1403 4756 1599 4832 Sodomae,
1628 4755 1910 4836 cananaeorum,
1936 4772 1970 4826 et
1986 4757 2061 4824 fere

88 4878 176 4936 erat.
230 4861 318 4932 Item
341 4863 386 4931 sit
408 4862 497 4933 iusta
523 4864 560 4929 in
586 4864 845 4950 contractibus,
881 4860 1016 4929 nonsit
1067 4864 1313 4934 totiustrihus
1340 4858 1550 4935 Beniamin,
1585 4857 1767 4950 Principes
1791 4860 2060 4948 suspenduntur

88 4966 284 5037 raudatrix.
351 4964 438 5035 Item
470 4966 515 5035 sit
547 4965 699 5034 benefica
726 4985 806 5052 erga
834 4984 1016 5053 pauperes.
1068 4967 1106 5033 in
1123 4968 1284 5046 deserto,
1319 4960 1534 5030 adulterium
1551 4957 1700 5030 Davidis
1722 4974 1836 5029 secuta
1854 4974 1905 5029 est
1921 4961 2060 5044 seditio,

87 5071 272 5139 evirtutes
287 5091 410 5137 omnes
436 5068 625 5137 dilectione
653 5059 1017 5157 comprehenduntur,
1071 5065 1228 5137 Graecae
1242 5062 1411 5136 historiae
1426 5063 1549 5152 plenae
1564 5081 1646 5134 sunt
1669 5062 1930 5152 exernplorum,
1957 5061 2063 5132 Siba-

88 5172 234 5242 liscerni
253 5183 398 5260 possunt
418 5166 774 5261 inspectoDecalogo.
829 5166 940 5236 Fiunt
957 5192 1020 5234 au-
1071 5171 1138 5254 ris,
1161 5166 1327 5247 Thebae,
1355 5163 1518 5257 Spartae:
1546 5180 1579 5235 et
1595 5189 1691 5235 nunc
1706 5165 1847 5247 Africa,
1872 5159 1969 5248 Asia,
1989 5162 2062 5234 Ac-

88 5302 97 5343 r
124 5275 236 5362 magis
259 5275 488 5363 conspicuae,
526 5296 606 5341 curn
637 5270 795 5360 exempla
827 5264 1019 5353 intuentur,
1044 5334 1045 5343 ,
1070 5285 1217 5366 gyptus,
1244 5270 1366 5365 Syria,
1393 5264 1555 5345 Graecia,
1582 5280 1665 5337 sunt
1680 5273 1742 5336 arat
1759 5265 1988 5340 solitudines,
2003 5281 2076 5328 axx&

88 5377 210 5462 Sarae,
235 5375 398 5466 Abigail,
427 5376 553 5445 viduae
571 5372 808 5465 Sareptenae,
831 5367 1017 5445 Elisabeth
1041 5350 1046 5467 l
1069 5372 1411 5446 tetraBubarorum
1431 5369 1566 5439 stabula
1589 5369 1664 5439 sine
1686 5363 1912 5440 Ecclesia,
1932 5354 2101 5444 ἐϊκὼς
2183 5445 2186 5447 V
