4522 5782
88 80 180 235 ιιι
276 155 378 234 ιιιι.
426 90 466 228 ι.
491 149 791 233 autumno
818 149 977 227 arur.
1003 85 1210 224 aaronis
1234 139 1303 219 an
1330 92 1659 224 rruoruaou.
1710 107 1814 221 oar.
1837 143 1885 226 11.
2001 87 2100 221 uas
2205 116 2209 123 “

88 356 132 405 oe
151 331 360 412 consilium,
386 329 566 421 copulatio
586 342 733 400 naturae
755 327 899 398 divinae
924 339 959 397 et
981 317 1064 408 hoq
1102 319 1191 389 iram
1220 320 1356 390 aeterni
1390 323 1519 412 patris,
1557 321 1699 391 vincere
1725 333 1897 404 mortem,
1942 319 2092 390 reddere

88 459 185 505 tanae
202 437 240 503 in
257 437 475 518 redemtore,
498 446 533 503 et
555 427 646 502 hane
669 431 878 523 sapientiam
894 428 931 496 in
951 424 1050 496 omni
1101 422 1274 493 iusticiam
1291 436 1324 493 et
1340 423 1467 506 vitam,
1490 424 1636 515 ingredi
1652 425 1690 493 in
1706 419 1874 493 areanum
1896 422 2087 491 consilium

88 538 266 610 eternitate
283 537 474 606 discemus:
508 537 568 605 sed
586 529 853 627 iam‘utrunque
872 528 930 624 pie
945 544 978 600 et
994 553 1050 598 re·
1099 526 1233 595 aeterni
1255 526 1382 616 patris,
1416 528 1635 596 intercedere
1659 550 1724 616 pro
1747 525 1870 610 nobis,
1908 526 2029 594 videre
2053 537 2088 596 et

88 656 221 711 ereuter
237 639 535 711 considerandum
554 651 623 722 est,
651 638 785 730 etquid
804 638 849 706 sit
865 634 1050 719 mediator,
1099 629 1256 697 iudicare
1278 629 1440 698 omnium
1463 633 1590 714 corda,
1622 629 1794 723 opitulari
1810 642 1845 698 et
1859 627 2085 699 sanctificare.

114 767 224 836 quare
253 742 406 812 voluerit
431 737 527 810 Deus
555 740 768 812 constituere
800 735 1047 820 mediatorem,
1099 727 1184 799 Ideo
1212 731 1296 799 alibi
1325 731 1442 824 inquit
1470 731 1617 802 Paulus:
1661 731 1702 811 ln
1731 755 1772 800 eo
1803 725 1940 800 habitat
1967 727 2086 799 omnis

111 869 220 939 quare
242 844 322 916 talis
347 845 412 936 sit,
437 842 535 913 Deus
559 857 593 915 et
613 837 733 915 homo.
831 839 833 842 ’
1098 833 1281 922 plenitudo
1306 833 1506 904 divinitatis
1529 833 1778 926 corporaliter,
1805 833 1841 900 id
1861 846 1929 916 est,
1962 853 2084 923 perso-

1096 937 1241 1016 naliter,
1271 932 1391 1008 Colos.
1412 941 1449 1010 2.
1504 937 1605 1009 ltem:
1638 936 1707 1005 Per
1733 959 1813 1005 eum
1835 936 1977 1004 condita
2000 946 2085 1004 ιιιιιι

312 1040 387 1114 De
430 1037 782 1115 Mediolon.

1094 1038 1234 1122 omnia,
1267 1032 1397 1132 Ephes.
1425 1045 1475 1124 1.,
1513 1041 1577 1111 ubi
1614 1061 1773 1130 expresse
1813 1039 1857 1108 de
1896 1037 2083 1106 divinitate

154 1196 246 1270 Sunt
265 1208 383 1267 autem
405 1196 637 1287 proprietates
658 1190 863 1263 mediatoris
880 1204 1044 1284 quatuor.

1096 1140 1233 1210 locutus
1256 1157 1316 1208 est.

251 1316 260 1332 ‚
475 1316 484 1332 ‚
735 1312 745 1328 ‚
1196 1241 1264 1310 Hie
1280 1257 1313 1311 et
1329 1243 1471 1313 collatio
1486 1242 1741 1313 consideranda
1756 1257 1816 1313 est.
1859 1240 1902 1310 ln
1920 1238 2082 1331 Epistola

103 1314 129 1388 ¹·
160 1313 208 1387 Ul
232 1331 277 1388 ⁵¹¹
300 1339 450 1407 lemna
473 1328 566 1385 ’ΠΜ
593 1310 710 1384 Deum
734 1324 941 1429 ¹³³⁵f²¹¹¹fm
963 1333 1043 1427 9⁰⁰⁸,
1095 1346 1137 1411 ad
1166 1341 1311 1414 Galatas
1336 1347 1450 1435 capite
1478 1347 1514 1419 8.
1548 1344 1680 1415 Paulus
1714 1346 1757 1414 de
1783 1343 1911 1439 Moyse
1944 1343 2080 1435 inquit:

90 1412 668 1538 ¹⁰’‚e¹gen⁰⁸l¹⁰¹¹f³,¹¹⁰m¹ffum
689 1411 1044 1532 Peecfuetmfnffl
1093 1445 1164 1515 Lex
1182 1462 1231 1515 est
1248 1450 1327 1515 data
1345 1472 1408 1538 per
1425 1472 1568 1515 manum
1591 1448 1807 1521 mediatoris.
1859 1445 1955 1515 Haec
1973 1446 2081 1537 verba

92 1535 262 1611 nstituta,
291 1536 331 1591 ut
357 1535 517 1588 rustrcrae
541 1516 609 1589 Der
633 1516 840 1599 saussacrat,
874 1527 1043 1584 sustineat
1094 1566 1207 1618 summ
1233 1563 1315 1618 sum
1332 1545 1555 1632 ethoria,
1583 1573 1672 1641 quae
1696 1546 1993 1620 recitaturssmdi
2016 1545 2080 1621 20·

88 1651 142 1695 arn
161 1648 226 1718 pro
242 1637 384 1714 peccato
404 1637 437 1691 et
454 1624 662 1711 deprecetur
678 1642 743 1708 pro
758 1617 872 1687 nobis.

101 1726 149 1844 ll·
178 1723 231 1844 Ul,
247 1725 293 1795 δὴ
316 1724 491 1844 ι’,θνθιὸωδ
516 1719 789 1842 hi⁶,¹¹¹⁶di³¹⁰‘’
819 1732 857 1838 ‚et
881 1739 1041 1836 ²¹pfeff⁸⁰
1092 1753 1223 1847 inquit:
1257 1751 1419 1846 Loquere
1442 1770 1479 1824 tu
1505 1756 1610 1823 nobis
1634 1770 1670 1824 et
1694 1756 1898 1836 audiemus,
1924 1777 1999 1821 nou
2024 1751 2081 1820 lo·

88 1844 256 1900 stimomo
272 1825 340 1897 Dea
357 1829 399 1894 ad
418 1822 486 1894 hoc
506 1826 712 1907 ordinatus,
738 1838 778 1892 ut
800 1835 846 1891 stt
868 1843 1042 1912 proptera-

88 1955 127 2010 τ’
173 1931 263 2000 'lieu‘
297 1933 342 1997 de
377 1928 450 1998 5¹5⁰
487 1924 554 1997 Dei
595 1947 754 2017 “prem
791 1924 928 1994 dictum
972 1934 1041 2005 ⁰⁵¹²
1092 1959 1199 2028 storia
1224 1958 1457 2045 significatum
1483 1974 1563 2043 est,
1594 1954 1786 2028 humanam
1815 1972 1977 2029 naturam
2003 1977 2080 2024 non
2166 1976 2169 1981 ‘

88 2032 244 2105 ⁰¹⁰³'3‘²
270 2028 882 2154 Quen}⁶⁰⁰⁸²it⁰3tpr⁰Pi⁶i³¹⁰¹m
934 2020 1042 2094 Elin
1093 2085 1192 2151 posse
1217 2061 1390 2129 sustinere
1414 2086 1534 2130 vocem
1561 2059 1625 2129 Dei
1650 2062 1858 2145 iudicantis,
1894 2083 1957 2129 seu
1981 2057 2080 2128 iudi·
2139 2103 2142 2106 <

88 2135 315 2207 ffllm⁰1¹⁰⁸
352 2133 1042 2203 '1⁰⁰⁸⁸³⁰⁰Pd⁰⁸¹⁰³e¹⁰mum⁸²⁰⁰¹¹'
1092 2163 1184 2231 cium
1210 2161 1289 2236 Dei.
1342 2163 1442 2232 Sicut
1466 2177 1498 2231 el
1524 2160 1630 2235 Deut.
1652 2162 1688 2234 4.
1717 2165 1867 2232 dicitur:
1906 2159 2003 2230 Deus
2026 2173 2079 2230 est

88 2262 136 2306 tm
154 2237 317 2306 ordinem
336 2229 612 2306 Melchisedech.
664 2227 712 2303 Et
729 2233 853 2300 eadem
868 2228 945 2298 loca
959 2240 1043 2297 sunt

88 2340 325 2424 omissiones,
352 2360 442 2431 quae
459 2350 633 2407 testantur
657 2333 817 2404 exaudiri
842 2327 938 2402 hunc
967 2353 1041 2398 me·

88 2454 238 2512 atorem.

92 2538 169 2616 lill.
196 2541 245 2616 Ut
259 2541 383 2612 merita
408 2537 614 2608 mediatoris
631 2536 855 2628 applicentur
871 2536 1043 2604 invocan-

88 2669 167 2726 sus,
204 2660 237 2717 et
260 2645 401 2714 valeant
426 2667 490 2733 pro
516 2641 588 2721 eis,
623 2641 714 2709 sicut
733 2640 777 2708 de
798 2638 873 2707 filio
894 2639 1041 2708 dicitur:

88 2773 119 2819 er
141 2748 250 2819 unius
267 2747 505 2819 obedientiam
531 2742 616 2812 iusti
640 2741 908 2813 constituuntur
928 2739 1042 2823 multi,

111 2875 181 2923 ma.
201 2847 237 2924 5.

88 2875 162 3026 oIV.
194 2951 243 3024 Ut
271 2951 309 3018 in
336 2948 563 3018 invocatione
591 2935 818 3030 nominetur:
855 2957 890 3013 et
915 2941 1041 3011 fiducia

1092 2266 1185 2354 ignis
1208 2287 1429 2335 consumens.
1482 2259 1547 2335 Est
1563 2281 1679 2337 autem
1706 2266 1757 2334 ibi
1774 2264 1918 2358 Moyses
1942 2263 2078 2332 media-
2111 2273 2116 2286 ’

1093 2383 1149 2438 ιοι·
1172 2368 1327 2462 typicus:
1363 2391 1445 2435 nam
1471 2391 1535 2436 nec
1560 2368 1634 2459 ipse
1659 2369 1782 2439 audire
1800 2364 1914 2437 Deum
1940 2365 2078 2456 potuis-

1091 2483 1164 2557 set,
1189 2469 1258 2537 nisi
1280 2470 1374 2538 filius
1389 2469 1512 2539 fuisset
1530 2471 1791 2543 umbraculum.
1844 2469 1944 2540 Sicut
1960 2463 2077 2536 Exodi

1091 2571 1322 2646 ddadicitur:
1351 2570 1431 2641 Non
1457 2572 1593 2643 videbit
1613 2598 1669 2643 rne
1690 2568 1798 2642 homo
1820 2587 1854 2642 et
1876 2572 1991 2655 vivet,
2017 2572 2079 2638 sed

1092 2676 1208 2746 addit:
1242 2673 1429 2761 Protegam
1457 2689 1491 2745 te
1521 2679 1641 2745 dextra
1674 2695 1788 2745 mea·
1822 2672 1905 2745 Nou
1928 2672 2079 2743 sustinet

1093 2776 1236 2871 Moyses
1252 2781 1339 2845 iram
1357 2776 1445 2856 Dei,
1474 2801 1538 2847 nec
1555 2791 1605 2848 est
1622 2778 1854 2870 propitiator,
1879 2800 1944 2848 nec
1964 2788 2080 2865 potest

1092 2880 1339 2950 transfundere
1356 2880 1472 2948 radios
1487 2879 1646 2949 iusticiae
1664 2897 1696 2951 et
1714 2880 1806 2950 vitae
1823 2881 1861 2948 in
1877 2879 1978 2969 alios,
1997 2877 2078 2947 ideo

1094 2982 1228 3052 velatus
1251 2996 1318 3065 est,
1345 2994 1384 3050 ut
1409 2981 1624 3070 significetur
1640 2982 1784 3076 Typum
1806 2983 1980 3073 proponi,
2016 2980 2080 3049 sed
2177 3072 2180 3079 Δ

1093 3078 1183 3153 alios
1214 3096 1264 3152 est
1290 3107 1393 3152 verus
1428 3084 1601 3152 mediator
1626 3084 1803 3154 Dominus
1830 3097 1950 3155 noster
1982 3079 2080 3152 lesus

1092 3181 1275 3270 Christus,
1303 3187 1413 3278 quiet
1432 3185 1579 3254 sustinet
1605 3186 1692 3254 iram
1711 3184 1798 3267 Dei,
1825 3201 1858 3257 et
1881 3199 1933 3256 est
1955 3182 2080 3277 propi-

1093 3290 1222 3371 ciator‚
1239 3304 1271 3357 et
1290 3287 1505 3359 transfundit
1524 3289 1642 3357 radios
1660 3312 1743 3358 suae
1760 3289 1917 3359 iusticiae
1934 3300 1968 3357 et
1987 3287 2079 3358 vitae

1092 3392 1228 3472 ineos,
1256 3391 1316 3482 qui
1334 3390 1451 3480 ipsum
1468 3390 1630 3464 audiunt.
1683 3391 1766 3460 ldeo
1782 3389 1914 3461 Paulus
1939 3384 1998 3459 hic
2021 3388 2080 3458 iu·

1091 3495 1189 3587 quit:
1224 3490 1326 3563 Unus
1354 3508 1404 3563 est
1433 3493 1624 3573 mediator,
1662 3494 1842 3586 quianon
1868 3496 1913 3563 de
1942 3490 2083 3587 typico,

1092 3598 1152 3665 sed
1186 3599 1230 3663 de
1265 3621 1346 3664 vero
1388 3595 1602 3680 mediatore,
1643 3596 1821 3689 loquitur,
1862 3618 1967 3689 quem
2000 3589 2078 3678 Ro·
2120 3674 2126 3698 l

1094 3722 1187 3772 nean.
1206 3697 1241 3768 d.
1266 3698 1429 3766 nominat
1450 3695 1747 3789 propiciatorem,
1775 3700 1867 3770 sieut
1889 3721 1995 3788 supra
2019 3697 2078 3766 di·

1073 3815 1187 3870 ctum
1212 3814 1282 3882 est,
1307 3799 1365 3869 Ad
1388 3800 1592 3873 mediatoris
1618 3800 1778 3870 officium
1803 3801 1998 3891 pertinere,
2038 3811 2080 3870 ut

1091 3902 1260 3973 sustineat
1279 3925 1426 3991 poenam
1446 3925 1508 3990 pro
1526 3903 1648 3983 nobis,
1676 3917 1710 3972 et
1724 3903 1769 3971 sit
1782 3903 2010 3994 propiciator.

88 3055 157 3126 tius
195 3053 400 3124 mediatoris
424 3051 471 3121 ad
494 3048 610 3120 Deum
637 3052 861 3124 accedamus.
910 3059 944 3115 et
966 3044 1042 3134 ipse

88 3170 173 3228 astra
189 3170 270 3227 vota
286 3157 331 3224 ad
351 3152 466 3223 Deum
482 3153 655 3244 perierat,
680 3164 715 3221 et
736 3151 855 3219 videat
877 3146 1041 3216 omnium

88 3263 177 3344 rda,
203 3260 379 3329 discernat
399 3279 480 3323 vere
496 3268 530 3324 et
553 3276 626 3322 ιιοιι
648 3276 729 3323 vere
751 3253 974 3333 invocantes,
1008 3261 1043 3316 et

88 3391 92 3432 ι
117 3362 244 3430 efficax
267 3361 304 3427 in
326 3357 595 3441 invocantibus,
637 3370 676 3426 ut
707 3357 777 3423 iam
810 3354 898 3422 fiant
928 3373 1041 3421 unum

88 3488 127 3533 ιιι
141 3462 230 3547 Deo,
246 3463 337 3532 sicut
351 3462 395 3530 ad
414 3454 588 3551 Ephesios
597 3470 637 3528 „et
651 3455 877 3528 Colosseuses
894 3454 1040 3523 dicitur:

88 3568 155 3638 aod
174 3566 268 3634 filius
292 3564 428 3653 redigat
449 3563 517 3633 sub
531 3584 644 3631 uuum
667 3573 791 3651 caput,
822 3570 858 3628 et
874 3557 1043 3645 adiungat

88 3691 114 3739 »s
137 3682 281 3739 aeterno
304 3665 409 3758 patri.

181 3847 310 3951 Quare
341 3857 464 3920 aulem
494 3843 609 3918 voluit
639 3839 904 3917 mediatorem?

1092 1665 1126 1720 et
1141 1651 1223 1734 34„
1250 1651 1312 1719 ubi
1333 1653 1484 1743 populus
1506 1666 1752 1725 consternatus
1770 1653 1889 1722 audita
1909 1674 1994 1720 voce
2010 1647 2080 1718 Dei
2199 1666 2202 1672 ⁴

1092 1871 1221 1948 quatur
1238 1856 1342 1924 uobis
1361 1857 1554 1941 Dominus,
1580 1879 1624 1924 ne
1638 1857 1844 1927 moriamur.
1876 1854 1919 1924 ln
1935 1851 2001 1925 hae
2021 1849 2081 1923 hi·
2199 1863 2202 1866 ’

150 4005 246 4097 Quia
269 4004 525 4074 redemtionem
552 4002 600 4071 ita
626 4001 701 4070 fieri
726 3998 859 4082 voluit,
884 4011 924 4068 ιιι
939 3997 1042 4068 iusti-

88 4136 121 4183 ιε
138 4110 282 4180 divinae
296 4120 414 4177 tamen
430 4103 631 4183 satisfieret,
665 4105 745 4172 ideo
764 4101 940 4170 mediator
955 4124 1042 4169 cou-

88 4227 193 4286 tutus
217 4225 287 4296 est,
330 4209 368 4276 in
395 4196 502 4301 ciuem
529 4206 774 4276 effunderetur
804 4227 886 4273 vera
912 4216 946 4273 et
965 4226 1040 4272 non

88 4316 211 4386 nulata
227 4315 281 4382 ira
297 4312 458 4381 iustitiae
472 4308 615 4377 divinae
630 4309 800 4378 adversus
816 4319 939 4375 nostra
958 4327 1039 4395 pec·

88 4434 140 4505 ta,
174 4432 208 4488 et
227 4431 268 4486 ut
291 4414 371 4485 talis
398 4412 572 4481 mediator
600 4424 688 4480 esset
712 4409 867 4503 pretium
889 4432 955 4500 pro
981 4430 1041 4498 ge-

1192 3999 1396 4074 Observent
1414 4018 1530 4073 autem
1550 4005 1697 4073 lectores
1720 3999 1779 4073 hic
1798 4005 1980 4096 repetitam
2002 4025 2077 4076 esse
2203 4071 2207 4077 .

1092 4107 1338 4191 universalem,
1347 4105 1408 4200 qui
1426 4106 1523 4176 dedit
1540 4130 1576 4175 se
1592 4102 1815 4202 ἀντίλυτρον
1832 4131 1895 4198 pro
1911 4106 2079 4178 omnibus
2176 4112 2179 4117 ’

1092 4206 1315 4292 bominibus,
1358 4222 1392 4279 et
1414 4209 1486 4276 vim
1512 4209 1939 4293 vocabulicousiderent,
1979 4211 2078 4301 quod

1091 4313 1261 4400 siguificat
1277 4300 1600 4401 compensationem
1621 4326 1656 4382 et
1671 4312 1836 4403 pretium.
1875 4311 1963 4384 Vult
1977 4311 2077 4381 'euim

1091 4413 1241 4502 intelligi
1277 4411 1408 4483 Paulus
1442 4414 1546 4483 talem
1581 4416 1835 4500 mediatorem,
1873 4438 1934 4485 seu
1968 4414 2076 4485 talem

87 4545 129 4592 re
153 4514 324 4591 humano.

1092 4615 1158 4689 hoc
1182 4634 1253 4687 tarn
1278 4621 1411 4706 grande
1434 4619 1584 4706 pretium
1609 4621 1807 4711 intuentes,
1845 4642 2076 4710 agnoscamus
2169 4614 2172 4620 ’

215 4813 216 4816 ¹
1091 4719 1205 4790 Deum
1233 4746 1314 4790 vere
1338 4735 1371 4790 et
1395 4716 1616 4792 horribiliter
1646 4723 1749 4791 irasci
1779 4725 1947 4813 peccatis,
1989 4722 2075 4815 quio

147 4825 244 4915 Quia
268 4849 347 4895 curn
371 4845 482 4912 genus
505 4815 706 4889 humanum
731 4835 921 4907 peccasset,
950 4822 1038 4887 ordo
1091 4822 1246 4893 mirabili
1267 4836 1301 4892 et
1325 4824 1554 4891 inenarrabili
1585 4825 1755 4916 sapientia
1787 4827 1967 4916 copulatae
1991 4838 2076 4896 suut

88 4931 207 5004 aticiae
233 4942 328 5007 erat,
362 4934 402 4996 ut
430 4922 538 4994 homo
564 4944 693 5009 poenas
716 4920 922 5002 sustineret,
958 4921 1037 4989 ideo
1089 4925 1227 4995 iusticia
1251 4940 1284 4995 et
1307 4926 1548 4994 misericordia
1572 4927 1608 4995 in
1635 4930 1865 5001 redemtione.
1916 4925 1990 4996 Nec
2013 4950 2074 4995 re·

88 5033 180 5104 tulus
205 5027 273 5100 hoc
300 5031 379 5098 loco
410 5029 540 5096 diserte
564 5023 697 5116 inquit:
731 5019 851 5090 Homo
873 5018 1037 5092 Christus
1087 5045 1226 5118 ceptum
1254 5043 1304 5098 est
1323 5052 1433 5116 genus
1458 5023 1676 5117 humanum,
1702 5032 1770 5099 nisi
1793 5031 1862 5114 ita,
1897 5042 1937 5098 ιιι
1965 5028 2073 5099 simul

88 5159 160 5220 sus,
187 5135 249 5226 qui
268 5129 365 5201 dedit
388 5154 424 5198 se
441 5129 591 5220 pretium
613 5149 676 5217 pro
695 5125 862 5192 omuibus
881 5121 1035 5208 homini·
1088 5130 1245 5199 iusticias
1261 5127 1326 5199 Dei
1349 5131 1542 5206 satisfieret.
1587 5131 1690 5203 Hanc
1713 5135 1840 5201 iustam
1864 5132 1954 5200 iram
1975 5128 2074 5202 Deus

90 5264 120 5310 s.
173 5232 222 5306 Et
247 5251 363 5305 tamen
384 5234 475 5299 idem
499 5232 561 5300 ille
585 5229 759 5299 mediator
782 5242 833 5296 est
854 5225 967 5306 Deus,
996 5241 1034 5295 ut
1088 5233 1162 5302 vult
1186 5233 1352 5323 conspici.
1410 5231 1551 5303 Rursus
1573 5237 1678 5303 etiam
1701 5235 1778 5304 vult
1803 5233 1888 5323 erigi
1913 5235 2016 5303 tidem
2039 5248 2074 5305 et

114 5337 343 5435 aequivalens
371 5336 543 5426 pretium,
590 5344 623 5402 et
652 5344 692 5400 ut
722 5329 831 5422 possit
860 5331 1034 5400 sustinere
1085 5336 1226 5425 agnosci
1261 5335 1559 5418 inisericordiam,
1602 5361 1681 5408 cum
1708 5337 1971 5408 consideramus
2004 5331 2096 5409 hoe'

121 4685 251 4787 Quare
275 4696 396 4759 autem
418 4681 511 4755 talis
534 4690 605 4768 est,
639 4677 747 4751 Deus
770 4688 802 4750 et
826 4672 965 4751 homo?

1091 4517 1380 4607 propiciatorem,
1406 4516 1467 4609 qui
1486 4517 1522 4584 in
1539 4541 1614 4586 sese
1630 4517 1803 4587 derivavit
1820 4504 1982 4611 poenam.
2014 4512 2078 4592 'Et
2202 4594 2204 4597 ,
