4522 5782
102 198 187 301 'sss
454 210 477 324 ζ
610 262 613 267 ,
695 212 824 287 rmn.
848 206 969 285 uae.
997 204 1211 285 soulers
1233 205 1537 287 marries.
2043 154 2146 301 ¹tos

253 389 314 464 De
332 385 481 462 iusticia
504 384 595 487 quio
618 380 673 458 ad
688 393 832 484 patrem
856 377 963 455 vodo.
1152 382 1333 462 exercitia,
1372 396 1433 453 aut
1462 380 1675 452 munditiem
1704 393 1885 466 nostram,
1918 393 2147 475 execrantur,

1153 498 1320 577 tanquam
1341 486 1578 576 corruptelam
1599 485 1777 554 bonorum
1796 508 1958 569 morum,
1984 498 2021 554 et
2037 484 2149 555 disci·

1153 586 1271 676 plioae
1293 585 1525 669 laxationem,
1551 599 1591 656 ut
1605 585 1799 659 certamina
1817 584 1920 655 Pauli
1937 586 2149 669 ostendunt,

1152 711 1240 781 quse
1263 687 1296 757 ei
1319 711 1399 757 cum
1423 686 1671 757 defemoribus
1694 687 1853 757 iustitiae
1877 687 1965 775 legis
1986 687 2149 771 fuerunt,

1152 804 1186 859 et
1215 790 1404 860 extiterunt
1435 801 1556 859 nostra
1583 802 1695 860 aetate
1718 788 1851 861 similia
1871 790 2070 861 certamina
2090 788 2148 859 in-

215 543 294 614 lloc
324 542 527 613 membrum
557 536 679 610 multis
700 533 953 627 interpretibus
974 532 1102 603 obscu-

115 650 190 721 rius
213 647 328 716 visum
351 658 413 715 est.
466 641 566 731 Quae
584 655 635 711 est
653 640 748 708 enim
764 634 850 707 haec
865 658 958 705 nova
974 633 1102 703 delini·

115 754 166 823 tio
188 750 363 830 iusticias,
397 745 533 815 iusticia
557 757 677 813 nostra
702 752 755 811 est
779 738 948 809 transitus
968 731 1101 807 Christi

117 857 160 925 ad
182 849 343 942 patrem?
394 846 516 934 Longe
537 845 631 915 enim
649 843 752 912 aliter
769 843 824 910 lex
840 839 975 933 inquit,
1000 837 1121 907 iusti-¹
1238 892 1247 907 .

116 956 207 1025 ciam
231 965 389 1022 nostram
411 971 484 1018 esse
500 947 736 1016 obedientiam
754 944 849 1013 iuxta
863 940 983 1011 omnia
1001 962 1104 1030 prae-

116 1069 227 1147 cepta.
278 1052 347 1123 Sed
363 1051 436 1119 dixi
450 1072 574 1148 supra,
599 1046 643 1116 iis
657 1046 719 1139 qui
733 1045 898 1137 ignorant
913 1041 1103 1112 discrimen

1152 905 1281 982 gentas.

1202 1075 1264 1149 De
1290 1072 1447 1164 iudicio,
1478 1075 1570 1178 quia
1592 1074 1763 1177 princeps
1785 1072 2020 1149 inauditam
2044 1072 2148 1153 iudi-

117 1157 205 1247 legis
233 1168 267 1224 et
290 1152 493 1242 Evangelii,
527 1144 622 1217 httnc
650 1149 769 1217 locum
800 1167 914 1216 meras
941 1144 1104 1214 tenebras
1257 1189 1361 1251 mm,
1382 1188 1446 1255 esp·

118 1282 202 1329 esse.
256 1253 327 1325 Sed
349 1266 442 1325 recto
464 1250 618 1322 instituti
635 1250 672 1317 in
690 1245 882 1337 Evangelio
899 1246 1105 1333 intelligunt

118 1360 204 1454 quid
227 1358 375 1427 dicatur.
430 1352 563 1423 Verum
589 1367 639 1422 est
657 1353 742 1440 legis
758 1351 938 1420 iusticiam.
949 1370 1022 1415 esse
1037 1372 1104 1416 no·
1254 1350 1397 1421 Priores
1418 1352 1509 1422 duae
1533 1365 1649 1445 partes
1668 1352 1952 1443 complectuntur
1967 1374 2148 1423 summam

119 1478 207 1532 stras
240 1458 405 1546 virtutes,
439 1460 498 1525 sed
531 1456 689 1538 iusticia,
722 1476 811 1545 quae
840 1452 877 1519 in
908 1449 1104 1536 Evangelio
1153 1454 1339 1525 doctrinae
1368 1455 1413 1522 de
1443 1469 1583 1546 peceato
1611 1468 1644 1524 et
1671 1455 1717 1523 de
1744 1454 1901 1533 iusticia,
1934 1457 1981 1523 de
2003 1455 2150 1544 ignora·

118 1568 292 1645 donatur,
328 1572 380 1629 est
401 1553 535 1629 Christi
559 1557 728 1625 transitus
748 1568 782 1624 et
803 1544 971 1643 regnum-⁸
1013 1550 1103 1620 Nam
1155 1558 1252 1628 tione
1281 1552 1366 1640 Dei,
1400 1557 1443 1624 de
1473 1555 1723 1626 incredulitate
1752 1556 1909 1645 fugiente
1931 1554 2072 1641 Deum,
2105 1559 2149 1626 de

118 1677 265 1762 propter
285 1662 493 1741 transitum,
522 1658 558 1725 id
576 1676 624 1727 est
634 1708 646 1741 ,
675 1670 821 1726 mortem
836 1651 990 1736 Christi,
1016 1655 1103 1721 dan·
1155 1659 1223 1728 lide
1245 1658 1284 1724 in
1301 1653 1484 1727 Christum
1502 1658 1751 1743 mediatorem,
1777 1658 2001 1741 crucifixum,
2029 1680 2151 1729 retus·

118 1784 178 1839 tur
208 1763 313 1833 nobis
334 1765 494 1830 remissio
521 1773 760 1849 peccatorum,
793 1772 827 1826 et
852 1754 1105 1825 reconciliatio:
1156 1760 1321 1846 citatum,
1353 1760 1531 1829 sedentem
1563 1761 1608 1828 ad
1631 1761 1788 1829 dextram
1814 1760 1942 1851 patris,
1974 1759 2149 1849 interpel-

120 1892 181 1939 seu
205 1863 374 1936 transitus
398 1877 432 1934 et
456 1885 551 1930 mors
566 1855 701 1930 Christi
721 1863 903 1930 donantur
919 1857 1042 1942 nobis,
1068 1870 1107 1926 ut
1157 1862 1286 1932 lantem
1303 1885 1366 1953 pro
1384 1861 1507 1947 nobis,
1533 1862 1576 1930 de
1592 1862 1868 1952 gubernatione,
1895 1886 1964 1953 qua
1982 1856 2149 1931 Christus

118 1980 265 2062 propter
288 1959 357 2035 hoc
381 1963 589 2033 sacrificium
615 1964 723 2030 simus
748 1961 890 2051 accepti.
954 1954 1002 2028 Et
1023 1959 1106 2054 quia
1157 1966 1281 2033 sedens
1302 1964 1346 2032 ad
1369 1966 1525 2031 dextram
1549 1962 1679 2054 patris,
1706 1965 1766 2033 dat
1782 1958 1955 2052 Spiritum
1970 1976 2148 2043 sanctum,

118 2068 284 2147 Christus
312 2067 408 2136 sedet
440 2068 484 2134 ad
511 2067 667 2133 dextram
692 2064 818 2152 patris,
848 2075 882 2132 et
907 2061 1108 2151 interpellat
1157 2066 1284 2135 excitat
1317 2065 1500 2133 ministros
1528 2060 1733 2153 Evangelii,
1773 2064 1909 2149 colligit
1938 2061 2149 2150 Ecclesiam,

120 2197 186 2264 pr⁰
204 2169 326 2252 ¹¹0bl³t
352 2189 474 2238 ⁵⁰¹⁰OE
488 2160 687 2236 haereditas
703 2161 856 2243 Christi,
882 2178 914 2233 et
932 2165 1110 2232 donamur
1158 2169 1275 2236 incoat
1304 2166 1342 2234 in
1371 2190 1409 2237 ea
1432 2189 1562 2236 novam
1585 2167 1721 2251 lucem,
1753 2165 1946 2244 iusticiam,
1980 2180 2016 2237 et
2040 2166 2148 2235 vitam

120 2274 259 2365 Spiritu
289 2282 430 2351 sancto,
466 2282 608 2337 aeterna
637 2267 775 2336 iusticia
806 2281 839 2335 et
863 2267 945 2338 vita.
1011 2262 1109 2335 Haec
1158 2283 1347 2341 aeternam.
1399 2265 1496 2338 Haec
1513 2282 1564 2339 est
1580 2291 1716 2338 summa
1731 2263 1939 2357 Evangelii,
1965 2290 2075 2361 quam
2092 2265 2149 2337 di·

121 2371 380 2464 simplicissima
405 2370 650 2460 interpretatio
675 2393 755 2437 vera
780 2381 814 2438 et
831 2369 949 2436 nativa
966 2380 1035 2450 est,
1061 2367 1108 2434 si·
1158 2372 1209 2442 xit
1234 2369 1407 2461 Spiritum
1437 2383 1594 2440 sanctum
1626 2394 1690 2461 per
1712 2366 1948 2440 ministerium
1974 2392 2150 2462 propaga-

123 2491 182 2546 cnt
196 2485 330 2545 constat
345 2495 446 2562 saepe
461 2471 559 2563 loqui
575 2469 725 2539 Paulum
733 2521 745 2554 ,
773 2483 813 2539 ut
831 2470 862 2542 1.
880 2466 961 2542 Cor.
980 2471 1028 2541 1.:
1054 2464 1109 2536 Ex
1159 2488 1278 2543 turum
1300 2494 1385 2545 esse.
1437 2468 1536 2541 Haec
1550 2494 1617 2541 vox
1632 2496 1711 2541 cum
1726 2484 1829 2543 sonat
1846 2484 1880 2540 et
1897 2471 2013 2563 coepit
2029 2470 2150 2561 colligi

87 2574 90 2583 ’
122 2579 200 2667 ipso
224 2598 287 2645 vos
301 2574 384 2644 estis
400 2575 437 2641 in
454 2569 597 2643 Christo
617 2570 711 2657 lesu,
737 2572 799 2664 qui
813 2572 924 2641 factus
940 2584 991 2640 est
1005 2570 1110 2640 nobis
1158 2571 1334 2654 Ecclesia,
1361 2586 1437 2643 tum
1454 2597 1538 2643 vero
1555 2574 1721 2644 oriuntur
1736 2573 1947 2658 certamina,
1972 2586 2007 2644 et
2023 2572 2151 2665 ingert-

122 2678 295 2770 sapientia
317 2700 336 2746 a
361 2674 459 2754 Deo,
493 2688 526 2743 et
552 2674 708 2757 iusticia,
742 2687 775 2742 et
798 2672 1049 2761 sanctificatio,
1076 2684 1109 2740 et
1159 2690 1211 2748 tes
1233 2675 1429 2744 discordiae
1453 2674 1679 2746 iudiciorum.
1730 2670 1888 2745 Ecclesia
1910 2671 2064 2747 affirmat
2086 2698 2151 2747 vo-

121 2779 306 2851 redemtio.
357 2776 420 2847 Ait
439 2772 621 2847 Christum
648 2799 719 2845 esse
741 2789 897 2845 nostram
921 2775 1110 2858 iusticiam,
1159 2803 1233 2848 cem
1252 2775 1439 2868 Evangelii
1462 2800 1579 2848 veram
1595 2800 1687 2860 esse,
1712 2791 1747 2848 et
1763 2776 1898 2847 firmam
1914 2791 1948 2847 et
1964 2777 2149 2847 immotam

123 2884 217 2975 quod
248 2894 401 2972 utroque
432 2880 539 2947 modo
564 2878 802 2966 intelligatur,
834 2892 868 2948 et
891 2876 973 2969 quia
998 2875 1110 2967 ipsius
1159 2877 1478 2964 Deisenteutiam,
1504 2879 1548 2948 de
1570 2880 1662 2947 veris
1684 2879 1838 2949 cultibus
1858 2876 1943 2964 Dei,
1969 2883 2072 2950 etde
2095 2900 2151 2946 sa·

121 2983 260 3055 iusticia
277 2982 382 3053 nobis
397 2982 565 3062 donatur,
593 2975 658 3048 hoc
673 2993 744 3064 est,
770 2993 915 3069 propter
929 3002 1009 3047 eum
1026 2977 1109 3048 iusti
1162 2976 1452 3054 lutehominum.
1503 2977 1552 3051 At
1569 2980 1698 3051 iudicia
1714 2980 2018 3051 contemnentium
2035 2978 2149 3050 Deum

123 3101 157 3156 et
175 3084 305 3173 accepti
321 3106 460 3164 sumus,
486 3096 519 3151 et
536 3083 618 3174 quia
636 3081 790 3153 efficitin
808 3080 912 3150 nobis
929 3102 1057 3148 novam
1076 3093 1110 3149 et
1160 3084 1320 3174 epicurea
1353 3096 1386 3151 et
1416 3077 1633 3176 hypocritica
1659 3083 1865 3153 reclamant.
1927 3080 2095 3176 Tyranni
2117 3092 2150 3150 et

122 3202 300 3257 aeternam
326 3184 499 3255 iusticiam
527 3199 559 3253 et
583 3184 702 3254 vitam.
754 3180 896 3273 Cogites
920 3182 1028 3271 igitur
1054 3182 1108 3251 iu·
1161 3185 1222 3255 alii
1246 3181 1415 3279 Epicurei
1439 3184 1623 3254 clamitant
1642 3180 1877 3272 Evangelium
1902 3206 1977 3252 esse
2002 3198 2149 3276 porten-

123 3290 258 3358 sticiam
291 3300 388 3357 tuam
416 3308 507 3369 esse,
540 3308 613 3353 saon
644 3286 791 3356 virtutes
823 3298 919 3365 tuae,
950 3296 986 3354 et
1014 3297 1109 3352 tuam
1161 3302 1272 3358 totam
1296 3301 1330 3356 et
1355 3288 1497 3356 inanem
1518 3286 1687 3360 fabulam.
1738 3283 1973 3380 Hypocritae,
1997 3285 2061 3379 qui
2085 3285 2150 3355 fal·

122 3388 355 3470 munditiem,
388 3388 448 3455 sed
480 3388 617 3456 intuere
646 3387 757 3454 lilium
782 3383 850 3456 Dei
879 3385 1109 3455 mediatorem
1162 3412 1218 3458 sos
1239 3388 1354 3458 cultus
1369 3388 1586 3474 defendunt,
1610 3405 1830 3481 quaeruntur
1845 3386 1979 3456 aboleri
1994 3411 2151 3457 ceremo-

123 3515 189 3580 pro
224 3503 257 3558 te
289 3510 428 3577 passum
455 3500 489 3557 ct
512 3488 775 3573 resuscitatum,
806 3512 846 3557 ac
869 3510 965 3556 nune
988 3509 1051 3576 pro
1076 3499 1110 3555 te
1162 3492 1260 3574 nias,
1285 3504 1318 3560 et
1337 3489 1499 3560 exercitia
1515 3487 1592 3561 Deo
1609 3490 1801 3580 placentia,
1829 3503 1862 3559 et
1882 3488 1992 3558 laxari
2010 3491 2149 3559 frenum

123 3589 424 3679 interpellantem.
475 3586 594 3658 Huius
616 3587 1023 3669 iusticiatibidonatur,
1049 3588 1111 3671 ita,
1163 3592 1390 3683 disciplinae,
1443 3607 1478 3664 et
1516 3591 1740 3661 concordiam
1782 3590 1960 3681 publicam
2002 3588 2150 3662 turbari.

123 3706 163 3764 ut
193 3694 238 3762 sis
265 3703 409 3783 propter
432 3715 512 3760 eum
536 3690 649 3759 iustus
670 3704 704 3762 et
726 3704 907 3783 acceptus,
938 3703 972 3762 et
997 3714 1042 3759 ue
1066 3691 1110 3759 sit
1166 3693 1248 3764 ldeo
1279 3707 1320 3765 ut
1350 3692 1555 3785 opprimant
1576 3691 1763 3780 Evangelii
1794 3716 1936 3777 vocem,
1969 3692 2150 3764 saevitiam

122 3810 260 3866 tantum
288 3793 475 3883 imputatio
499 3805 663 3862 manente
687 3808 828 3884 peccato
845 3806 878 3863 et
896 3805 1027 3877 morte,
1052 3787 1110 3861 hic
1163 3810 1324 3866 exercent
1337 3800 1506 3865 adversus
1519 3793 1703 3885 Evangelii
1721 3795 1947 3887 professores.

122 3896 298 3969 iusticiam
314 3907 348 3964 et
364 3894 470 3965 vitam
487 3908 665 3964 aeternam
685 3895 724 3965 in
741 3895 846 3966 nobis
859 3893 977 3969 efficit.
1265 3947 1319 4018 De
1342 3945 1407 4018 hac
1432 3947 1635 4019 digama„
1656 3948 1868 4018 indiciorum
1886 3943 2053 4019 Chrpgw,
2067 3972 2153 4018 con.

226 4047 346 4137 Quare
368 4071 447 4118 cum
470 4048 617 4117 dicitur:
651 4046 805 4137 Spiritus
826 4063 969 4119 sanctus
989 4063 1112 4139 arguet
1163 4052 1299 4121 solatur
1329 4074 1414 4135 nos,
1454 4074 1534 4119 cum
1566 4050 1632 4119 ait:
1674 4047 1830 4141 Spiritus
1859 4063 2000 4120 sanctus
2030 4062 2154 4139 arguet

123 4152 298 4220 mundum
322 4153 366 4219 de
387 4149 546 4235 iusticia,
573 4144 665 4217 hanc
688 4151 798 4239 ipsam
818 4152 967 4222 rationis
984 4146 1111 4221 huma·
1165 4154 1338 4223 mundum
1357 4155 1400 4221 de
1417 4152 1561 4234 iudicio,
1588 4151 1753 4222 videlicet
1768 4150 2156 4223 condemnanteEvan-

123 4275 191 4321 nae
218 4252 424 4340 opinionem
454 4265 696 4321 accersaturum
720 4272 793 4320 esse
817 4250 987 4336 affirmat,
1021 4278 1112 4346 qtrae
1164 4256 1312 4343 galium,
1346 4266 1380 4322 et
1410 4248 1573 4322 horribili
1602 4253 1747 4323 saevitia
1774 4266 1972 4342 grassante,
2007 4250 2155 4324 delendi

123 4353 224 4441 fingit
239 4347 400 4422 homines
415 4376 486 4423 esse
503 4355 630 4434 iustos,
658 4354 780 4438 idest,
806 4349 973 4423 habentes
989 4356 1112 4424 remis·
1163 4356 1347 4443 Evangelii
1371 4379 1492 4438 carisa,
1518 4355 1555 4423 id
1580 4366 1652 4438 est,
1676 4353 1830 4445 Spiritus
1849 4368 1990 4426 sanctus
2010 4377 2155 4427 accusa·

124 4457 259 4524 sionem
286 4469 524 4544 peccatorum,
552 4469 587 4524 et
606 4470 781 4545 acceptas,
809 4470 952 4545 propter
969 4459 1111 4546 propria
1165 4460 1217 4527 lvit
1240 4462 1414 4527 tntttttlttm
1439 4460 1734 4527 condemnantem
1753 4452 2006 4547 Evangelium,
2032 4471 2069 4529 et
2091 4461 2155 4527 dc·

123 4552 271 4625 honesta
295 4555 475 4638 exercitia,
507 4559 675 4640 virtutes,
709 4558 845 4647 cultus,
876 4558 1112 4648 disciplinam.
1166 4561 1237 4628 lere
1268 4573 1467 4633 conantem.
1537 4557 1728 4646 Quomodo
1754 4560 1959 4629 accusabit?
2010 4555 2154 4630 Excita-

124 4657 223 4727 Sicut
242 4655 386 4740 ludaei,
414 4652 702 4739 Mahometistae‚
730 4656 1003 4748 Anabaptistae,
1029 4659 1113 4730 Mo·
1165 4663 1217 4731 bit
1242 4664 1420 4746 doctores,
1446 4674 1486 4730 ut
1510 4661 1765 4745 confiteantur,
1790 4674 1824 4731 et
1846 4663 2153 4756 adversustyran·

122 4754 250 4841 machi,
272 4772 305 4826 et
325 4781 447 4826 omnes
470 4753 676 4851 hypocritae
698 4762 857 4831 fascinati
877 4763 1113 4851 admiratione
1165 4787 1293 4833 uorum
1311 4764 1448 4831 furores
1464 4763 1689 4833 confirmabit
1706 4776 1845 4852 pectora
1862 4775 1897 4833 et
1910 4762 2051 4832 animos
2066 4787 2152 4833 con·

123 4882 270 4930 suorum
294 4861 562 4944 exercitiorum,
587 4863 864 4949 pertinacissime
889 4877 1115 4954 propugnant
1164 4865 1338 4935 fitentium
1367 4880 1404 4941 ,et
1436 4863 1675 4947 audientium,
1707 4888 1752 4934 ne
1777 4865 1945 4935 deterreri
1970 4886 2010 4935 se
2035 4864 2151 4935 sinant

124 4958 217 5030 hanc
236 4961 460 5051 opinionem,
487 4966 581 5054 quod
598 4965 667 5032 sint
683 4965 765 5034 insti
782 4978 925 5054 propter
940 4989 1001 5036 sua
1016 4991 1113 5037 exer·
1166 4965 1410 5054 magnitudine
1454 4966 1756 5036 atrocissimorum
1794 4965 2072 5057 suppliciorum,
2117 4973 2150 5035 ct

123 5065 227 5148 eitia,
260 5076 295 5135 et
324 5063 422 5133 illam
452 5065 733 5157 qtralemcunqne
762 5068 982 5137 severitatem
1008 5067 1113 5137 disci·
1165 5068 1277 5136 multo
1300 5068 1418 5157 plures
1432 5069 1476 5136 ad
1494 5064 1727 5156 Evangelium
1745 5066 1922 5138 invitabit.
1973 5065 2148 5161 Proponi-

123 5168 261 5254 plinae,
286 5179 319 5237 et
335 5161 426 5237 hanc
440 5192 561 5236 vocem
580 5163 781 5255 Evangelii,
806 5192 896 5260 quae
911 5169 1014 5239 dicit:
1041 5169 1115 5241 Nos
1165 5187 1223 5240 tur
1248 5192 1330 5258 ergo
1353 5171 1458 5240 nobis
1479 5170 1665 5260 multiplex
1685 5169 1898 5252 consolatio,
1932 5172 2148 5259 promittitur

122 5265 235 5337 iustos
250 5292 323 5336 esse
340 5283 484 5358 propter
496 5262 678 5337 Christum
694 5290 836 5359 passum
852 5294 915 5360 pro
930 5272 1053 5357 nobis,
1081 5285 1115 5341 et
1163 5270 1319 5361 Spiritus
1332 5287 1490 5355 sanctus,
1514 5285 1553 5340 ut
1567 5284 1663 5359 regat
1677 5286 1815 5342 nostras
1827 5283 1979 5355 menter,
2006 5285 2048 5343 ut
2060 5284 2147 5341 recte

122 5369 367 5440 resuscitatum
390 5383 424 5441 et
447 5384 672 5459 regnantem,
700 5389 947 5465 uon-propter
969 5373 1114 5466 propria
1165 5374 1341 5462 iudicent,
1367 5389 1408 5450 ut
1428 5373 1570 5446 fortiter
1589 5374 1845 5458 cottfiteantur,
1869 5387 1910 5445 ut
1930 5375 2045 5447 tciaut
2066 5398 2147 5447 cou-
