4522 5782
103 147 203 227 ssss
549 207 552 212 ,
697 128 822 205 run.
849 125 968 207 unu
994 123 1209 205 sontem
1235 124 1539 206 execuntur.
2054 142 2135 218 „g

108 335 251 396 mantur
274 315 519 411 desperatione
540 324 576 383 et
595 321 720 380 morte.
773 303 840 379 Est
859 305 943 377 item
972 318 1101 398 potens
1154 301 1201 376 Et
1217 305 1258 375 ad
1278 301 1432 379 Roman.
1450 305 1503 381 8.:
1536 304 1732 402 decepistis
1757 310 1927 407 spiritum
1953 315 2144 406 adoptionis

110 451 171 498 seu
201 437 365 495 constans
396 420 436 489 in
467 413 653 487 retinenda
683 409 887 480 assensione
918 408 1103 481 doctrinae
1156 408 1329 493 filiorum,
1357 434 1428 501 quo
1445 409 1638 482 clamamus
1657 410 1763 486 Abba
1779 431 1891 507 pater.
1946 415 2040 487 ltem
2064 422 2146 510 apud

111 542 234 601 contra
251 522 429 606 diabolos,
460 531 495 590 et
518 529 640 587 contra
663 508 782 583 hostes
793 509 992 602 Evangelii.
1041 508 1104 581 Est
1156 506 1365 582 Zachariam
1394 512 1508 603 capite
1533 514 1613 585 ta:
1650 511 1847 590 Effundam
1870 542 1983 610 super
2011 522 2145 590 domum

112 644 146 701 et
164 631 265 700 sortis
278 626 316 695 in
332 619 549 715 perferendis
564 616 656 687 odiis
671 629 706 686 et
721 612 947 699 emaciatibus,
967 613 1004 682 in
1018 637 1106 682 con·
1157 611 1274 683 David
1303 613 1468 705 spiritum
1500 616 1634 704 gratiae
1656 630 1688 687 et
1721 645 1879 711 precum,
1939 619 2147 692 Nomium,

112 732 277 826 sessione.
327 723 383 797 Ex
401 723 457 792 his
472 721 655 791 effectibus
679 715 830 804 intelligi
857 727 990 806 potest,
1016 714 1104 809 quid
1159 713 1315 806 Spiritus
1331 715 1482 805 gratiae,
1510 742 1581 810 quo
1600 721 1770 792 sentimus
1787 747 1853 792 nos
1880 747 1958 793 esse
1983 723 2149 813 ingratia,

112 834 272 904 nominet
296 826 470 919 Spiritum
501 836 690 914 potentem.
761 817 821 887 Sic
849 832 884 888 et
918 817 956 886 in
986 817 1105 909 primo
1158 817 1196 886 in
1215 840 1296 887 vera
1312 819 1573 904 consolatione,
1600 822 1637 890 in
1657 823 1749 893 lucta
1768 826 2023 915 poenitentiae,
2063 824 2148 896 ΗΜ

113 937 227 1025 capite
257 934 300 1002 ad
325 923 498 1020 Ephesios
523 925 653 1015 inqtrit:
695 908 889 991 Credentes
908 913 1107 990 secondum
1158 919 1353 990 consolatio
1369 944 1449 990 cum
1468 922 1505 990 fit
1526 923 1563 990 in
1588 925 1710 1009 nobis,
1738 927 1893 996 vicissim
1918 928 2147 999 incoatutdi-

114 1031 321 1136 efficaciam
342 1025 525 1125 potentiae
548 1021 691 1094 roboris
716 1024 811 1106 eius,
848 1045 962 1120 quom
981 1029 1108 1119 poten·
1160 1022 1263 1091 lectio
1282 1036 1401 1092 nostra
1419 1046 1500 1113 erga
1515 1025 1653 1110 Deum,
1680 1040 1713 1096 et
1735 1043 1937 1123 sequnntur
1964 1029 2146 1111 invocatio,

115 1138 208 1209 tiam
232 1129 348 1238 effecit
367 1154 432 1230 per
455 1122 648 1200 Christum
671 1124 838 1196 excitans
860 1147 939 1193 eum
963 1149 987 1194 a
1009 1146 1110 1193 mor·
1160 1123 1353 1213 gratiarum
1392 1126 1506 1209 actio,
1547 1127 1680 1200 laetitia
1718 1130 1755 1198 in
1785 1129 1883 1216 Deo,
1918 1132 2088 1223 patientia
2116 1134 2146 1200 in

115 1239 210 1324 tuis,
236 1244 271 1309 id
298 1250 365 1318 est,
392 1231 486 1303 Deus
511 1232 629 1300 efficax
652 1244 703 1300 est
729 1229 767 1298 iu
789 1228 1040 1306 conversione,
1075 1240 1108 1298 et
1163 1250 1281 1296 cruce:
1316 1225 1397 1319 qnia
1420 1222 1485 1298 hos
1510 1218 1697 1300 interiores
1720 1233 1834 1304 cnltus
1858 1229 2042 1326 Propheta
2063 1258 2145 1304 eom-

116 1344 185 1412 fide
204 1342 356 1411 vivificat
372 1355 403 1407 et
422 1337 547 1405 liberat
564 1358 604 1401 er
623 1345 755 1415 morte,
787 1329 970 1401 confirmat
991 1353 1109 1399 assen·
1161 1328 1284 1420 plexus
1302 1343 1353 1398 est
1371 1330 1517 1398 nomine
1533 1330 1781 1409 invocationis.
1831 1334 1932 1406 Haec
1958 1337 2144 1405 considera.

116 1445 251 1515 sionem
268 1445 305 1513 in
324 1443 449 1525 corde,
476 1451 511 1507 et
526 1434 757 1506 constantiam
779 1432 817 1501 in
834 1433 1065 1504 consessione.
1163 1430 1213 1499 tio
1236 1431 1279 1499 de
1303 1433 1475 1502 vocabulo
1498 1434 1699 1504 dilectionis
1725 1450 1760 1508 et
1782 1437 1913 1508 deiide
1937 1438 2143 1531 praelucente

363 1604 546 1706 Spiritum
568 1596 775 1671 dilectionis
791 1608 853 1670 etc.
1164 1531 1266 1602 ”lde
1282 1556 1475 1602 ⁰⁰⁰⁸⁸⁸³f¹³
1495 1550 1558 1610 ⁶⁵¹·

221 1752 337 1821 Antea
360 1743 561 1816 nominavit
577 1738 752 1831 Spiritum
779 1752 974 1828 potentem,
1006 1752 1047 1808 ut
1069 1739 1112 1808 il·
1444 1694 1629 1799 Spiritum
1653 1696 1867 1778 ''¹⁰d0511'08·

119 1854 223 1927 lustri
257 1850 428 1920 vocabulo
461 1843 637 1935 ignaviam
670 1855 703 1912 et
736 1836 939 1935 hypocrisin
970 1854 1113 1914 taxaret.
1267 1834 1467 1906 Considera
1483 1837 1761 1925 restrictionem,
1781 1837 1941 1933 Spiritus
1962 1856 2082 1935 potens
2093 1868 2141 1916 san

121 1957 294 2044 lntelligit
314 1952 408 2021 enim
437 1971 538 2017 veros
567 1958 702 2026 motus,
733 1943 865 2035 quibus
893 1943 1115 2014 vivificamur
1149 1937 1268 2008 'sortis
1284 1953 1333 2009 est
1350 1962 1451 2025 acer,
1478 1940 1552 2028 agit
1572 1942 1714 2031 negotia
1731 1943 1914 2030 difficilia,
1941 1961 1978 2016 et
1994 1948 2063 2018 adit
2080 1972 2139 2017 ma.

122 2062 160 2130 in
175 2057 386 2151 pavoribus,
411 2065 445 2121 et
460 2048 694 2120 exuscitamur
711 2047 752 2114 ad
774 2044 1054 2135 invocationem,
1080 2058 1115 2116 et
1166 2064 1235 2131 gna
1254 2041 1421 2132 pericula,
1473 2039 1544 2112 sed
1560 2056 1681 2112 tamen
1704 2045 1816 2114 ,mg
1840 2048 2063 2140 prospiciunt
2082 2072 2138 2118 me·

123 2162 374 2232 consrrmamur
390 2153 428 2223 in
444 2149 663 2222 confessione
686 2164 721 2220 et
739 2147 776 2215 in
792 2146 960 2216 omatibus
977 2149 1114 2239 pericu·
1167 2158 1232 2227 tas,
1259 2166 1333 2212 non
1354 2137 1557 2215 evehuntur
1572 2158 1668 2214 extra
1684 2147 1921 2234 vocationem,
1944 2150 2037 2220 sicut
2048 2150 2139 2234 martti,

124 2265 167 2333 lis
192 2277 225 2332 et
249 2257 433 2329 laboribus
452 2250 641 2322 ministerii
668 2264 789 2318 contra
812 2249 974 2317 diabolos
999 2264 1032 2318 et
1055 2274 1114 2319 eo·
1167 2244 1229 2339 qui
1260 2245 1414 2336 primum
1437 2245 1564 2338 spiritu
1591 2249 1753 2318 ardentes
1783 2265 1935 2340 egerunt
1963 2275 2020 2322 res
2045 2253 2138 2331 utiles,

124 2389 204 2436 rum
220 2384 363 2452 organa.
414 2355 518 2428 Nunc
536 2353 698 2423 nominat
711 2349 885 2440 Spiritum
904 2351 1115 2423 dilectionis.
1168 2361 1286 2440 postea
1305 2347 1387 2417 elati
1406 2351 1511 2417 rebus
1526 2350 1691 2418 secundis
1716 2364 1901 2422 tentarunt
1923 2352 2042 2447 aliqua
2063 2368 2139 2423 extra

125 2465 175 2538 Ut
207 2464 300 2533 enim
334 2461 432 2552 prins
454 2461 498 2526 de
524 2455 759 2523 vivificatione
782 2452 895 2521 nostri
920 2454 1028 2538 dixit,
1067 2456 1115 2524 ita
1169 2449 1410 2536 vocationem,
1432 2474 1511 2519 cum
1527 2449 1670 2544 quidem
1695 2453 2139 2526 existimarengmecggpg

126 2571 197 2638 iam
214 2570 258 2636 de
273 2563 465 2634 virtutibus
482 2583 561 2647 erga
582 2556 674 2624 alios·
688 2555 857 2646 loquitur.
1171 2575 1268 2635 cere,
1309 2575 1398 2646 quae
1427 2565 1548 2642 postea
1576 2552 1689 2624 exitus
1717 2555 1835 2626 tristes
1867 2551 2080 2643 habuerunt,
2109 2571 2140 2627 ut

228 2666 305 2737 Etsi
321 2678 436 2735 autem
453 2658 665 2729 vocabulum
685 2654 896 2728 Dilectionis
911 2653 998 2722 alias
1015 2653 1119 2725 aliter
1169 2652 1340 2737 Samson,
1369 2650 1477 2722 losia‘s
1495 2667 1527 2723 et
1544 2653 1618 2723 alii.

127 2782 339 2859 usurpatur,
381 2779 498 2836 tamen
532 2757 591 2830 hic
620 2758 865 2850 complectitur
889 2756 1116 2826 dilectionem
1271 2752 1451 2826 Historiae
1486 2751 1691 2848 prophanae
1724 2751 1857 2826 habent
1888 2755 2140 2828 innumerabffi,

127 2896 207 2963 erge
226 2869 340 2941 Deum
375 2881 516 2953 clergo
548 2858 709 2930 homines
741 2873 884 2951 propter
905 2856 1040 2943 Deum,
1079 2873 1118 2930 nt
1171 2857 1347 2948 exempla,
1379 2856 1463 2950 quia
1493 2859 1600 2926 duces
1629 2857 1832 2946 ignorantes
1854 2854 1974 2929 Deum
1998 2862 2139 2931 nousse-

128 3000 208 3044 cum
226 2965 611 3043 diciturRoman.lb.:
638 2958 792 3033 Dile'ctio
808 2976 858 3032 est
883 2961 1043 3051 impletio
1067 2962 1117 3030 le·
1171 2973 1303 3029 uantur
1331 2957 1479 3051 Spiritu·
1500 2973 1640 3043 sancto,
1675 2972 1715 3030 ut
1736 2958 1928 3048 Hercules,
1964 2958 2142 3033 Themisto.

128 3078 192 3167 gis.
245 3067 768 3160 EtsignificatSpisitusancto
791 3063 934 3134 accendi
957 3062 1119 3131 dilectio·
1170 3063 1257 3146 cles,
1283 3057 1497 3146 Pausanias,
1524 3059 1679 3147 Marius,
1707 3059 1917 3153 Pompeius,
1944 3060 2066 3136 Iulius.
2102 3061 2144 3134 De

130 3203 212 3247 uem
235 3199 314 3264 erga
337 3173 471 3256 Deum,
503 3170 639 3252 idest,
678 3168 854 3236 feruorem
886 3178 919 3235 et
944 3165 1057 3232 zelum
1080 3167 1119 3233 in
1170 3160 1227 3234 his
1249 3163 1416 3233 omnibus
1443 3187 1525 3233 vera
1551 3164 1619 3233 fuit
1640 3188 1722 3232 vox:
1753 3161 1912 3255 Deponit
1937 3180 2092 3257 potentes
2110 3166 2146 3234 de

93 3276 398 3350 .c0nsecvati0ne
427 3272 626 3352 doctrinae,
668 3267 948 3350 invocationem,
989 3268 1118 3354 gratia.
1174 3267 1265 3335 ,eda
1322 3263 1428 3350 hem,
1463 3268 1495 3339 1.
1519 3263 1681 3338 petri&
1714 3263 2147 3358 superbisneumsmil‘

131 3407 209 3452 rum
226 3379 420 3460 actionem,
447 3390 481 3446 et
497 3373 664 3443 laetitiam
688 3370 726 3437 in
742 3366 837 3447 Deo,
860 3368 1063 3458 patientiam
1083 3369 1119 3437 in
1173 3363 1370 3437 humilibus
1395 3380 1513 3437 autem
1536 3369 1596 3437 dat
1620 3367 1777 3456 gratiam.
1829 3365 1928 3438 Haec
1955 3372 2147 3442 bellatorum

131 3507 232 3555 cruce
249 3496 284 3551 et
299 3478 528 3550 consessione.
579 3472 719 3540 Deinde
735 3493 814 3558 erga
833 3464 994 3538 homines
1007 3470 1118 3558 signi·
1174 3469 1330 3558 exempla
1347 3469 1457 3558 magis
1476 3469 1662 3538 incurrunt
1680 3470 1716 3537 in
1734 3471 1867 3543 octrlos.

131 3587 209 3657 licat
232 3606 388 3652 amorem
412 3576 637 3658 concordiae,
676 3596 795 3642 curam
821 3571 957 3640 vitandi
981 3573 1063 3640 odia
1087 3585 1121 3642 et
1276 3568 1363 3639 lnde
1378 3585 1558 3665 utcunque
1574 3571 1845 3642 considerentur
1864 3575 2028 3667 exempla
2045 3595 2151 3663 regen·

132 3688 266 3757 semina
299 3683 544 3763 dissidiorum,
584 3675 841 3766 repressionem
873 3674 1056 3764 superbiae
1086 3688 1119 3743 et
1171 3671 1260 3743 tium
1285 3671 1469 3744 Ecclesias.
1529 3671 1639 3743 Multi
1664 3696 1727 3741 sno
1750 3675 1906 3765 quodam
1947 3677 2025 3747 zelo
2057 3677 2151 3744 multa

132 3781 335 3879 cupiditatis
365 3783 562 3866 vindictae,
602 3777 740 3871 placide
768 3799 913 3844 monere
941 3789 974 3846 et
996 3777 1120 3845 audire
1172 3791 1265 3844 recte
1281 3776 1454 3852 iecerunt,
1481 3789 1599 3864 postea
1620 3775 1746 3844 fiducia
1771 3776 1826 3844 sui
1844 3777 1900 3845 vel
1918 3780 2080 3868 dogmata
2097 3778 2152 3844 fin.

133 3891 232 3960 alios.
283 3887 447 3980 Denique
465 3896 625 3953 sumatur
649 3878 838 3949 declaratio
864 3877 1064 3948 dilectionis
1080 3903 1121 3946 ex
1172 3890 1316 3955 xercent,
1343 3877 1399 3944 vel
1422 3875 1508 3945 alias
1532 3901 1585 3945 res
1609 3878 1941 3948 extravocationem
1969 3892 2152 3958 moverunt,

135 3991 211 4082 ipso
232 3991 419 4078 Decalogo.
444 4050 447 4055 .
470 3980 806 4070 AcdaturSpiritus
825 3993 982 4060 sanctus,
1010 3995 1045 4048 ut
1064 4005 1121 4048 ac·
1174 3991 1212 4047 ut
1238 3975 1434 4067 Gregorius
1464 3979 1576 4049 mttlta
1608 3979 1782 4066 instituit,
1815 3993 1848 4049 et
1872 3979 2046 4074 Episcopi
2068 4004 2153 4070 saepe

134 4096 260 4165 cendat
282 4105 398 4161 motus
420 4100 651 4177 congruentes
678 4083 744 4170 legi
768 4081 920 4149 divinae.
972 4078 1017 4151 Et
1042 4083 1122 4154 talis
1174 4095 1352 4170 praetextu
1370 4081 1551 4169 religionis
1566 4096 1754 4153 moverunt
1776 4081 1989 4167 seditiones,
2017 4080 2154 4155 etmulti

134 4209 185 4269 est
201 4196 296 4288 ipse,
323 4194 442 4283 quales
460 4203 576 4259 motus
595 4188 632 4255 in
652 4186 727 4274 lege
742 4182 1003 4253 describuntur.
1173 4182 1339 4250 omuibus
1368 4183 1586 4270 temporibus
1616 4186 1768 4276 quodam
1796 4184 1906 4254 sndto
1935 4189 2037 4277 zelo,
2068 4208 2153 4274 prae·

236 4295 386 4386 Quoties
414 4306 532 4363 antem
564 4290 694 4357 dicitur
723 4289 765 4355 de
787 4284 977 4353 dilectione
1002 4298 1122 4354 nostra
1174 4296 1268 4352 textu
1289 4283 1471 4373 religionis
1492 4286 1615 4355 volunt
1639 4287 1851 4354 constituere
1881 4312 1994 4358 novas
2020 4287 2151 4378 politias.

134 4420 215 4487 erga
246 4398 381 4481 Deum,
412 4395 525 4465 sciant
554 4391 732 4461 auditores
757 4400 919 4474 oportere
939 4388 1122 4457 dilectioni
1173 4382 1228 4455 De
1244 4387 1374 4455 talibus
1397 4387 1564 4455 omnibns
1585 4389 1671 4456 dicit
1695 4391 1736 4456 ad
1756 4386 1942 4461 Roniauos
1964 4393 2074 4482 capite
2090 4389 2153 4459 12:

132 4501 238 4569 fidem
253 4500 476 4577 antecedere,
509 4508 543 4564 et
566 4517 706 4562 sensnm
727 4489 926 4558 dilectionis
952 4487 1016 4558 Dei
1042 4513 1122 4578 erga
1174 4486 1314 4578 sapite,
1337 4491 1396 4557 sed
1422 4491 1465 4556 ad
1489 4489 1715 4570 modestiam,
1748 4491 1876 4572 idest,
1914 4500 2151 4563 maneremus

133 4625 219 4689 nos,
256 4603 338 4696 quia
369 4625 431 4672 cor
461 4622 535 4668 non
568 4593 701 4665 accedit
731 4595 774 4659 ad
800 4587 932 4675 Deum,
959 4593 1026 4659 nisi
1056 4592 1122 4660 fide
1174 4591 1622 4663 verbumetvocationem.
1674 4590 1719 4662 Et
1735 4595 1770 4666 2.
1787 4590 1884 4662 Petri
1905 4594 1955 4667 1.:
1992 4592 2152 4665 Infideiu

134 4705 330 4799 acquiescat
350 4703 387 4771 iu
409 4702 623 4782 mediatore,
656 4709 690 4764 et
713 4706 842 4764 statuat
860 4688 973 4761 Deum
997 4718 1121 4762 recon-
1175 4692 1365 4777 virtutem,
1393 4693 1430 4761 in
1455 4693 1522 4762 lide
1540 4693 1795 4778 inscientiam,
1822 4695 1857 4762 id
1883 4711 1953 4781 est,
1982 4701 2064 4767 tides
2089 4716 2151 4763 non

134 4807 293 4880 ciliatum
309 4828 401 4889 esse,
423 4817 463 4873 ut
482 4803 613 4873 dicitur
628 4799 671 4867 ad
683 4790 852 4888 Ephesios
864 4792 916 4865 4.:
943 4794 1011 4865 Per
1027 4792 1122 4865 hunc
1173 4793 1217 4862 sit
1232 4794 1378 4879 ignava,
1405 4797 1465 4864 sed
1486 4795 1531 4866 sit
1555 4797 1700 4880 ardens,
1727 4798 1847 4867 ardeat
1873 4812 1993 4869 autem
2018 4823 2091 4870 enm
2105 4799 2150 4865 in·

134 4907 304 4980 hahemus
328 4928 502 4978 accessum
530 4905 573 4970 ad
596 4900 712 4972 Deum
739 4897 817 4967 lide.
870 4894 948 4965 Hoc
969 4923 1048 4966 cnm
1071 4899 1121 4982 tit,
1173 4895 1265 4964 dicio
1285 4910 1317 4967 et
1334 4897 1483 4967 delectu,

131 5012 283 5085 sentitur
319 5007 533 5089 consolatio,
567 5027 656 5097 quae
689 5013 739 5071 est
766 4998 898 5087 agnitio
921 5000 1120 5072 dilectionis
1274 4997 1323 5067 lta
1343 4999 1425 5090 qttia
1443 4995 1509 5067 hoc
1526 5000 1603 5069 loco
1621 4998 1757 5068 addidit
1774 5002 2050 5085 restrictionem,
2070 5002 2150 5071 Deus

129 5110 199 5183 Dei
223 5136 302 5202 erga
327 5136 411 5196 nos,
448 5112 582 5200 deque
607 5104 736 5175 dicitnr
766 5103 808 5168 ad
832 5098 1014 5171 Romanos
1041 5099 1117 5174 15.:
1142 5146 1145 5187 3
1171 5101 1274 5168 nobis
1291 5103 1387 5170 dedit
1413 5102 1576 5192 spiritum
1608 5104 1755 5183 sortem,
1781 5103 1842 5171 sed
1869 5117 1991 5176 tamen
2018 5107 2150 5197 impetus

130 5211 282 5287 Dilectio
297 5211 363 5283 Dei
384 5214 490 5282 effusa
515 5209 625 5280 estin
650 5208 755 5274 corda
779 5216 896 5270 nostra
925 5229 985 5291 per
1002 5205 1118 5291 Spiri-
1141 5194 1144 5266 ἶ
1171 5206 1430 5285 moderantem,
1456 5219 1488 5274 et
1514 5220 1790 5294 compescentem
1816 5205 1979 5291 animos,
2016 5233 2058 5277 na
2080 5205 2150 5278 elati

130 5326 207 5391 lum
224 5330 403 5402 sanctum,
431 5314 466 5384 id
491 5327 561 5400 est,
587 5309 757 5381 sentimus
780 5328 844 5375 nos
867 5307 967 5395 diligi
993 5306 1115 5379 aDeo.
1169 5307 1329 5395 ‹tognrata
1348 5307 1499 5395 tingant,
1523 5322 1581 5378 ant
1607 5331 1717 5378 novos
1738 5309 1871 5395 cultus,
1900 5336 1946 5381 ne
1967 5314 2036 5384 sint
2061 5313 2150 5383 tntae
