4522 5782
204 184 280 262 bid
769 173 1284 257 summumst
1310 174 1610 261 amanet.
1828 192 1890 261 ;.’
2152 186 2222 263 tto

113 379 124 410 s
206 362 355 430 verbum
383 355 577 430 iustificare
604 352 762 447 interpre
799 352 828 423 ti
859 367 963 438 sunt,
1005 353 1197 424 infundere
1245 351 1345 423 culos
1359 354 1406 423 ad
1423 347 1510 423 baec
1524 352 1692 425 beneficia
1706 354 1851 431 referre.
1873 353 1922 429 Et
1935 352 2223 435 Pautusltmt

208 464 374 546 vinutes,
403 473 444 530 ut
465 458 495 529 si
519 456 695 542 dicerent,
729 453 792 528 cu
849 478 927 526 cere
943 456 1118 545 significat
1138 454 1197 523 iu·
1245 455 1430 528 manifeste
1442 456 1613 541 affirmat,
1645 459 1743 528 sede
1756 444 1797 527 ea
1815 458 1884 529 fide
1897 459 2020 554 loqui,
2043 464 2221 555 quapro-¹

206 565 358 636 fundere
381 562 547 632 calorem.
1245 557 1451 628 missionem
1475 556 1709 650 amplectitur.
1765 557 1862 629 Haec
1882 574 2079 644 autemcst
2093 561 2227 651 fiducia,-

249 738 251 743 ,
308 662 387 735 Etsi
406 668 524 734 autem
542 682 683 732 necesse
700 673 754 731 est
768 678 878 729 novas
898 657 1045 730 virtutes
1070 656 1107 728 in
1129 681 1197 728 no·
1245 683 1315 751 qua
1339 659 1532 753 acquiescit
1560 683 1663 731 mens
1693 663 1732 731 in
1755 659 1938 745 attonsi,
1977 678 2220 739 ratumenna

210 765 266 836 bis
280 766 442 851 accendi,
456 781 495 835 ut
511 787 612 855 saepe
629 764 698 831 iam
716 763 849 832 dictum
869 774 937 844 est,
952 776 1069 831 tamen
1087 754 1196 851 plara·
1245 773 1385 833 tsutum
1414 762 1496 832 aliis
1523 763 1756 855 quibusdam,
1788 768 1857 836 -sed
1883 764 1970 838 Tibi
2001 766 2073 860 ipsi
2095 771 2220 842 remitti

209 869 258 937 sis
270 868 309 936 in
323 862 382 936 bis
397 864 694 958 appellationibus
717 864 786 933 alia
810 876 872 934 est.
924 862 1013 932 Nam
1032 859 1195 950 Evange-
1246 878 1397 954 peccata.

212 971 300 1041 lium
330 970 433 1039 aliter
456 972 501 1039 de
538 967 675 1038 iusticia
699 965 876 1057 loquitur,
918 989 1022 1057 quam
1039 962 1113 1033 Lex
1136 976 1196 1035 aut
1349 963 1532 1037 Tenentur
1555 989 1638 1056 erpo
1656 968 1807 1037 docendi
1823 991 1927 1039 causa
1947 964 2037 1043 baec
2054 971 2251 1048 definitiu:;

214 1066 457 1161 Philosophia.
506 1065 597 1140 Cum
620 1081 680 1140 tua
696 1089 797 1136 meus
817 1067 978 1155 angitur,
1003 1090 1049 1136 an
1070 1066 1119 1137 sis
1139 1066 1197 1135 iu·
1247 1064 1353 1138 Fides
1370 1080 1421 1138 est
1436 1090 1615 1150 assensus,
1646 1093 1718 1165 quo
1741 1071 1848 1140 verbo
1866 1067 1933 1141 Dei
1948 1072 2057 1143 nobis
2089 1076 2217 1164 tradito,

214 1186 307 1258 stus,
338 1196 411 1243 non
435 1167 503 1241 boc
526 1168 771 1267 principaliter
794 1169 995 1260 quaeritur,
1018 1192 1108 1260 quae
1124 1168 1198 1237 sint
1246 1183 1351 1261 atque
1370 1169 1419 1241 ita
1435 1170 1663 1257 promissioni
1677 1172 1977 1245 reconciliationis
1994 1175 2102 1245 etiam
2117 1199 2218 1249 arsen·

215 1277 254 1344 in
284 1278 391 1344 corde
422 1274 620 1366 qualitates.
689 1267 766 1340 lmo
806 1292 887 1340 vero
923 1271 1039 1339 cernis
1074 1270 1198 1353 etism,
1248 1272 1374 1341 timur:
1421 1287 1457 1345 et
1479 1285 1529 1341 est
1553 1272 1702 1359 fiducia,
1743 1280 1968 1368 acquiescens
1990 1276 2030 1347 in
2058 1278 2134 1349 lilio
2154 1277 2218 1363 liei,

213 1399 374 1465 maguam
391 1398 463 1444 esse
478 1372 743 1443 immunditiem
761 1371 899 1461 cordis,
925 1373 985 1441 sed
1001 1367 1068 1441 hoc
1090 1394 1198 1464 quae·
1250 1374 1345 1445 iuxta
1371 1373 1652 1464 promissionem.

214 1477 323 1561 ritur,
354 1500 400 1546 an
416 1478 464 1546 sis
480 1490 640 1568 acceptus
657 1472 753 1554 Deo,
779 1496 825 1541 an
840 1470 937 1544 Deus
960 1489 994 1544 te
1016 1475 1197 1564 receperit,

213 1603 259 1649 an
279 1579 454 1650 remiserit
477 1578 543 1648 tibi
566 1589 717 1668 peccata.
773 1570 839 1645 Est
862 1576 970 1665 igitur
994 1575 1199 1669 principalis

213 1681 422 1770 significatio
438 1679 600 1750 vocabuli
615 1676 731 1750 lustus
746 1675 786 1745 in
804 1671 870 1747 bac
890 1678 1117 1771 quaestione,
1140 1701 1198 1747 ac·

215 1797 335 1873 ceptus
349 1780 426 1852 Deo
443 1783 488 1852 ad
512 1782 620 1852 vitam
642 1795 830 1854 aeternam.
883 1778 970 1849 lude
995 1794 1029 1850 et
1051 1780 1199 1849 verbum

216 1884 404 1955 iustificare
420 1883 591 1973 siguificat
607 1883 821 1951 absolveres
838 1883 996 1971 peccatis,
1008 1895 1040 1952 et
1056 1881 1201 1966 iustum,

217 1987 254 2058 id
273 2001 342 2069 est,
369 1998 547 2075 acceptum
566 1997 730 2074 reputare
745 2005 805 2052 seu
829 1984 1085 2073 pronunciare,
1110 1983 1201 2054 sicut
1353 1974 1576 2070 Epigrapba,
1614 1994 1656 2052 ut
1677 1978 1716 2052 bt
1739 1981 1779 2049 in
1805 1977 1998 2070 Epistolis,
2039 1986 2218 2078 praeposite

217 2090 416 2179 plerunque
455 2088 492 2155 in
529 2085 662 2156 forensi
692 2104 854 2154 sermone
891 2085 1028 2156 etiamsi
1061 2083 1203 2180 loquuti
1253 2098 1313 2157 est.
1365 2081 1412 2153 Et
1434 2095 1580 2174 propter
1600 2105 1745 2172 magnas
1766 2106 1886 2154 causas
1910 2085 2041 2157 inserta
2066 2101 2120 2159 est
2139 2112 2239 2183 meu-¹

219 2202 301 2259 suut
325 2185 476 2272 Ebraei,
510 2203 550 2257 ut
572 2188 600 2257 si
627 2187 804 2268 dicerent,
839 2184 996 2279 Populus
1016 2186 1203 2260 Romanus
1255 2188 1305 2257 tio
1331 2184 1437 2254 officii
1460 2197 1494 2254 et
1516 2185 1710 2258 doctrinae.
1769 2182 1917 2256 Necesse
1941 2203 1993 2260 est
2017 2189 2058 2259 iu
2083 2186 2217 2261 Ecclesia

216 2291 419 2361 iustificavit
441 2288 645 2387 Scipionem
670 2302 868 2359 accusatum
894 2315 913 2358 a
937 2289 1125 2371 Tribuno,
1165 2289 1202 2359 id
1254 2287 1408 2358 discerni
1431 2287 1632 2358 vocationes
1656 2309 1718 2355 seu
1739 2288 1912 2360 doctores.
1973 2288 2029 2363 Ac
2049 2291 2141 2365 sicut
2161 2292 2217 2365 du

218 2410 290 2477 est,
324 2392 571 2480 pronunciavit
596 2392 739 2464 iustum.
1255 2391 1341 2481 ipsi,
1381 2412 1442 2459 sua
1464 2412 1550 2457 voce
1571 2390 1797 2459 concionanti
1821 2390 1858 2459 in
1882 2388 2073 2476 Paradiso,
2116 2392 2217 2465 velsl

322 2491 413 2563 Cum
437 2492 545 2580 igitur
565 2492 764 2586 quaeritur,
799 2513 844 2558 an
868 2490 938 2560 fide
963 2490 1205 2577 iustificcmur,
1228 2538 1232 2605 t
1255 2487 1459 2575 Abrabam,
1483 2502 1544 2560 aut
1559 2485 1720 2571 Moisen,
1746 2505 1782 2561 et
1797 2491 1889 2564 sicut
1905 2492 1972 2583 ipsi
1994 2494 2073 2569 lilio
2088 2494 2155 2569 Dei
2171 2516 2217 2567 sus

221 2590 376 2666 uonhoc
393 2594 594 2688 quaeritur,
619 2618 665 2663 an
680 2594 754 2664 sola
770 2594 856 2662 fides
868 2592 907 2661 in
924 2597 1031 2666 corde
1047 2594 1114 2680 sit,
1141 2595 1203 2665 sed
1227 2620 1232 2739 p
1255 2618 1340 2664 voce
1362 2591 1609 2678 concionanti,
1633 2592 1731 2663 credi
1754 2617 1892 2665 necesse
1913 2608 1984 2682 est,
2019 2612 2055 2670 et
2077 2598 2140 2669 illa
2162 2597 2218 2691 ipat

220 2723 266 2769 an
289 2697 461 2795 receperit
483 2721 548 2767 nos
564 2696 678 2781 Deus,
709 2719 754 2764 an
776 2694 951 2766 remiserit
968 2710 1124 2787 peccata,
1157 2721 1204 2767 an
1255 2720 1321 2765 vox
1344 2694 1466 2765 divina
1486 2707 1582 2778 rata,
1623 2695 1725 2765 firma
1748 2708 1783 2767 et
1811 2697 2060 2769 immutabilis
2077 2715 2152 2773 est:
2182 2698 2219 2769 tic

221 2801 331 2871 simus
357 2798 487 2889 accepti
519 2813 662 2889 propter
690 2796 805 2866 filium
830 2793 918 2881 Dei,
956 2822 1030 2869 uon
1059 2813 1205 2890 propter
1254 2791 1441 2888 Prophetis
1455 2809 1491 2868 et
1506 2795 1688 2887 Apostolis
1702 2798 1798 2867 credi
1814 2823 1953 2869 necesse
1968 2813 2042 2887 est,
2058 2803 2146 2897 quia
2163 2824 2218 2871 uos

220 2900 407 2997 qualitates
437 2914 584 2971 nostras.
644 2898 691 2968 Et
719 2913 837 2968 tamen
869 2923 949 2969 cum
977 2923 1121 2970 accensa
1153 2914 1204 2971 est
1228 2900 1403 3005 (gignunt
1427 2899 1492 2989 ipsi
1516 2922 1650 2968 novum
1673 2921 1783 2991 genus
1813 2902 2015 2984 doctrinae,
2056 2905 2118 2973 secl
2148 2902 2219 2973 acci·

220 2994 329 3084 b'des,
365 3026 433 3095 qua
452 3003 673 3091 agnoscimus
690 3000 802 3071 filium
828 3000 916 3086 Dei,
949 3016 984 3072 et
1001 3004 1205 3091 promissio·
1255 3003 1360 3092 piuut
1384 3016 1476 3070 certa
1501 2999 1813 3087 mandataaDeo,
1846 2996 2101 3091 baecsonant,
2127 3005 2217 3077 etad·

221 3128 302 3175 nem
322 3104 585 3196 amplectimur,
612 3126 751 3172 necesse
774 3113 827 3173 est
850 3104 976 3173 multas
993 3104 1141 3174 virtutes
1155 3105 1205 3176 si·
1254 3105 1308 3174 dit
1322 3104 1523 3174 testimonia
1538 3100 1655 3185 Deus,
1673 3105 1768 3196 quod
1786 3126 1860 3172 uon
1877 3119 2016 3187 errent,
2035 3107 2129 3179 sicut
2142 3106 2217 3177 Moi-

222 3207 297 3281 mul
320 3229 404 3278 esse.
454 3204 545 3274 Nam
570 3206 698 3274 fiducia
728 3203 952 3297 acquiescens
975 3206 1014 3274 iu
1037 3204 1132 3292 Deo,
1171 3220 1206 3276 et
1254 3229 1309 3275 ses
1333 3206 1484 3276 subinde
1511 3205 1637 3295 repetit
1663 3201 1730 3275 boc
1753 3206 1962 3276 exordium:
2007 3208 2218 3281 Locutusest

224 3308 361 3396 erigens
378 3308 484 3376 corda
501 3309 539 3375 in
556 3308 649 3376 veris
671 3307 880 3398 pavoribus,
907 3331 1130 3402 nequaquam
1156 3322 1207 3379 est
1230 3348 1234 3443 q
1255 3305 1432 3377 Dominus
1458 3305 1554 3376 Deus
1583 3320 1649 3377 etc.
1715 3306 1775 3379 Sic
1804 3308 1913 3397 igitur
1934 3310 2108 3381 audiendi
2137 3323 2219 3389 suut,

222 3411 297 3480 sine
323 3408 532 3491 dilectione,
571 3408 648 3478 sine
680 3408 924 3494 invocatione,
964 3410 1042 3479 sine
1063 3411 1207 3496 timore,
1230 3446 1234 3531 Ι
1255 3411 1345 3480 sicut
1360 3435 1428 3478 vox
1444 3406 1511 3478 Dei
1527 3432 1660 3479 sonans
1675 3413 1720 3480 de
1734 3408 1851 3494 coelo,
1876 3424 1911 3482 et
1928 3413 2135 3485 confirmata
2154 3413 2227 3501 illu.

222 3527 258 3581 et
279 3524 329 3580 est
354 3523 470 3581 motus
496 3509 671 3596 clamans,
702 3524 742 3580 ut
764 3509 896 3580 Paulus
926 3511 1061 3605 inquit:
1101 3513 1206 3583 Abba
1231 3550 1234 3619 ἰ
1255 3513 1388 3581 stribus
1418 3511 1639 3581 testimoniis.
1689 3511 1736 3581 Et
1759 3534 1898 3582 necesse
1928 3528 1999 3592 est,
2044 3515 2098 3585 eis
2117 3536 2219 3585 omnes

219 3611 335 3684 Pater.
1230 3627 1234 3722 j
1255 3609 1419 3683 homines
1439 3613 1620 3697 assentiri,
1645 3627 1680 3685 et
1699 3613 1790 3683 nulli
1807 3628 1987 3685 creaturae
2010 3615 2097 3689 licet
2117 3638 2219 3689 eoum

324 3712 466 3796 Postea,
500 3735 578 3780 cum
605 3712 650 3782 de
671 3707 854 3804 Operibus
882 3714 1033 3796 dicitur,
1060 3717 1140 3808 quis
1163 3715 1207 3785 sit
1230 3730 1234 3793 1
1255 3718 1453 3786 doctrinam
1475 3728 1623 3789 mutare.

133 3807 139 3828 ⁹
221 3839 305 3888 usus
328 3817 535 3897 verborum,
575 3813 689 3883 iustus
711 3829 744 3886 et
766 3816 967 3896 iustificari,
1010 3842 1083 3887 non
1108 3818 1208 3888 rudis
1359 3817 1496 3888 Deinde
1513 3813 1832 3907 veroal'rophetis
1845 3831 1879 3888 et
1895 3813 2085 3909 Apostolis
2099 3819 2219 3891 aliidu·

221 3918 467 4008 grammaticae
501 3915 604 3984 facile
635 3917 826 4001 iudicabit,
864 3930 903 3987 ut
944 3943 1025 3988 cum
1060 3921 1206 3990 dicitur:
1255 3933 1368 3990 ctores
1391 3920 1550 4009 accipere
1572 3945 1692 3990 vocem
1714 3921 1861 4010 debent,
1885 3915 2218 3993 ethaucunamrs·

220 4020 302 4090 Non
318 4019 496 4089 auditores
513 4016 617 4105 legis,
644 4019 702 4085 sed
722 4018 869 4089 factores
888 4019 1143 4104 iustificantur,
1170 4023 1206 4090 id
1256 4047 1361 4102 nare,
1401 4036 1434 4092 et
1459 4016 1551 4091 hauc
1577 4046 1657 4090 cum
1683 4036 1828 4106 sonant,
1857 4037 1951 4092 recte
1975 4024 2122 4100 docent.
2164 4018 2219 4095 Sti

157 4136 160 4155 ¹
221 4139 291 4203 est,
319 4119 603 4214 pronunciantur
621 4113 788 4188 habentes
803 4120 900 4188 illam
918 4122 1003 4210 legis
1022 4124 1206 4192 iusticiam.
1230 4152 1233 4185 ι
1255 4125 1357 4195 multi
1373 4126 1418 4193 ab
1436 4118 1501 4192 hac
1517 4148 1601 4193 voce
1618 4123 1827 4208 discedunt,
1854 4138 1888 4193 et
1906 4122 1973 4193 alia
1993 4128 2039 4195 de
2053 4150 2121 4197 suo
2137 4122 2218 4195 sttu-

478 4282 540 4345 De
568 4283 774 4348 vocabulo
804 4283 930 4348 mn,
1253 4239 1375 4315 gentes
1402 4240 1534 4345 errant.
1587 4224 1779 4344 §ciendum
1808 4237 1859 4295 est
1889 4226 2016 4315 igitur,
2049 4224 2217 4320 Episcopi

929 4331 938 4349 ⁹
1255 4330 1309 4396 vel
1326 4330 1530 4398 doctoribus
1551 4328 1647 4411 alus,
1673 4338 1811 4418 praeter
1827 4323 1963 4412 Deum,
1990 4327 2217 4422 Prophetuet

320 4422 394 4496 Etsi
420 4422 697 4514 pertinacissime
723 4441 755 4494 et
776 4426 853 4494 sine
874 4426 948 4495 ullo
964 4427 1033 4494 fine
1056 4443 1204 4497 conten·
1252 4424 1462 4519 Apostolos,
1489 4454 1562 4499 non
1588 4429 1781 4499 necessario
1805 4426 2023 4499 credendum
2045 4454 2140 4518 esse,
2163 4424 2214 4499 uisi

220 4525 534 4604 duntadversarii,
564 4526 631 4594 tide
653 4538 791 4595 tautum
812 4529 1000 4617 significari
1025 4531 1203 4617 noticiam,
1252 4545 1424 4623 quatenus
1445 4534 1542 4601 illam
1567 4531 1678 4622 ipsam
1704 4555 1825 4600 vocem
1850 4528 1936 4619 Dei,
1974 4530 2213 4626 Prophetarum

220 4645 338 4701 tamen
363 4642 453 4697 certa
476 4640 509 4695 et
530 4628 673 4697 immota
697 4629 824 4697 veritas
850 4645 917 4711 est,
944 4631 982 4697 in
1006 4626 1072 4700 lioc
1090 4633 1201 4703 dicto:
1250 4648 1284 4703 et
1308 4629 1561 4725 Apostolorum
1587 4634 1747 4703 recitant.

218 4731 335 4802 lustus
352 4731 420 4799 lide
441 4752 502 4799 sua
520 4728 625 4802 vivet.
669 4727 771 4799 ltem:
799 4730 887 4801 Fide
902 4733 1143 4816 iustificatum,
1166 4750 1200 4806 et
1351 4738 1404 4807 Ac
1419 4737 1557 4808 erudite
1574 4748 1760 4806 teneantur
1783 4735 2002 4811 discrimina.
2054 4730 2215 4830 Propius

216 4834 416 4916 similibus,
459 4830 604 4898 nomine
634 4827 736 4899 Fidei
767 4834 952 4925 complecti
975 4848 1007 4904 et
1033 4837 1199 4906 noticiam
1251 4838 1288 4905 in
1311 4839 1447 4928 populo
1468 4837 1599 4922 lsrael,
1640 4853 1692 4908 est
1717 4862 1864 4929 persona
1886 4837 2213 4912 immediateallst

218 4937 378 5007 omnium
404 4932 633 5003 articulorum
661 4934 763 5018 lidei,
813 4951 847 5006 et
869 4936 1033 5006 fiduciam
1057 4939 1199 5030 acquie-
1250 4952 1371 5011 vocata
1387 4943 1430 5011 ad
1449 4942 1648 5010 docendum
1666 4955 1698 5009 et
1721 4941 1971 5010 illustrandum
1986 4936 2215 5033 Evangetiun

216 5052 370 5110 scentem
386 5035 423 5103 in
442 5021 695 5124 promissione',
723 5059 812 5128 quae
825 5052 859 5107 et
875 5038 949 5128 ipsa
965 5036 1199 5131 comprehen-
1249 5037 1384 5113 babens
1408 5043 1668 5126 testimonium,
1708 5044 1806 5134 quod
1827 5067 1898 5113 uou
1923 5057 2037 5137 erret,
2076 5042 2215 5117 etmbn

215 5144 313 5211 ditur
333 5140 370 5207 in
389 5136 547 5207 articulis
562 5135 744 5232 Symboli,
771 5139 916 5207 scilicet:
944 5137 1059 5210 Credo
1074 5144 1199 5211 remis·
1248 5147 1292 5215 ad
1311 5146 1541 5233 gubernanda
1564 5145 1681 5236 aliqua
1706 5146 1851 5236 politica
1872 5145 2043 5227 consilia,
2072 5160 2114 5217 ut
2133 5141 2214 5215 Moi-

212 5245 345 5313 sionem
377 5251 625 5331 peccatorum,
664 5240 780 5309 carnis
809 5244 1129 5331 resurrectionem,
1165 5258 1198 5316 ct
1247 5268 1323 5330 ses,
1361 5245 1523 5339 Samuel,
1565 5244 1681 5334 Elias,
1723 5243 1902 5334 Elisaeus,
1940 5245 2095 5335 Esaias,
2138 5246 2215 5318 teas

215 5345 322 5411 vitam
344 5355 532 5411 aeternam.
591 5338 738 5413 Necesse
762 5356 813 5413 est
837 5343 931 5411 enim
955 5345 1089 5434 priores
1109 5348 1195 5419 arti·
1221 5349 1336 5427 ‚mias
1358 5364 1425 5422 etc.

1620 1569 1859 1579 „affl

1303 1835 1450 1912 Paulus
1473 1865 1599 1912 seruus
1629 1830 1779 1914 Christi
1800 1853 1948 1916 vocatus
1972 1842 2181 1946 Apostolus.
