4530 5776
81 210 120 295 ιε
317 212 420 291 xtra.
471 164 1572 292 a.uuantaar10urtsr.eaus1aoromaicos
1626 208 1786 295 cam
1851 238 1860 249 ¹
1996 214 2125 295 ssd

81 386 230 481 aientis:
256 398 376 460 tameo
394 386 480 455 tides
504 384 631 455 similis
657 397 718 456 est.
769 378 817 455 Et
838 380 1033 475 principale
1186 378 1234 456 Et
1256 382 1337 479 quia
1357 381 1489 455 Paulus
1509 385 1784 476 disputationem
1799 389 1972 478 instituit,
1996 406 2075 464 tra..

81 490 224 563 uectum
244 488 329 558 fidei
351 511 490 587 semper
513 501 564 559 est
583 484 701 572 Deus,
733 484 794 580 qui
818 484 856 554 iu
881 484 1033 576 promis-
1083 489 1143 558 det
1163 488 1250 557 duas
1271 487 1529 577 propositiones
1552 487 1591 557 in
1615 484 1680 559 bac
1705 494 1908 563 narratione
1932 494 2068 584 praeci-

81 614 144 663 rue
162 589 332 683 patefecit
353 590 573 660 voluntatem
594 612 706 657 suam.
758 585 916 682 Uterque
936 609 1033 656 accc-
1083 611 1188 678 puas,
1214 612 1363 683 quarum
1379 589 1476 680 prior
1492 584 1577 661 baec
1594 606 1663 664 cst:
1689 589 1788 663 Deus
1807 594 1846 663 in
1868 594 2067 667 ministerio
2120 589 2122 593 ’

81 707 94 766 ι
116 694 165 765 ad
188 689 307 763 Deum
332 690 509 784 accipiens
541 689 865 761 reconciliationem
890 703 1035 780 propter
1080 688 1266 779 Evangelii
1289 690 1458 760 omnibus
1480 694 1700 783 temporibus
1723 696 1837 785 arguit
1862 718 1985 765 omnes
1999 690 2065 766 bo·

81 794 260 867 omissum
283 792 528 864 mediatorem.
600 791 738 860 Deinde
766 816 849 860 vero
881 790 968 882 petit
999 803 1034 860 ει
1082 791 1263 878 mines‚in
1279 786 1747 881 baenaturaeintirmitate,
1772 797 2064 868 etalbrmatom-

83 908 203 991 perlat
224 894 397 979 auxilium
422 895 462 964 in
487 915 550 962 suo
573 893 750 983 corporali
773 893 910 964 dolore.
971 890 1032 964 Sic
1081 919 1144 975 nes
1159 894 1226 963 sub
1245 907 1385 984 peccato
1401 917 1492 977 csse,
1517 895 1553 963 id
1570 909 1633 976 εει,
1659 921 1737 967 reos
1754 901 1885 989 peccati
1901 913 1935 971 et
1952 912 2065 970 aeter-

101 994 270 1091 Epistola
299 998 344 1066 ad
370 990 528 1065 Ebraeos
560 995 672 1064 multa
705 994 863 1085 exempla
895 995 938 1062 de
963 993 1032 1062 fide
1082 1021 1149 1066 nae
1171 1019 1322 1086 poenae,
1355 1018 1420 1063 nec
1442 1018 1543 1086 posse
1564 996 1710 1068 libcrari
1736 1024 1754 1069 a
1780 1014 1941 1091 peccato,
1963 1014 1997 1072 et
2018 1002 2065 1072 ab

82 1112 318 1182 acervantur,
344 1097 405 1168 ubi
423 1096 488 1170 etsi
507 1095 693 1165 dissimilia
712 1110 794 1164 sunt
812 1108 953 1165 externa
969 1118 1031 1163 ne·
1081 1114 1221 1171 aeterua
1238 1096 1289 1164 ira
1312 1118 1374 1185 per
1393 1097 1572 1186 propriam
1589 1098 1763 1169 iusticiam
1780 1126 1841 1172 seu
1859 1103 1981 1192 legem.

81 1202 155 1287 itia,
190 1200 278 1270 fides
304 1213 423 1269 tamen
447 1199 594 1269 eandem
624 1198 854 1289 principalem
880 1194 1032 1287 proruis·
1183 1197 1224 1268 ln
1242 1193 1307 1267 bac
1323 1197 1565 1287 propositione
1580 1216 1820 1272 commoratur
1837 1228 1898 1292 per
1915 1206 1987 1274 duo
2006 1226 2064 1274 ca-

81 1327 201 1388 tuem,
239 1314 280 1372 ut
303 1299 439 1372 dictum
469 1313 538 1381 est,
575 1298 744 1369 intuetur.
813 1295 934 1388 Quare
957 1322 1031 1366 non
1080 1302 1175 1392 pita,
1200 1324 1291 1393 quae
1312 1300 1417 1367 nobis
1442 1299 1489 1368 ita
1507 1301 1616 1390 magis
1635 1305 1816 1394 perspicua
1833 1305 1918 1385 erit,
1944 1306 1974 1374 si
1997 1330 2064 1374 no·

81 1404 314 1494 laginandum
345 1414 421 1484 est,
462 1399 613 1472 Paulum
644 1402 759 1470 aliena
790 1400 882 1468 dicta
914 1398 1032 1485 citare,
1081 1404 1136 1472 bis
1152 1402 1236 1492 ipsis
1252 1400 1450 1469 doctrinam
1466 1404 1509 1471 de
1521 1402 1738 1493 poenitentia
1755 1429 1816 1477 seu
1832 1407 2063 1476 conversione

81 1506 143 1577 tasi
178 1502 297 1575 David
330 1528 404 1574 uon
433 1503 623 1572 crediderit
655 1504 700 1571 de
733 1501 1032 1587 reconciliatione,
1080 1525 1342 1595 proponemus,
1369 1501 1398 1570 si
1414 1500 1502 1571 iram
1522 1501 1587 1572 Dei
1603 1500 1771 1578 adsersus
1787 1522 1905 1577 nostra
1922 1522 2061 1598 peccata
2180 1515 2183 1519 ’

81 1610 264 1679 dtautnm
290 1607 334 1675 de
360 1605 518 1677 victoria.
571 1602 667 1673 Haec
691 1604 888 1673 admonitio
909 1627 1031 1672 neces-
1080 1606 1331 1694 cogitabimus,
1364 1602 1392 1672 si
1417 1611 1558 1682 exorasse
1581 1619 1667 1677 tetra
1689 1610 1874 1679 securitate
1897 1634 1979 1679 vere
2002 1633 2062 1678 ex-

81 1712 128 1783 ria
158 1708 272 1798 magis
302 1707 485 1800 perspicua
517 1705 601 1792 crit,
634 1706 663 1775 si
695 1730 771 1775 eam
797 1704 1030 1796 cogitabimus
1079 1728 1305 1801 parceremus
1321 1706 1533 1794 cogitatione
1549 1707 1673 1777 iudicii
1696 1723 1731 1780 et
1754 1709 1827 1778 irae
1842 1707 1930 1795 Dei,
1956 1734 2062 1803 quam

92 1811 304 1905 quotidiana
322 1807 558 1878 invocatione.
789 1865 792 1872 .
1079 1809 1223 1904 quidem
1248 1807 1401 1877 declarat
1422 1801 1657 1879 horribilibus
1678 1811 1820 1904 poenis,
1853 1813 2063 1902 vagantibus

139 1910 327 1985 Caeterum
344 1922 375 1979 et
395 1904 461 1979 boc
478 1933 600 1978 verum
617 1924 685 1992 est,
710 1910 802 1977 dicta
830 1932 920 2000 quae
946 1906 1030 1976 citat
1080 1936 1141 2002 per
1169 1924 1283 1979 totum
1313 1930 1425 1997 genus
1457 1904 1663 1983 humanum.
1724 1909 1889 1983 Declarat
1914 1927 1948 1983 et
1978 1937 2063 1983 voce

81 2014 192 2098 tulus,
233 2012 443 2081 nominatim
472 2012 515 2079 de
538 2009 667 2080 Messia
700 2010 811 2103 loqui.
886 2005 1029 2079 Abacuc
1080 2011 1286 2095 ministerii,
1313 2025 1351 2079 ut
1375 2025 1409 2079 ει
1430 2008 1608 2081 Dominus
1628 2012 1763 2106 iuquit:
1802 2013 1958 2099 Spiritus
1979 2037 2062 2083 san·

80 2106 227 2201 aniieste
250 2112 483 2183 concionatur
505 2114 549 2181 de
576 2126 728 2182 venturo
751 2113 959 2192 liberatore,
995 2125 1028 2180 ct
1079 2129 1156 2186 ctus
1179 2126 1301 2201 arguet
1324 2114 1498 2181 mundum
1524 2115 1569 2181 de
1597 2128 1749 2203 peccato.
1816 2114 1886 2186 Sed
1912 2117 2062 2185 maxima

81 2211 224 2287 brabasn
243 2229 345 2283 norat
364 2214 633 2304 promissionem
651 2229 751 2283 antea
777 2215 894 2281 datam
919 2213 1027 2300 patri·
1080 2240 1159 2306 pars
1174 2209 1361 2284 bominum
1379 2236 1499 2283 secura
1518 2229 1552 2284 et
1570 2215 1693 2285 lcareos
1716 2216 1876 2305 indulget
1892 2218 1978 2302 sibi,
2001 2240 2063 2286 ex-

81 2318 128 2404 ls',
150 2332 188 2388 et
209 2317 306 2389 audit
334 2310 418 2384 baec
439 2315 550 2396 dicta,
586 2340 675 2410 qarae
703 2315 1028 2384 reconciliationem
1078 2341 1180 2388 cusso
1197 2332 1291 2385 metu
1310 2315 1432 2383 iudicii
1456 2330 1489 2386 et
1514 2315 1587 2386 irae
1613 2317 1774 2387 divinae:
1804 2318 1884 2388 ideo
1909 2314 1975 2388 hae
1997 2319 2064 2388 tri·

81 2420 257 2513 gnificant:
289 2416 503 2487 Berredicam
527 2418 603 2486 tibi.
672 2415 775 2486 ltern:
812 2413 885 2486 Ero
910 2433 1029 2507 prote·
1077 2435 1146 2489 stes
1178 2418 1365 2487 conciones
1399 2416 1543 2485 divinae
1575 2419 1836 2508 praetervolant
1864 2444 1987 2504 aures,
2028 2433 2064 2490 et

81 2536 243 2602 ortuus,
275 2521 407 2590 scilicet
436 2534 580 2610 propter
602 2520 847 2602 mediatorem,
890 2519 1028 2610 dequo
1079 2544 1281 2612 otranquam
1299 2542 1371 2588 uon
1388 2533 1472 2589 sunt
1487 2519 1677 2602 obscurae,
1704 2532 1823 2591 tamen
1838 2546 1879 2591 eo
1897 2522 2064 2591 videntur

81 2636 159 2695 utra
179 2646 339 2715 expresse
358 2622 491 2691 dictum
514 2637 582 2691 est:
611 2619 652 2689 ln
675 2622 808 2690 semiue
833 2635 894 2691 tuo
921 2622 1030 2690 bene·
1077 2622 1296 2711 frigidiores,
1326 2619 1409 2713 quia
1439 2635 1579 2710 pectora
1603 2635 1721 2691 nostra
1748 2648 1821 2693 non
1848 2624 2063 2693 adficiuntur

81 2734 341 2799 {tenturomucs
357 2736 491 2813 gentes.
1079 2746 1183 2793 sensu
1201 2724 1273 2792 irae
1291 2719 1369 2794 Dei.
1421 2720 1575 2792 Possunt
1595 2737 1711 2792 autern
1735 2725 1813 2796 sine
1834 2724 1938 2814 longa
1960 2749 2064 2794 enar·

1079 2827 1217 2894 ratione
1236 2822 1377 2912 proprie
1398 2837 1431 2893 et
1453 2838 1548 2894 recte
1563 2824 1715 2913 intelligi
1731 2828 1777 2897 ab
1793 2827 1961 2898 omnibus
1982 2827 2064 2921 piis,

81 2884 282 2962 lefllff'
298 2887 357 2959 lm
373 2885 454 2957 Del
468 2911 578 2986 sulm
592 2911 732 2958 ⁰m⁰²m
747 2886 981 2983 implumem·
1079 2928 1140 3020 qui
1158 2940 1291 2996 norunt
1307 2925 1468 2994 exercitia
1485 2926 1732 3013 poenitentiae.

120 3020 222 3095 Una
251 3037 286 3094 et
308 3026 429 3092 eadem
464 3049 530 3093 vos
563 3038 613 3092 est
639 3021 826 3111 Evangelii
858 3023 1027 3093 omnibus
1181 3027 1277 3097 Haec
1311 3025 1392 3095 idco
1428 3026 1529 3106 dixi,
1566 3041 1605 3097 ut
1637 3027 1795 3098 iuniores
1827 3030 2064 3114 considerent,

81 3129 269 3219 oporibus,
285 3128 370 3196 inde
384 3150 527 3219 usquea
547 3127 660 3216 prima
678 3127 847 3195 concione
865 3125 901 3193 in
920 3123 1027 3193 Para·
1078 3153 1186 3222 qnare
1201 3128 1250 3198 sic
1266 3129 1403 3196 incoata
1421 3128 1467 3198 sit
1481 3128 1638 3197 narratio
1654 3153 1674 3197 a
1693 3114 1953 3217 praedicatione
1974 3155 2061 3222 poe-

81 3230 243 3315 solacta,
271 3253 351 3298 cum
368 3243 599 3317 arguerentur
615 3244 648 3297 et
666 3229 905 3316 reciperentur
922 3226 1027 3315 primi
1077 3230 1266 3315 nitentiae,
1300 3243 1334 3301 ει
1358 3254 1429 3322 quo
1455 3231 1576 3300 tendat
1599 3228 1766 3313 Paulusss,
1818 3230 1942 3302 Postea
1966 3233 2063 3302 enim

81 3346 211 3404 arentes.
256 3330 403 3421 Semper
420 3354 487 3399 vor
503 3326 688 3420 Evangelii
703 3330 817 3419 arguit
835 3343 1028 3420 peccatum,
1077 3333 1176 3403 addit
1200 3333 1345 3402 alteram
1373 3332 1651 3421 propositionem
1676 3356 1737 3403 seu
1761 3334 2059 3404 consolationem:

97 3449 216 3526 postea
240 3432 340 3504 addit
364 3431 664 3523 consolationem,
692 3433 853 3501 videlicet
877 3430 1028 3522 promis·
1075 3433 1182 3506 Certo
1206 3433 1398 3524 accipimus
1426 3435 1669 3503 remissionem
1704 3451 1924 3524 peccatorum
1948 3450 1983 3505 et
2007 3460 2063 3504 re-

81 3558 173 3627 tuem
189 3534 491 3606 reconciliationis
503 3533 673 3619 gratuitae
696 3550 840 3624 propter
856 3534 1026 3602 mediato·
1076 3537 1373 3618 conciliationem,
1399 3549 1433 3605 et
1449 3551 1656 3625 reputamur
1672 3537 1766 3620 iusti,
1790 3552 1934 3628 propter
1950 3539 2062 3607 lilium

81 3660 127 3713 n.
178 3636 293 3710 Sirio
312 3632 1025 3724 ParadisoipsefiliusDeiconcionatur.
1076 3639 1160 3721 Dei,
1186 3638 1312 3729 gratis,
1346 3638 1425 3708 lide.
1488 3633 1543 3707 Ad
1572 3633 1663 3707 banc
1682 3643 1872 3709 secundam
1898 3640 2061 3729 proposi·

83 3734 335 3833 cProphctar.
360 3740 410 3806 ⁸5⁰
429 3735 608 3827 dellslda
635 3739 684 3807 8ῖῦ
702 3738 794 3806 filius
815 3738 879 3806 Del
903 3736 1025 3805 clami·
1076 3741 1209 3811 tionem
1228 3741 1264 3808 in
1288 3740 1392 3808 tertio
1408 3738 1531 3829 Capite
1554 3741 1755 3829 perveniet,
1777 3765 1867 3833 quae
1882 3740 2061 3830 principa·

81 3854 111 3917 t:
150 3838 256 3933 Agite
289 3840 563 3930 poenitentiam,
604 3853 637 3907 et
665 3840 797 3908 credite
820 3838 1025 3927 Evangelio.
1075 3844 1119 3912 lis
1153 3855 1264 3911 status
1296 3855 1350 3912 est
1380 3840 1632 3930 disputationis
1655 3841 1694 3910 in
1717 3838 1784 3912 bac
1806 3838 1989 3932 Epistola,
2022 3853 2063 3910 ut

83 3938 299 4036 'cbpostolis
313 3939 490 4011 Dominus
514 3942 682 4032 praecipit
699 3944 840 4010 docere:
881 3937 1026 4008 Praedi-
1075 3967 1138 4014 suo
1156 3944 1235 4012 loco
1250 3942 1427 4036 copiosius
1444 3944 1613 4015 dicemus.

81 4058 114 4117 ιε
139 4043 394 4149 poenitentiam
419 4044 457 4111 in
483 4045 627 4112 nomine
648 4068 747 4127 meo,
790 4056 823 4112 ει
847 4041 1026 4110 remissio·

81 4142 121 4219 ᾗ
142 4161 381 4239 peccatorum.
457 4141 508 4213 Ac
531 4145 749 4214 discentibus
774 4144 915 4233 prodest
940 4137 1027 4212 baec

81 4249 286 4322 insidendo.
338 4244 455 4337 Magis
474 4245 566 4314 esaim
584 4248 622 4317 fic
642 4246 825 4336 perspicua
850 4245 1026 4327 doctrina,

81 4349 394 4439 tm'intelligimus,
434 4372 571 4439 semper
603 4350 750 4418 eandem
779 4371 903 4431 vocem,
933 4360 1026 4417 recte
1177 4344 1217 4416 ld
1242 4362 1314 4430 εει,
1348 4374 1472 4420 omnes
1506 4343 1669 4416 bomioes
1697 4360 1897 4437 arguuntur
1924 4347 1961 4417 in
1994 4341 2061 4417 irae

81 4469 204 4527 rentes
222 4453 259 4521 in
281 4449 436 4521 Ecclesia
454 4473 591 4525 sonare.
1076 4452 1306 4540 corruptione
1329 4465 1489 4520 naturae.
1554 4446 1631 4517 Etsi
1662 4449 1756 4519 enim
1785 4463 1920 4520 norunt
1950 4451 2062 4537 legem

126 4538 188 4629 'Ut
211 4554 322 4645 igitur
341 4552 378 4621 in
394 4551 561 4622 Paradiso
588 4552 741 4650 primum
767 4550 931 4640 arguitur
945 4573 1026 4640 pee-
1075 4549 1161 4633 Dei,
1188 4564 1305 4621 tamen
1324 4552 1490 4621 noticiam
1509 4551 1545 4619 in
1573 4550 1751 4620 iniustitia
1775 4552 1948 4637 captivam
1970 4552 2063 4621 deti·

81 4672 171 4743 tum,
196 4671 232 4727 et
249 4668 289 4726 ut
310 4650 432 4724 Esaias
452 4655 593 4723 orditur
618 4679 637 4722 a
661 4655 786 4743 grandi
813 4669 847 4724 et
872 4652 1024 4723 terribili
1075 4666 1182 4732 nent,
1210 4655 1245 4720 id
1264 4667 1334 4738 est,
1359 4677 1431 4721 non
1448 4654 1693 4742 obtemperant
1708 4653 1752 4727 ei.
1799 4650 1912 4722 Breve
1927 4653 2063 4723 dictum

81 4758 200 4833 ordio:
227 4752 361 4829 Audite
385 4754 521 4825 coelum
539 4770 571 4826 et
588 4769 702 4837 terra,
733 4754 806 4824 Vae
823 4755 919 4845 genti
946 4780 1026 4852 pec·
1076 4769 1147 4838 cst,
1179 4756 1239 4824 sed
1266 4755 1519 4825 atrocissimam
1544 4756 1802 4826 accusationem
1828 4756 2004 4840 continet,
2029 4767 2063 4823 et

81 4862 175 4948 lrici,
201 4859 471 4952 dereliquerunt
493 4857 706 4942 Dominum,
732 4853 1026 4947 blasphemarunt
1075 4859 1163 4925 duas
1195 4870 1312 4944 partes
1342 4856 1379 4925 in
1407 4852 1552 4926 bomine
1581 4856 1722 4946 pingit:
1762 4855 1920 4928 Noticias
1950 4878 2062 4931 veras,

81 4962 195 5037 retum
221 4958 329 5034 lsrael
352 4972 416 5029 etc.
475 4957 527 5029 lta
556 4955 613 5029 bic
636 4959 792 5030 narratio
818 4959 1024 5030 incoatura
1075 4982 1165 5052 quae
1179 4973 1262 5030 sunt
1276 4959 1464 5047 sapientia,
1490 4981 1780 5049 congruenscum
1796 4960 1967 5048 sapientia
1983 4955 2062 5033 Dei.

81 5065 237 5139 latissima
256 5062 570 5133 condemnatione:
604 5059 800 5134 Revelatur
821 5063 872 5130 ira
892 5062 962 5130 Dei
980 5064 1024 5130 de
1073 5060 1237 5130 videlicet
1261 5061 1347 5151 legis
1371 5061 1512 5131 noticia.
1578 5059 1716 5131 Deinde
1739 5084 1823 5130 vero
1841 5055 1932 5128 banc
1949 5060 2060 5149 ipsam

82 5168 134 5241 elo
163 5188 273 5261 super
295 5186 438 5235 omnem
469 5164 697 5254 impietatem.
771 5158 880 5233 Initio
916 5163 1024 5254 igitur
1074 5163 1234 5231 divinam
1260 5163 1467 5253 sapientiam
1495 5162 1612 5256 inquit
1627 5186 1829 5256 oppressam
1851 5183 1924 5229 csse
1945 5154 2062 5245 borri-

81 5270 151 5364 guit
166 5281 347 5363 peccatum
356 5316 369 5351 ,
391 5266 481 5336 utfit
499 5265 535 5334 in
556 5265 819 5355 praedicatione
836 5267 1022 5359 poeniten·
1072 5264 1137 5334 bili
1156 5265 1374 5335 contumacia
1392 5279 1539 5336 naturae
1556 5260 1751 5348 humanae,
1776 5264 1813 5331 id
1832 5276 1900 5343 est,
1928 5260 2063 5330 etiamsi
2126 5322 2131 5331 ,

81 5392 117 5450 ts.
164 5370 294 5446 Postea
308 5367 408 5441 addit
424 5368 711 5442 consolationem.
1043 5412 1048 5423 ·
1072 5365 1250 5438 lucentio
1267 5382 1366 5459 parte
1378 5378 1610 5457 cognoscente
1632 5365 1782 5438 noticiae
1799 5365 1905 5457 legis,
1935 5376 1969 5434 ct
1986 5363 2065 5457 qui-

1075 4106 1195 4208 Super
1210 4133 1350 4180 omnem
1371 4107 1612 4205 impietatem,
1642 4110 1826 4180 verr‘talem
1851 4107 1896 4179 in‘
1914 4105 2063 4177 iniusti-

1401 4213 1459 4283 cia
1478 4207 1729 4288 detinentium.

1603 5698 1643 5720 ha..
