4522 5782
159 230 254 315 w

181 399 366 472 audiretur
379 389 557 465 toto'orbe
578 400 766 460 terrarum.
816 381 911 455 Sunt
932 384 1041 475 igitur
1062 382 1115 453 rei
1136 395 1174 453 et

184 500 314 575 abiecti
334 493 489 575 ethnici,
524 492 585 585 qui
610 488 860 579 neglexerunt,
893 501 955 557 aut
979 500 1173 559 contemse-

186 586 272 675 runt
297 597 538 669 ministerium
560 589 747 681 Evangelii
769 591 813 658 de
836 590 1008 679 promisso
1039 588 1173 657 media·

189 720 276 777 tore.

291 800 382 877 Cum
402 800 511 891 igitur
523 793 685 869 Christus
698 792 759 862 hic
773 792 875 863 dicit:
903 789 941 860 Si
966 813 1040 857 non
1055 790 1174 859 venis-

191 931 264 979 sem
287 919 322 975 et
339 904 503 973 dixissem
527 903 596 984 eis,
620 899 780 991 loquitur
795 898 839 963 de
862 893 1024 962 universa
1041 893 1173 963 revela-

193 994 291 1082 tione
313 1003 518 1095 Evangelii,
555 1004 644 1071 facta
672 1000 717 1068 ab
742 998 844 1066 initio
877 994 1014 1063 mnndi.
1072 992 1175 1063 Hanc

193 1111 314 1181 iudico
343 1106 538 1198 simplicem
560 1100 827 1194 explicationem
851 1120 923 1165 esse
947 1090 1053 1165 huius
1077 1095 1173 1165 dicti.

195 1212 325 1285 Sinon
342 1208 518 1299 prolatum
533 1217 622 1275 esset
643 1224 812 1273 arcanum
829 1197 897 1270 Dei
920 1197 1110 1269 consilium
1133 1200 1177 1267 de

195 1311 486 1385 reconciliatione
505 1330 546 1377 ex
566 1307 648 1375 sinu
671 1303 804 1375 aeterni
834 1300 961 1392 patris,
1002 1325 1087 1370 voce
1113 1300 1176 1368 lilii

196 1411 440 1495 concionantis
463 1411 508 1479 ab
530 1408 652 1493 initio,
691 1430 765 1474 non
794 1416 909 1473 essent
938 1402 990 1471 rei
1016 1397 1179 1472 homines

195 1516 351 1607 ignorati
383 1510 581 1601 Evangelii.
645 1507 752 1579 Nunc
779 1502 1000 1575 horribiliter
1025 1504 1077 1573 rei
1097 1517 1180 1574 sunt

197 1640 320 1689 omnes
335 1608 471 1707 ignari,
496 1613 580 1705 quia
602 1625 637 1681 et
651 1609 843 1679 revelatum
867 1621 936 1691 est,
960 1619 994 1676 et
1008 1628 1109 1697 saepe
1125 1630 1181 1674 re-

196 1720 304 1811 petita
320 1731 372 1786 est
388 1715 564 1801 revelatio
578 1712 776 1783 illustribus
799 1709 1029 1798 testimoniis,
1054 1723 1089 1778 et
1110 1732 1181 1801 quo

197 1821 374 1890 illustrior
403 1832 455 1888 est
489 1816 673 1885 revelatio:
707 1812 840 1906 (qualis
867 1811 937 1879 fuit
964 1825 1065 1892 tunc,
1101 1835 1180 1879 cum

198 1925 274 2014 ipse
286 1915 451 1990 Christus
466 1931 619 1987 assumta
634 1910 790 1983 humana
805 1925 931 1983 natura
953 1913 1181 1983 concionatus

199 2031 267 2111 est)
295 2047 336 2091 eo
365 2021 505 2109 gravius
536 2031 717 2108 peccatum
747 2029 800 2084 est
820 2016 1123 2086 contemnentium
1149 2025 1183 2081 et

183 2122 473 2196 ¹adversantium.
529 2119 752 2207 Augustinus
778 2119 827 2186 sic
850 2120 1056 2207 respondet:
1098 2116 1182 2186 Non

196 2222 371 2297 haberent
415 2218 483 2293 hoc
519 2230 736 2311 peccatum,
769 2218 902 2288 scilicet
934 2214 1184 2309 blasphemiae,

195 2329 267 2399 nisi
288 2326 436 2396 scientes
450 2323 685 2415 Evangeliurn
705 2319 774 2391 Dei
795 2344 916 2391 vocem
939 2342 1031 2407 esse,
1065 2334 1183 2390 tamen

194 2431 419 2500 damnarent.

332 2592 412 2694 Qui
427 2618 482 2665 me
501 2590 598 2683 odit,
625 2604 657 2664 et
671 2602 814 2693 patrem
831 2618 953 2668 meum
969 2588 1056 2666 odit.

763 186 1657 297 -rfflnnitnscnrrrasxnourrou-
1740 146 1804 265 ..ἱ

2132 204 2213 283 Ul

1222 398 1356 471 terrac,
1381 384 1445 477 qui
1462 384 1559 456 misit
1573 382 1687 455 filium
1705 406 1809 453 suum
1825 381 2020 455 Dominum
2044 393 2209 453 nostrum

1225 486 1340 559 lesum
1359 484 1565 571 Christum,
1601 501 1637 558 et
1660 508 1724 577 per
1751 486 1854 555 illum
1882 507 1919 555 se
1942 483 2106 576 patefecit
2126 485 2211 554 dato

1224 587 1431 679 Evangelia.
1492 585 1544 658 lta
1569 589 1724 679 primum
1739 588 1951 676 cogitemus,
1969 609 2076 679 quern
2084 582 2213 663 Deum,

1225 693 1288 764 ubi
1309 707 1344 762 ct
1365 691 1544 785 quomodo
1569 692 1778 781 patefactum
1801 690 2046 782 alloquamur,
2080 686 2214 756 deinde

1225 795 1329 867 etiam
1346 793 1596 884 promissiones
1620 792 1725 861 nobis
1744 814 2001 883 proponamus,
2026 788 2215 882 inquibus

1226 898 1377 967 affirmat
1391 918 1427 964 se
1443 895 1691 965 exauditurum
1714 918 1788 963 esse
1811 896 2034 973 invocantes,
2069 904 2215 983 propter

1228 1001 1340 1069 lilium
1377 997 1617 1067 mediatorem.
1684 994 1759 1081 Has
1794 996 2026 1084 cogitationes
2054 1008 2091 1063 et
2121 988 2215 1061 hanc

1230 1102 1335 1171 iidem
1352 1100 1479 1169 allerre
1493 1122 1559 1169 nos
1574 1099 1617 1167 ad
1642 1100 1856 1188 precandum
1881 1110 2031 1196 oportet.
2086 1093 2143 1165 Ac
2162 1108 2215 1165 ta·

1230 1204 1273 1273 lis
1290 1201 1467 1272 invocatio
1491 1201 1658 1271 discernit
1676 1223 1793 1269 veram
1809 1196 2002 1269 Ecclesiam
2020 1199 2067 1267 ab
2082 1191 2216 1279 Ethai·

1230 1308 1297 1391 cis,
1338 1302 1499 1389 ludaeis,
1537 1302 1668 1373 Turcis
1700 1303 1966 1383 invocantibus,
2014 1313 2050 1370 et
2081 1311 2136 1370 est
2165 1299 2216 1367 el·

1230 1409 1327 1481 ficar.

1332 1510 1386 1583 Ac
1400 1509 1530 1583 Psalm.
1549 1508 1606 1581 tu.
1619 1507 1669 1577 sic
1690 1505 1904 1579 discernitur
1925 1502 2082 1576 Ecclesia
2100 1524 2121 1571 a
2139 1522 2215 1571 cae-

1232 1612 1316 1682 teris
1343 1614 1521 1702 gentibus.
1580 1608 1804 1679 Discernitur
1825 1625 1860 1680 et
1882 1607 2060 1679 invocatio
2084 1625 2168 1673 vera
2183 1614 2218 1671 et

1233 1716 1373 1800 efficax,
1398 1740 1417 1783 a
1439 1715 1526 1784 salsa
1552 1726 1588 1784 et
1612 1716 1798 1793 damnata,
1832 1735 1912 1780 cum
1937 1710 2086 1779 dicitur:
2125 1702 2216 1776 San-

1233 1819 1299 1887 ctis
1313 1818 1374 1909 qui
1395 1816 1532 1887 suntin
1550 1829 1663 1894 terra,
1690 1830 1723 1885 et
1741 1814 1979 1896 admirandis,
2012 1808 2134 1881 omnis
2154 1828 2216 1875 vo-

1234 1920 1350 1989 luntas
1368 1942 1444 1989 mea
1460 1920 1500 1986 in
1516 1918 1586 1996 eis,
1598 1918 1648 1987 ‚id
1665 1929 1734 1999 est,
1768 1912 1844 2004 Ego
1859 1911 2022 1985 Christus
2045 1922 2215 2003 perpetuo

1235 2022 1488 2111 diligoiustos,
1514 2021 1551 2088 id
1576 2034 1649 2102 est,
1674 2032 1812 2089 coetum
1837 2019 1897 2110 qui
1920 2041 1976 2085 me
2000 2016 2123 2095 audit,
2161 2006 2216 2078 his

1234 2123 1380 2194 consulo
1409 2118 1474 2193 hac
1500 2145 1578 2190 mea
1603 2120 1785 2212 passione,
1822 2142 1946 2189 omnes
1976 2118 2046 2187 mei
2068 2116 2218 2194 labores,

1235 2226 1355 2296 omnia
1371 2248 1448 2293 mea
1464 2224 1579 2294 officia
1603 2224 1648 2291 ad
1670 2218 1738 2291 hoc
1757 2223 1929 2291 destinata
1949 2232 2055 2303 suut,
2085 2228 2127 2288 ut
2149 2212 2218 2282 illis

1235 2352 1338 2418 opem
1352 2328 1477 2397 ferant.
1510 2324 1584 2394 Nos
1597 2326 1702 2394 stulte
1718 2325 1912 2413 cogitamus
1925 2318 2109 2392 Christum
2127 2308 2218 2387 otio-

1235 2454 1312 2500 sum
1330 2428 1461 2498 alicubi
1477 2429 1614 2512 sedere,
1640 2450 1680 2495 ac
1695 2426 1763 2495 sibi
1780 2427 1923 2495 beatum
1941 2447 2024 2495 esse.
2059 2419 2129 2489 llic
2148 2418 2216 2487 ela·

1236 2534 1338 2601 mitat
1360 2552 1396 2599 se
1419 2555 1484 2621 pro
1508 2552 1572 2598 suo
1600 2541 1701 2599 coetu
1725 2527 1902 2597 solicitum
1926 2549 2017 2605 esse,
2044 2523 2218 2597 laborare,

1236 2632 1481 2723 interpellare,
1521 2654 1641 2720 regere
1669 2654 1767 2714 eum,
1801 2629 1989 2697 defendere
2015 2640 2049 2697 et
2067 2644 2218 2709 servare,

186 2810 189 2815 ,
299 2730 513 2823 Slelfflpffl
536 2727 665 2824 cap-5·
693 2731 798 2801 dixit:
832 2728 906 2827 Qui
931 2752 1006 2799 ¹¹0⁰
1029 2725 1183 2799 honorat
1234 2736 1389 2807 Ecoutra
1413 2734 1533 2819 addit,
1559 2757 1595 2803 se
1611 2734 1779 2803 damnare
1800 2730 1989 2799 libationes
2011 2741 2046 2798 et
2073 2726 2218 2795 invoca·

196 2833 328 2917 lilium,
355 2858 430 2903 non
452 2828 606 2903 honorat
628 2846 772 2923 patrem.
830 2830 1018 2902 Haeduae
1043 2847 1183 2902 senten·
1235 2840 1349 2909 tiones
1365 2836 1538 2916 aliorum,
1572 2834 1633 2928 qni
1657 2835 1773 2925 ipsum
1794 2833 1918 2903 audire
1943 2830 2084 2899 nolunt.
2137 2824 2219 2896 Non

197 2935 267 3006 tiae
284 2936 551 3022 diligentissime
568 2938 810 3004 observandae
830 2947 925 3007 sunt.
977 2932 1183 3003 Monstrant
1235 2941 1375 3022 libabo,
1416 2939 1550 3030 inquit,
1593 2936 1781 3006 libationes
1811 2958 1953 3017 eorum,
1994 2949 2218 3025 neclsumam

86 3100 89 3105 ,
197 3037 294 3106 enim
319 3038 509 3107 discrimen
541 3061 643 3105 verae
663 3037 845 3125 religionis
867 3050 902 3105 et
923 3036 1184 3105 commentitia·
1234 3042 1380 3111 nomina
1396 3038 1689 3111 eoruminlabiis
1707 3039 1812 3122 meis,
1836 3038 1968 3119 id'est,
2000 3058 2074 3102 non
2098 3027 2217 3100 nomi-

196 3162 298 3221 rum,
328 3152 362 3208 et
386 3162 489 3207 verae
512 3139 748 3209 invocationis
768 3155 803 3209 et
826 3139 944 3213 falsae.
1004 3135 1125 3206 ludaei
1150 3151 1184 3206 et
1234 3146 1327 3213 nabo
1343 3166 1419 3224 eos,
1445 3166 1519 3211 non
1535 3141 1769 3231 interpellabo
1792 3163 1856 3230 pro
1879 3140 1929 3209 eis
1952 3139 2045 3226 apud
2072 3147 2217 3223 patrem.

196 3236 468 3311 lilalrumetistae
483 3242 681 3328 gloriantur
696 3264 731 3309 se
748 3265 860 3310 onum
875 3253 910 3310 et
927 3262 1049 3308 verum
1063 3241 1181 3308 Deum
1233 3244 1331 3315 Haec
1353 3246 1447 3313 dicta
1473 3258 1508 3313 et
1528 3244 1658 3312 similia
1680 3241 1917 3311 discernentia
1950 3260 2069 3306 veram
2092 3231 2218 3304 Eccle-

195 3342 384 3420 invocare,
419 3342 639 3410 conditorem
669 3342 757 3411 coeli
784 3356 819 3411 et
841 3355 974 3424 terrae,
1005 3353 1040 3409 et
1065 3337 1183 3410 homi·
1234 3349 1322 3417 siam
1336 3347 1382 3415 ab
1399 3346 1477 3432 aliis
1493 3346 1674 3434 gentibus,
1705 3358 1741 3415 et
1761 3367 1880 3413 veram
1909 3339 2173 3409 invocationem
2196 3357 2216 3403 a

197 3466 285 3511 num
313 3457 347 3511 tt
369 3444 530 3510 omnium
557 3444 706 3513 aliarum
742 3457 993 3513 creaturarum·
1047 3441 1123 3511 lmo
1148 3456 1184 3514 et
1234 3448 1706 3535 commentitia,diligenter
1721 3446 1939 3516 inculcemus
1953 3442 2058 3511 nobis
2072 3436 2216 3528 singuli.

115 3570 124 3585 ’
196 3541 356 3612 Platonis
384 3558 419 3613 et
443 3545 614 3612 similium
638 3546 797 3614 virorum
822 3558 956 3615 mentes
978 3566 1091 3616 unum
1114 3545 1183 3614 ali·
1233 3550 1324 3622 Nam
1342 3564 1376 3620 et
1393 3550 1449 3641 pie
1466 3549 1593 3619 docent
1609 3563 1743 3618 mentes
1759 3550 1803 3615 de
1821 3549 1926 3615 rebus
1942 3541 2159 3627 necessariis,
2183 3552 2216 3609 el
2253 3562 2257 3567 '

199 3668 305 3737 quem
320 3642 436 3714 Deum
461 3648 680 3715 conditorem
704 3646 891 3715 universae
913 3659 1061 3715 naturae
1084 3648 1182 3735 cogi·
1233 3654 1432 3723 accendunt
1449 3652 1553 3720 fidem
1570 3665 1603 3722 et
1618 3651 1892 3722 invocationem.

197 3747 331 3821 tabant.
382 3745 451 3817 Sed
465 3742 554 3837 vhaec
570 3748 662 3817 dicta
677 3744 809 3817 Christi
827 3750 993 3817 reiiciunt
1008 3748 1105 3816 illam
1121 3748 1182 3817 lu·
1301 3778 1307 3787 ·

197 3849 354 3931 daicam,
377 3844 654 3919 Mahometicam
671 3864 704 3919 et
720 3846 907 3919 Ethnicam
923 3850 1182 3938 cogitationem,

197 3953 260 4041 qui
275 3963 404 4038 negant
423 3944 519 4019 hunc
536 3975 617 4018 vere
629 3949 702 4020 esse
716 3949 833 4020 Deum
856 3952 1182 4044 conditorem,·qui
1332 3948 1524 4021 Consuevit
1560 3950 1609 4019 ita
1647 3948 1748 4042 loqui
1775 3948 1927 4020 loannes
1961 3963 2001 4019 ut
2038 3971 2115 4036 cap.
2143 3946 2216 4020 12:

198 4051 298 4120 misit
311 4052 424 4122 filium
439 4052 672 4123 suum-lesum
688 4048 881 4126 Christum.
910 4052 1182 4142 lllinonagno-
1233 4052 1314 4122 Non
1337 4052 1584 4122 credebantin
1610 4074 1708 4136 eum,
1741 4068 1780 4122 ut
1802 4053 2010 4144 impleretur
2031 4050 2217 4141 scriptura.

199 4166 320 4235 scunt,
347 4155 748 4223 nouinvocantverum
764 4154 900 4237 Deum,
931 4156 991 4223 sed
1015 4155 1182 4245 sculpunt
1233 4154 1418 4225 Ilaecnon
1443 4166 1527 4223 sunt
1549 4154 1595 4223 ita
1621 4155 1729 4223 stoice
1753 4154 1975 4244 accipienda,
2009 4152 2112 4244 qtrasi
2135 4150 2219 4221 velit

94 4316 97 4321 .
200 4251 270 4321 sibi
286 4276 417 4324 novum
435 4256 662 4325 simulacrum
680 4258 770 4339 Dei,
798 4271 968 4326 ctavero
984 4254 1062 4325 Dea
1078 4260 1181 4325 aber·
1233 4282 1372 4327 causam
1391 4256 1474 4324 mali
1490 4256 1607 4325 Deum
1626 4277 1710 4338 esse,
1735 4271 1794 4324 aut
1810 4257 1908 4347 quasi
1922 4258 1994 4325 sato
2009 4256 2132 4346 aliquo
2147 4253 2218 4322 sint

199 4368 290 4424 rant.
360 4354 561 4425 'l'eneamus
594 4358 702 4445 igitur
731 4359 921 4427 discrimen
955 4358 1182 4447 religionum,
1204 4414 1207 4445 ,
1233 4374 1370 4429 coactae
1387 4360 1606 4436 voluntates,
1638 4360 1698 4427 sed
1722 4359 1968 4446 intelligantur
1992 4357 2076 4427 talia
2093 4355 2138 4423 de
2155 4378 2219 4423 ne·

198 4479 264 4523 nec
281 4460 513 4528 concedamus
533 4458 669 4527 lirclaeis
691 4473 725 4529 et
739 4455 1020 4543 ll‘lahometistis‚
1046 4461 1114 4528 coli
1136 4448 1389 4541 abicessitate
1420 4460 1711 4553 consequentiae,
1751 4462 1786 4528 id
1818 4474 1887 4545 est,
1925 4452 2219 4550 praedicta'sunt,

111 4649 114 4655 Ι
200 4558 251 4625 eis
265 4556 380 4629 Deum
398 4563 618 4629 conditorem
635 4563 722 4630 coeli
743 4578 777 4631 et
797 4575 929 4645 terrae,
955 4565 1015 4631 secl
1040 4562 1181 4643 lingunt
1204 4546 1208 4645 i
1233 4564 1314 4655 quia
1332 4575 1498 4631 eventura
1519 4563 1684 4641 suerunt,
1717 4575 1752 4630 et
1774 4586 1869 4630 nrrrrc
1894 4561 2048 4631 ostendit
2071 4573 2217 4629 eventus

158 4741 171 4751 ι
199 4660 304 4730 ittam
320 4658 531 4745 esseDeum,
555 4664 616 4754 qni
635 4663 804 4733 missurus
820 4664 866 4732 sit
881 4664 991 4733 alium
1003 4660 1181 4749 Messium,
1204 4652 1207 4689 ¹
1232 4664 1346 4733 Deum
1365 4687 1436 4730 esse
1452 4687 1625 4731 veracem:
1652 4662 1752 4733 Sicut
1768 4664 1895 4734 veritas
1915 4663 1979 4737 Dei
2001 4661 2218 4753 conspicitur

1361 3812 1414 3886 Ul
1430 3813 1628 3911 impleatur
1640 3836 1758 3884 sermo
1771 3812 1930 3910 scriptus
1948 3808 1988 3881 in
2003 3813 2092 3905 lege.

199 4762 259 4829 vel
275 4763 335 4854 qui
361 4763 458 4831 misit
476 4758 734 4834 Mahometum.
784 4766 838 4834 Ac
862 4768 1096 4836 certissimum
1119 4782 1180 4849 est,

197 4859 444 4933 Mahometurn
459 4888 478 4932 a
492 4866 635 4934 diabolo
659 4869 805 4937 missum
827 4890 918 4947 esse,
945 4868 1030 4961 quia
1049 4862 1178 4935 Malio-

197 4964 284 5033 meti
300 4966 460 5036 doctrina
476 4990 596 5035 recens
610 4981 684 5051 est,
716 4992 876 5059 pugnans
899 4994 979 5038 cnm
994 4967 1181 5058 Prophetis

198 5081 232 5135 et
248 5066 453 5156 Apostolis,
474 5083 513 5138 ut
536 5071 764 5140 manifestum
787 5085 847 5145 est.
901 5068 1021 5159 Quare
1045 5085 1179 5139 certum

197 5180 249 5235 est
268 5169 414 5258 impiam
433 5183 466 5239 et
484 5171 694 5240 diabolicam
714 5196 800 5244 esse.

297 5269 446 5359 Semper
474 5273 579 5342 etiam
605 5274 645 5341 in
668 5274 893 5343 invocatione
927 5272 1179 5362 compellantes

194 5364 319 5453 Deum,
343 5373 537 5461 cogitemus
551 5368 647 5445 hunc
662 5370 780 5446 Deum
796 5374 1017 5447 conditorem
1035 5376 1125 5445 coeli
1143 5390 1178 5446 et

1234 4769 1271 4833 in
1288 4766 1366 4833 aliis
1383 4765 1683 4855 praedictionibus
1698 4765 1843 4838 divinis.

1335 4867 1475 4935 Citatur
1493 4880 1609 4933 autem
1633 4869 1805 4936 sententia
1830 4890 1870 4934 ex
1890 4864 2020 4941 Psalm.
2036 4866 2114 4937 68.:
2138 4863 2217 4936 Sal-

1232 4992 1315 5035 vum
1336 4992 1391 5034 me
1408 4969 1463 5035 fac
1476 4966 1582 5047 Dens,
1607 4967 1645 5034 in
1662 4992 1731 5060 quo
1748 4967 1889 5037 Psalmo
1905 4969 2009 5057 longa
2026 4967 2218 5059 descriptio

1232 5084 1284 5139 est
1300 5070 1473 5159 passionis
1488 5064 1622 5137 Christi
1638 5083 1671 5138 et
1688 5072 1928 5140 membrorum
1945 5071 2032 5140 eius.
2070 5070 2127 5143 Ac
2140 5092 2216 5138 mo-

1231 5195 1359 5239 nemur
1383 5166 1450 5239 hoc
1472 5171 1566 5240 dicto
1589 5185 1627 5239 ut
1650 5172 1843 5259 patiamur,
1884 5173 1974 5242 sicut
1996 5172 2126 5242 Petrus
2150 5171 2217 5239 ait:

1232 5272 1314 5341 Non
1339 5287 1379 5343 ut
1399 5266 1616 5354 homicidae,
1643 5287 1702 5342 aut
1727 5275 1843 5359 sures,
1873 5278 1933 5343 sed
1953 5289 1992 5343 ut
2008 5269 2220 5355 Christiani,

1232 5375 1270 5443 id
1294 5390 1366 5461 est,
1396 5389 1541 5467 propter
1556 5375 1812 5445 confessionem
1833 5374 2031 5467 Evangelii.
2081 5372 2221 5467 Estque
