4522 5782
31 259 33 262 ,
108 188 208 272 rus
535 198 541 211 ·
671 178 798 254 ratu
826 181 943 260 unu,
969 179 1183 257 scatens
1210 156 1537 265 ememtes·
1731 165 1760 226 ·='
1818 170 1838 223 ·'
2057 192 2137 266 sats

60 414 62 420 -
114 380 147 437 et
164 361 324 434 accendit
345 359 449 430 fidem
467 369 500 428 et
518 354 607 428 alios
624 366 742 423 motus
764 353 985 445 spirituales,
1012 354 1102 426 sicut
1155 370 1330 435 catorum.
1385 356 1440 431 De
1464 354 1521 430 ltis
1543 359 1813 454 quaestionibus
1837 362 1931 434 alibi
1955 361 2141 454 copiose'et

114 471 160 540 ad
186 464 330 538 Galatas
344 464 378 533 8.
402 460 551 532 dicitur:
578 455 626 530 Ut
649 455 920 548 promissionem
946 454 1103 548 Spiritus
1156 461 1328 553 explicate
1350 459 1484 532 dictum
1508 476 1570 534 οη,

117 569 330 660 accipiamus
355 587 420 664 per
441 561 558 634 fidem.
611 557 709 628 Haec
730 573 814 629 sunt
836 559 939 627 initia
957 581 1103 648 regene—
1176 628 1179 633 ,
1966 635 1974 652 ·

117 672 264 742 rationis
289 665 545 748 inconversis,
580 665 624 731 de
645 686 713 755 qna
738 662 870 731 dicitur
894 659 1025 733 Roma.
1050 662 1104 732 8.:
1282 626 1491 702 ‘mundum
1519 628 1773 730 P7⁰⁶⁶⁶dml²5
1792 629 2045 734 pr⁰pltetsas.‘

119 773 192 865 Qui
227 773 355 865 spiritu
389 767 456 838 Dei
492 770 699 848 ducuntur,
738 759 778 832 hi
809 778 892 833 saint
926 764 989 831 filii
1026 761 1105 838 Dei.
1261 765 1299 834 ld
1326 782 1396 838 est:
1425 767 1525 839 Sicut
1547 782 1649 839 antea
1663 765 1822 841 habuisti
1846 774 1893 844 de
1912 787 1947 845 te
1969 775 2026 844 vel
2049 799 2141 870 super

118 877 232 950 ltem:
268 873 306 946 Si
331 872 409 966 quis
432 870 595 962 spiritum
623 861 755 937 Christi
778 891 850 935 non
885 861 1011 951 halset,
1046 861 1104 935 bic
1157 881 1192 939 te
1216 870 1418 940 testimonia
1445 870 1601 963 Spiritus
1625 874 1750 945 sancti.
1804 956 1805 959 Ἴ

120 1005 193 1051 non
221 991 271 1048 est
295 974 383 1046 eius.
435 971 665 1064 Nequaquam
695 968 788 1036 enim
823 964 890 1038 hoc
919 971 1107 1053 docemus,
1905 1043 1914 1064 ι
1984 1046 1992 1066 ¹

121 1078 303 1153 hominem
322 1079 453 1148 iustum
473 1098 564 1155 esse,
590 1085 651 1143 aut
674 1071 905 1154 sanctificari,
933 1086 995 1140 aut
1017 1072 1106 1138 libe·
1235 1033 1391 1108 Habffl
1413 1032 1533 1130 fidem
1563 1048 1595 1109 ⁶²
1622 1037 1760 1111 bonam
1786 1057 2065 1121 constantiam.

122 1186 194 1254 rari
211 1209 228 1252 a
248 1195 388 1272 peccato
405 1191 438 1247 et
456 1202 473 1244 a
493 1188 605 1243 morte
623 1189 763 1243 aeterna
786 1174 940 1265 propriis
959 1174 1108 1252 viribus,
1262 1173 1303 1243 ln
1328 1176 1397 1243 line
1420 1175 1529 1265 primi
1554 1177 1678 1268 capitis
1700 1183 1855 1253 redditio
1880 1199 1934 1256 est
1957 1211 2144 1279 congruens

123 1300 184 1355 aut
206 1282 419 1354 actionibus:
455 1280 513 1347 sed
540 1273 624 1346 haec
643 1275 873 1346 sanctificatio
895 1290 930 1344 et
952 1276 1101 1370 vivifica·
1160 1278 1203 1343 ad
1229 1277 1384 1350 initium.
1437 1276 1538 1348 Sicut
1567 1274 1727 1351 hortatus
1756 1306 1857 1370 sum,
1884 1299 1927 1356 ut
1960 1293 2143 1382 praecipias

123 1390 174 1459 tin
191 1409 281 1478 opus
296 1397 348 1453 est
365 1381 452 1467 Dei,
480 1378 665 1450 efficientis
684 1403 759 1447 eam
779 1400 843 1445 suo
865 1377 1003 1468 Spiritu
1027 1401 1108 1445 san·
1162 1378 1258 1457 aliis,
1292 1393 1332 1449 ut
1356 1381 1505 1451 doceant
1530 1381 1717 1464 salutaria,
1760 1387 1795 1454 id
1821 1393 2035 1462 mandatum
2061 1419 2145 1465 nunc

125 1507 201 1574 eto,
228 1504 263 1559 et
278 1502 362 1557 tunc
379 1485 491 1555 renati
511 1506 592 1550 vere
615 1497 697 1551 sunt
713 1480 884 1568 templum
904 1476 982 1547 Dei.
1033 1467 1305 1574 Etsilqnoque
1336 1482 1402 1549 tibi
1435 1486 1658 1553 cornmendo·
1711 1485 1851 1559 Rursus
1881 1507 2005 1564 autem
2035 1497 2144 1568 ingerit

124 1593 220 1664 enim
255 1585 342 1659 haec
376 1585 605 1656 sanctificatio
634 1597 683 1650 est
711 1583 907 1673 proprietas
941 1581 1111 1652 attributa
1164 1585 1269 1651 breve
1288 1585 1434 1668 dietum,
1460 1587 1556 1678 quod
1577 1587 1672 1655 velut
1690 1610 1827 1659 summa
1846 1606 1900 1665 est
1916 1597 2096 1668 doctrinae
2113 1602 2142 1669 in

124 1693 275 1786 Spiritui
297 1704 438 1774 sancto,
472 1703 590 1760 tamen
617 1708 738 1753 verum
765 1699 835 1764 est,
876 1685 982 1752 simul
1003 1698 1112 1754 totam
1163 1682 1320 1754 Ecclesia
1352 1687 1583 1756 necessariae:
1623 1683 1776 1759 Milites
1804 1689 1943 1765 bonam
1969 1696 2141 1783 militiam,

125 1795 348 1866 divinitatem
375 1814 468 1875 esse,
500 1788 590 1857 sicut
605 1786 722 1879 inquit
739 1783 916 1854 Dominus
940 1781 1016 1859 lon.
1037 1785 1112 1856 ts:
1166 1788 1320 1859 retinens
1353 1781 1469 1879 fidem
1502 1797 1535 1857 et
1569 1785 1707 1859 bonam
1741 1794 2043 1872 conscientiam.v
2088 1803 2140 1873 His

17 1894 19 1899 ’
126 1898 322 1967 Veniemus
342 1895 385 1963 ad
412 1915 511 1976 eum,
537 1902 570 1960 et
596 1889 816 1958 mansionem
839 1890 934 1978 apud
956 1912 1036 1956 eum
1061 1889 1114 1955 fa·
1164 1892 1305 1961 duobus
1328 1891 1441 1962 titulis
1463 1891 1711 1983 complectitur
1728 1908 1838 1967 totam
1856 1900 1971 1977 vitam
1985 1899 2137 1976 Christis-

127 2001 272 2070 ciemus.
320 1994 399 2066 lloc
416 1997 540 2082 ingens
557 1993 691 2061 bonum
710 1993 970 2079 agnoscendum
988 2004 1059 2073 est,
1080 2003 1115 2060 et
1165 2017 1265 2061 nam:
1294 2017 1403 2085 quare
1420 1995 1645 2065 notissimum
1660 1997 1706 2067 sit
1725 2001 1917 2085 omnibus,
1954 2019 1989 2077 et
2012 2009 2057 2078 sit
2076 2023 2135 2079 tan.

127 2103 204 2174 Deo
224 2098 355 2190 gratiae
369 2098 542 2187 agendae,
569 2094 664 2185 quod
683 2092 854 2161 immensa
871 2091 1114 2161 misericordia
1166 2119 1273 2188 quam
1297 2097 1417 2186 regula
1440 2097 1543 2167 vitae.
1596 2094 1688 2169 Cum
1710 2115 1828 2170 autem
1858 2108 2033 2180 voeabula
2051 2135 2133 2202 supra

129 2205 178 2277 ita
199 2227 236 2273 se
259 2214 403 2294 propter
427 2199 540 2267 lilium
566 2195 743 2276 demittit,
770 2208 810 2264 ut
832 2189 925 2264 hanc
949 2195 1115 2264 miseram
1166 2210 1327 2268 enarrata
1355 2199 1427 2269 sint
1453 2198 1491 2268 in
1518 2199 1629 2268 simili
1653 2202 1768 2286 dicto,
1803 2203 1905 2277 Finis
1928 2214 2080 2284 mandati
2096 2227 2132 2282 est

129 2321 292 2378 naturam
312 2316 345 2373 et
360 2323 506 2391 magnas
530 2300 652 2368 sordes
669 2292 785 2367 adhuc
809 2295 1115 2366 circumferentem
1166 2300 1311 2370 dilectio
1333 2314 1417 2384 ete„
1444 2325 1518 2369 non
1541 2302 1633 2371 addo
1656 2297 1713 2373 hic
1737 2304 1939 2397 longiorem
1961 2318 2131 2386 enarratio-

131 2424 249 2479 tamen
272 2406 437 2495 recipiat,
479 2418 512 2470 et
536 2424 616 2468 vere
640 2399 677 2467 in
700 2424 738 2468 ea
763 2399 873 2478 adsit,
903 2423 979 2467 eam
1003 2410 1116 2486 rogat,
1141 2460 1144 2487 ,
1166 2426 1264 2473 uem:
1294 2417 1431 2471 tantum
1449 2398 1517 2472 hoc
1534 2405 1682 2490 addam,
1707 2424 1902 2503 utrumque
1917 2429 2055 2506 oportet
2066 2419 2130 2505 regi,

132 2511 299 2581 defendat
322 2522 443 2576 contra
467 2502 647 2586 diabolos,
683 2515 714 2570 et
740 2502 818 2569 luce
835 2516 868 2570 et
886 2503 955 2569 vita
973 2514 1116 2570 aeterna
1141 2496 1145 2532 ²
1167 2505 1270 2573 fidem
1289 2519 1322 2575 et
1339 2507 1467 2574 bonam
1486 2506 1754 2593 conscientiam,
1788 2536 1863 2580 non
1889 2514 2128 2603 imaginationi-

29 2680 34 2686 .
133 2600 262 2683 donett
289 2621 323 2678 et
346 2630 508 2678 curemus
528 2600 595 2673 hoc
621 2617 758 2672 tantum
785 2603 920 2671 bonum
945 2605 1115 2687 retinere,
1168 2610 1234 2674 bus
1249 2602 1434 2688 humanis,
1461 2611 1520 2676 sed
1538 2611 1647 2678 verbo
1672 2607 1750 2681 Dei.
1805 2612 1907 2687 Sicut
1931 2618 2128 2691 dicitur&

133 2739 199 2784 nec
214 2711 461 2783 contristemus
485 2706 657 2797 Spiritum
677 2719 836 2774 sanctum
860 2704 957 2773 falsis
974 2705 1118 2795 opinio·
1143 2785 1146 2796 .
1168 2710 1228 2780 lat.
1255 2711 1370 2799 primo
1393 2711 1521 2801 capite:
1555 2709 1594 2782 Si
1614 2712 1693 2804 quis
1716 2715 1812 2785 aliud
1830 2714 2064 2809 Evangetium
2082 2725 2129 2792 dn

133 2819 258 2900 nibus,
285 2826 346 2883 aut
362 2813 519 2903 lapsibus
537 2822 659 2878 contra
676 2806 949 2891 conscientiam,
974 2821 1119 2897 propter
1143 2807 1147 2961 ἱ
1169 2825 1241 2891 cet,
1267 2806 1453 2881 anathema
1471 2813 1525 2882 sit.
1580 2813 1695 2898 ltem,
1711 2813 1841 2888 Psalm.
1864 2821 1970 2896 lta:
1996 2823 2127 2894 Lucem,

134 2915 419 3012 quosdeseritur
445 2907 554 2980 homo
579 2923 613 2980 et
637 2909 709 2981 ruit
733 2909 940 2999 inreguum
964 2908 1118 2994 diaboli,
1170 2915 1319 3004 pedibus
1350 2915 1437 2982 meis
1467 2915 1615 3008 verbum
1646 2930 1759 2990 turim.
1817 2919 1926 3003 Item,
1965 2922 2127 3002 Ezechieli,

133 3036 172 3092 υἱ
186 3023 223 3093 2·
237 3017 334 3089 Pelii
350 3020 385 3089 Ξ·
402 3015 545 3085 dicitur,
1170 3019 1282 3106 capite
1296 3016 1373 3085 20.:
1400 3015 1442 3085 ln
1460 3018 1651 3108 praeceptis
1667 3020 1754 3087 meis
1771 3025 1966 3102 ambulate.
2003 3028 2068 3099 Nec
2079 3029 2127 3097 fin.

171 3124 173 3131 ’
236 3119 451 3212 Quanquam
477 3131 593 3184 autem
613 3129 755 3184 renatus
777 3126 828 3181 est
851 3113 1023 3203 templum
1040 3111 1119 3196 Dei,
1170 3135 1253 3206 gant
1286 3119 1355 3187 sibi
1377 3114 1539 3187 homines
1563 3121 1617 3187 vel
1641 3122 1822 3209 dogmata,
1848 3126 1915 3196 'vel
1939 3131 2065 3211 cultus,
2089 3131 2127 3198 vel

137 3238 171 3295 et
187 3224 225 3292 in
240 3249 280 3292 eo
295 3245 415 3291 revera
434 3235 483 3287 cst
502 3217 689 3295 divinitas,
717 3230 752 3285 et
768 3238 921 3283 crescere
940 3215 979 3283 in
995 3240 1035 3284 eo
1052 3241 1118 3283 nu·
1170 3222 1420 3290 conscientiam
1438 3221 1512 3289 suis
1533 3221 1851 3309 imaginationibus
1872 3230 1950 3302 sine
1969 3236 2067 3304 verbo
2081 3231 2128 3303 Dei

137 3350 216 3395 vam
233 3327 347 3395 lucem
366 3338 397 3393 et
416 3319 728 3392 sanctificationem
750 3341 930 3385 accensam
946 3342 964 3384 a
982 3316 1119 3407 Spiritu
1171 3325 1227 3391 vel
1250 3339 1372 3393 contra
1397 3324 1545 3393 verbum
1571 3322 1647 3398 Dei.

137 3443 260 3498 sancto
286 3439 440 3515 oportet:
476 3436 592 3490 tamen
622 3415 706 3488 hacc
731 3420 904 3487 sententia
925 3434 1040 3486 manet
1060 3443 1119 3487 ve·

137 3553 195 3613 ra,
231 3549 416 3619 personam
441 3525 567 3592 iustam
593 3544 681 3603 esse,
714 3521 748 3588 id
778 3534 847 3603 est,
880 3521 1019 3610 placere
1044 3521 1119 3591 Deo

136 3618 214 3701 nou
226 3641 370 3721 propter
385 3626 595 3704 novitatem,
612 3625 670 3689 scd
688 3625 841 3711 reputari
859 3622 984 3690 iustam
1003 3624 1121 3713 impu·
1441 3596 1579 3706 capili
1629 3601 1875 3697 secundum.

136 3747 208 3804 tata
234 3728 430 3811 eiiusticia
447 3723 602 3808 Christi,
627 3738 661 3793 ct
685 3726 819 3814 placere
844 3740 987 3822 propter
1008 3726 1120 3794 lilium

137 3835 369 3904 mediatorem
391 3820 477 3900 ‘sola
509 3828 587 3896 lide.
650 3825 700 3896 lta
737 3842 926 3918 utrumque
955 3828 1123 3912 sciamus,
1275 3830 1389 3922 Supra
1406 3834 1450 3902 de
1464 3835 1604 3904 duobus
1624 3839 1820 3928 praecipuis
1834 3842 2013 3932 capitibus
2028 3848 2129 3917 dotari.

139 3936 216 4007 fieri
234 3933 498 4005 renovationem
521 3953 584 4020 per
607 3927 779 4019 Spiritum
806 3943 984 4008 sanctum,
1014 3945 1046 3998 et
1070 3944 1121 3997 ta·
1146 3975 1149 3995 ι
1173 3958 1238 4001 nae
1262 3934 1394 4003 dictum
1419 3951 1488 4015 est,
1525 3939 1687 4008 videlicet
1711 3944 1754 4009 de
1778 3941 1873 4032 Lege
1896 3960 1931 4016 et
1953 3946 2130 4041 Evangelio

139 4063 223 4109 men
243 4033 335 4107 hanc
355 4032 633 4104 consolationem
659 4034 702 4098 de
733 4031 968 4118 imputatione
998 4047 1122 4100 teuen-
1146 4067 1150 4148 Ι
1172 4035 1276 4105 Nunc
1300 4038 1495 4107 doctrinam
1512 4041 1556 4107 de
1573 4041 1676 4109 bonis
1698 4045 1866 4134 operibus
1892 4052 2012 4136 addit,
2042 4071 2070 4123 et
2089 4076 2130 4121 or·

140 4144 221 4210 dam
247 4163 329 4209 esse.
382 4132 430 4207 Et
451 4132 544 4205 hanc
566 4134 670 4200 tidem
696 4132 839 4200 caeteris
872 4133 1064 4205 virtutibus
1090 4149 1123 4203 et
1147 4177 1149 4195 ι
1173 4139 1271 4207 ditur
1290 4165 1307 4206 a
1325 4164 1462 4208 sannmo
1479 4165 1584 4228 opere
1598 4145 1693 4235 quod
1708 4160 1758 4215 est
1774 4151 1955 4236 precatio,
1979 4157 2022 4223 de
2036 4167 2130 4248 quaet

140 4239 359 4312 invocationi
382 4262 517 4329 semper
536 4234 757 4325 praelucere,
784 4234 879 4302 iuxta
904 4235 1013 4320 illud,
1045 4234 1122 4306 Ro.
1172 4235 1231 4308 hic
1254 4241 1350 4309 diest,
1402 4240 1561 4311 primum
1591 4246 1751 4316 omnium
1783 4248 1888 4320 facile
1922 4259 2130 4343 precationes,

139 4367 209 4414 ma.
233 4340 287 4417 5.:
336 4339 516 4411 lustilicati
550 4337 618 4405 fide
653 4330 987 4426 pacemhabemus.
1040 4336 1121 4406 Non
1173 4343 1373 4430 significans
1398 4344 1437 4412 id
1459 4340 1548 4435 opus
1577 4369 1650 4415 esse
1676 4349 1831 4436 primum
1855 4369 1889 4425 et
1919 4381 2086 4427 summum
2106 4359 2130 4425 in

139 4444 234 4515 enim
266 4445 384 4514 accedi
417 4453 531 4535 potest
563 4441 608 4509 ad
638 4441 748 4507 Deum
785 4438 861 4507 sine
896 4433 960 4507 hac
994 4463 1122 4510 conso·
1173 4447 1356 4527 credente,
1393 4461 1426 4515 et
1448 4449 1633 4537 proprium
1654 4446 1831 4522 Ecclesiae
1854 4456 1939 4530 Dei.
1991 4461 2129 4532 Continet

138 4545 282 4617 latione·
631 4578 635 4586 ·
1173 4562 1288 4616 autem
1305 4542 1363 4617 hic
1378 4548 1476 4618 locus
1491 4551 1742 4639 amplissimam
1759 4556 1962 4629 doctrinam
1980 4565 2020 4631 de
2036 4561 2129 4630 multis

241 4645 433 4738 Postquam
462 4657 580 4714 autem
616 4645 661 4712 de
698 4643 929 4713 conversione
965 4638 1122 4714 hominis
1172 4649 1296 4732 rebus,
1340 4651 1630 4740 deprecatione,
1666 4658 1711 4725 de
1733 4655 1913 4748 imperiis,
1957 4666 2001 4734 de
2027 4665 2129 4732 finitus

139 4751 372 4823 dictumest:
415 4745 544 4817 deinde
567 4745 734 4816 usitatum
760 4757 810 4814 est
836 4749 966 4815 addere
989 4748 1121 4817 doctri·
1172 4773 1234 4819 seu
1263 4751 1391 4821 officiis
1415 4753 1667 4843 imperiorum,
1704 4758 1750 4825 de
1779 4763 1968 4834 vocatione
1998 4768 2128 4835 omnium

137 4878 221 4925 nam
242 4854 287 4923 de
308 4847 419 4919 bonis
435 4848 622 4938 operibus,
652 4871 758 4941 quam
779 4848 930 4917 docendi
953 4872 1053 4918 causa
1082 4849 1119 4917 in
1171 4848 1377 4943 hominum,
1400 4857 1484 4925 item
1503 4870 1624 4927 contra
1643 4861 1986 4961 προσωποληψίαν,
2012 4869 2086 4939 item
2098 4869 2126 4932 dc

137 4951 201 5027 lias
222 4952 449 5049 quaestiones
478 4949 665 5024 distribuo.
718 4947 853 5019 Prima:
888 4948 989 5039 Quae
1014 4975 1119 5041 opera
1171 4955 1374 5027 mediatore.
1443 4954 1581 5028 Deinde
1615 4976 1798 5054 praecepta
1831 4981 1866 5036 et
1901 4971 2126 5042 consolationes

137 5059 209 5128 sint
228 5056 402 5130 facienda,
452 5052 630 5123 Secunda:
665 5048 855 5139 Quomodo
878 5053 954 5122 ficri
973 5055 1119 5143 possint.
1144 5082 1146 5098 .
1170 5058 1343 5128 matribus
1369 5062 1570 5132 traduntur,

137 5157 277 5229 Tertia:
319 5156 511 5247 Quomodo
541 5153 719 5246 placeant,
760 5179 840 5223 cum
873 5156 1049 5248 reliquum
1079 5110 1146 5258 in,l
1271 5159 1431 5231 Primum
1453 5177 1569 5232 autem
1600 5158 1658 5234 hic
1683 5164 1794 5236 lector
1823 5168 1998 5263 integram
2025 5173 2126 5246 doctri.

134 5261 239 5330 nobis
254 5261 297 5332 sit
312 5273 503 5351 peccatum.
555 5251 707 5345 Quarta:
728 5253 881 5346 Propter
897 5281 984 5350 quas
998 5281 1117 5327 causas
1142 5264 1143 5270 ’
1168 5285 1250 5331 nam
1274 5263 1317 5331 de
1345 5264 1569 5334 invocatione
1595 5268 1689 5358 apud
1720 5291 1794 5340 sese
1824 5277 1976 5370 cogitet,
2016 5278 2125 5372 qualem

131 5362 291 5433 facienda
307 5361 389 5436 sint.
442 5358 594 5450 Quinta:
626 5354 734 5448 Quod
753 5357 797 5428 sit
820 5359 1009 5432 discrimen
1035 5387 1115 5455 pcc·
1139 5412 1141 5417 -
1166 5387 1239 5434 esse
1258 5364 1517 5439 invocationem
1535 5368 1573 5437 in
1590 5364 1746 5442 Ecclesia
1770 5389 1945 5465 oporteat.
1997 5381 2125 5451 Primum
