4522 5782
41 141 125 277 'pm
251 158 415 289 Ιιιιι.
464 162 500 235 s.
531 156 830 239 anaantrso
855 158 1009 239 aersr.
1033 160 1193 275 rann
1208 162 1275 239 an
1301 158 1564 244 rtouanos.
1614 158 1718 243 car.
1745 166 1811 245 ιιι.
2004 166 2081 283 etp

115 426 118 431 .
146 328 247 405 Anni
265 346 347 404 sunt
363 334 407 403 ab
422 335 515 404 exitu
538 358 578 403 ex
596 330 757 429 Aegypto
780 336 954 430 usquead
977 360 1031 405 re·
1086 336 1218 407 tissime
1229 330 1348 408 ¹ratam
1363 362 1436 408 esse
1454 340 1722 430 promissionem
1743 340 1912 411 omnibus
1931 343 2078 413 ereden-

43 438 300 507 surrectionem
323 430 457 507 Christi
478 433 589 510 1545.
642 436 820 505 'l'amdin
847 438 883 506 in
910 438 1033 507 eodem
1085 440 1201 524 tibus,
1226 454 1265 509 nt
1292 441 1547 512 iutmdtctmr.
1609 440 1698 511 ldeo
1724 468 1764 511 ex
1785 444 1853 511 fide
1877 430 2003 533 gratis,
2038 458 2077 517 ut

13 538 194 627 'vestigio
215 537 383 607 mansisse
407 532 600 607 Ecclesiam
634 550 668 606 et
693 539 873 608 doctrinae
903 542 1034 620 sedem,
1086 542 1184 609 tirma
1207 541 1465 633 sitpronrissio.
1929 534 1933 541 ¹
2073 534 2078 545 '

45 640 114 708 tuis
131 639 257 729 ingens
272 639 417 708 hornam.
473 638 624 730 Propter
638 636 701 707 has
721 664 840 709 causas
859 642 1034 731 intellige·
1187 638 1351 711 Citautur
1367 659 1483 711 runem
1502 638 1560 711 hic
1578 644 1669 714 dicta
1695 669 1735 713 ex
1752 642 1921 729 Psalmis,
1946 658 1986 715 ut
2009 669 2075 714 an-

43 740 133 813 bant
147 740 305 811 seniores
320 741 478 833 politiam
498 740 692 811 Mosaicam
710 742 938 812 constitutam
952 766 1036 811 esse.
1087 738 1222 814 tithesis
1253 762 1376 833 augeat
1408 745 1703 835 perspicuitatem.
1764 744 1858 815 Deus
1884 761 1935 819 est
1958 770 2074 841 verax,

46 838 141 913 Nam
166 856 206 913 ut
231 857 344 913 certus
367 855 454 912 esset
478 843 649 935 populus,
676 844 829 912 discerni
846 869 925 913 eum
944 842 1035 933 poli·
1085 846 1201 914 omnis
1230 860 1345 915 autem
1372 842 1478 913 henim
1503 850 1662 921 inacidax.
1715 844 1841 917 Servat
1865 848 1959 917 enim
1976 842 2074 917 Deris'

44 944 127 1015 ticis
148 944 300 1014 vinculis
326 959 359 1015 et
383 944 511 1015 ritibus
527 948 572 1015 ab
588 946 667 1013 aliis
685 946 849 1035 gentibus
866 946 1035 1034 oportuit.
1085 950 1274 1038 proruisse,
1307 948 1411 1016 etiam
1439 949 1614 1037 irulignis,
1656 962 1920 1039 proptersuam
1946 934 2074 1017 recita·

44 1042 94 1117 Et
116 1046 156 1115 in
184 1045 312 1116 ritibus
335 1047 506 1133 elegantia
535 1046 718 1131 exercitia,
760 1061 793 1116 et
822 1047 919 1135 signa
947 1070 1036 1139 spirare
1087 1063 1156 1118 tem
1175 1062 1208 1117 et
1224 1050 1430 1120 bonitatem.
1484 1046 1613 1117 Omnis
1630 1044 1737 1117 lmmo
1760 1051 1928 1130 mendax,
1954 1050 2074 1141 idest,

46 1144 163 1245 essent
178 1148 254 1243 typi
272 1148 516 1238 promissionis
532 1149 651 1217 addita
668 1162 762 1229 sunt.¹
804 1144 927 1241 ltaque
942 1144 1035 1215 Pau·
1086 1150 1140 1219 vel
1174 1174 1316 1238 prorsus
1343 1150 1533 1233 dubitans,
1566 1151 1621 1221 vel
1646 1150 1767 1219 multis
1788 1138 2073 1220 dubitationilur's'

46 1250 103 1320 lus
128 1250 167 1317 in
190 1248 304 1340 prima
328 1250 561 1340 promissione
581 1250 686 1339 longe
712 1250 862 1318 antefert
887 1246 1035 1318 lcrdaeos
1085 1252 1303 1337 conllictaus,
1321 1278 1384 1320 nec
1401 1253 1501 1321 valde
1518 1252 1666 1335 timeus,
1682 1276 1747 1320 ricc
1763 1252 1911 1321 tirmiter
1926 1252 2073 1321 cced'ens

52 1348 247 1421 Gentibus.
299 1348 413 1434 Dicit,
439 1374 499 1421 eos
517 1350 743 1442 amplissimis
758 1350 937 1419 beruficiis
953 1374 1035 1441 prae
1086 1352 1171 1423 Deo.
1210 1352 1300 1423 Nam
1316 1371 1349 1425 ct
1364 1356 1402 1423 in
1420 1354 1549 1423 sttttclls
1569 1349 1697 1423 horum
1715 1352 1883 1425 vitiorum
1899 1348 2070 1445 reliquiae

45 1451 127 1524 aliis
150 1466 295 1525 ornatos
322 1454 454 1537 scrisse,
496 1478 586 1545 qnae
620 1453 692 1519 iam
720 1452 925 1521 brevissime
947 1452 1035 1521 reci·
1086 1469 1264 1529 maneant.

44 1554 212 1629 terimus.

148 1671 199 1745 Et
219 1687 302 1743 sunt
323 1673 474 1761 insignia
496 1674 688 1743 verborum
705 1670 876 1764 pondera.
928 1672 1036 1757 Dicit,

47 1776 206 1849 multum
231 1791 266 1847 eg
288 1777 454 1846 omnibus
477 1775 591 1858 modis
619 1776 845 1861 antecellere,
868 1774 952 1867 quia
976 1800 1034 1842 ve.
1188 1758 1299 1827 Atltlit
1314 1756 1411 1825 allutl
1430 1756 1690 1840 leslimonium,
1716 1756 1811 1847 qllOd
1828 1750 1982 1827 (lell'lllli
2006 1778 2075 1826 no-
2115 1794 2120 1807 ¹

44 1876 227 1949 tlsslmllm
242 1892 310 1964 est,
337 1901 500 1966 magnam
515 1878 622 1947 fuisse
637 1879 910 1970 amplitudinem
928 1877 1036 1944 bene.
1086 1861 1138 1929 bls
1153 1860 1358 1949 dignitatern
1377 1884 1436 1927 δθιι
1455 1860 1603 1947 gloriam
1621 1858 1777 1927 iustitiae
1799 1872 1833 1929 el
1855 1856 2074 1927 merllorum.

47 1980 233 2063 liciorum,
267 1982 310 2049 de
337 1980 466 2072 quibus
490 1968 588 2063 dixi,
625 2004 778 2072 quorum
803 1980 1035 2071 praecipuum
1084 1960 1252 2033 Continet
1267 1976 1382 2029 autem
1409 1958 1466 2027 hic
1491 1982 1610 2028 versus
1637 1974 1669 2028 et
1695 1960 1893 2029 doctrinam
1916 1980 2077 2027 necessa·
2173 2040 2187 2069 Ι

49 2078 127 2175 5950
154 2076 213 2151 hic
236 2081 463 2173 esseinquj12
492 2080 598 2168 Quod
619 2077 703 2151 huic
720 2082 893 2163 familiae,
916 2082 952 2147 id
975 2091 1038 2161 ρει,
1086 2065 1175 2133 riam
1199 2064 1243 2131 de
1271 2062 1489 2179 confessione
1515 2060 1917 2177 nostraeindignitatis,
1943 2072 1977 2128 et
1992 2060 2076 2129 dul-

47 2183 197 2276 poneris
221 2179 406 2267 Abrahae,
436 2183 564 2253 [radim
587 2197 638 2253 est
661 2183 850 2275 promissio
875 2180 1037 2251 Messige,
1087 2167 1263 2237 tissimum
1279 2165 1569 2232 cottsnlaltourrn.
1623 2160 1707 2229 Trlu
1728 2175 1864 2230 lantum
1889 2184 1966 2229 sum
1993 2185 2076 2251 pec·

49 2282 122 2357 Ubi
148 2286 253 2356 etiam
279 2285 409 2372 insigni
435 2286 543 2352 verbo
566 2307 649 2354 usus
680 2298 751 2368 est,
778 2283 1035 2355 Promissiones
1059 2290 1066 2389 Ῑ
1088 2281 1205 2352 cthr.
1230 2288 1290 2334 ⁸⁰1¹
1310 2266 1478 2357 quiddam
1496 2288 1594 2369 teum
1611 2262 1804 2379 tldfgttuffl
1822 2286 1951 2352 poene,
1968 2263 2076 2381 ‘quod

49 2399 132 2457 sunt
147 2388 411 2455 commendatae
432 2387 500 2469 eis,
525 2409 586 2455 seu
610 2388 784 2474 creditae,
812 2388 939 2471 idest,
966 2385 1035 2477 ipsi
1088 2372 1216 2451 felem,
1250 2382 1291 2437 ¹1²
1316 2381 1354 2436 ω
1378 2368 1489 2439 'kusins
1516 2388 1760 2457 Ριθῐιῦῐῐίιθιι5
1787 2390 1864 2433 ⁰⁰¹⁰
1892 2385 2017 2453 Ρῠῐιιίι
2043 2376 2078 2433 ‘l

47 2488 133 2559 lacti
148 2503 233 2559 sunt
249 2491 410 2559 custodes
427 2488 712 2578 promissionum.
763 2484 812 2557 Et
827 2489 896 2557 fuit
914 2489 1038 2576 ingens
1089 2471 1306 2541 villelmum
1331 2468 1516 2547 iudicaris,
1551 2468 1586 2534 id
1615 2480 1686 2550 ⁰⁵¹,
1713 2491 1792 2534 ⁶¹¹¹ss
1817 2461 2078 2559 ῙθῙιΥΡῡῑῑῖῑθὲ

50 2589 313 2683 praerogativa,
353 2613 479 2658 sonare
509 2590 547 2657 in
576 2586 642 2658 hac
673 2590 807 2659 familia
830 2590 1035 2682 promissio.
1090 2574 1263 2644 iudicant:
1297 2571 1388 2641 sicul
1410 2571 1483 2638 sete
1505 2563 1805 2638 omnesltontlttes
1828 2568 1866 2636 ιιι
1888 2564 2078 2636 clamitati-

52 2714 143 2765 ffl,
207 2686 255 2761 Ει
279 2715 414 2781 ,emper
445 2692 494 2759 ibi
519 2693 637 2784 aliqua
663 2707 747 2761 sum
772 2716 854 2759 vera
877 2694 1036 2759 membra
1090 2678 1156 2745 bus
1178 2675 1349 2764 cogitant,
1390 2670 1504 2740 Deum
1536 2670 1591 2739 vel
1619 2669 1792 2739 iniustum
1817 2669 1873 2737 vel
1895 2668 2076 2736 crudelem

1150 1620 1202 1693 Ul
1219 1619 1257 1690 iu
1274 1614 1499 1711 iustificeris,
1528 1630 1566 1689 ιιι
1583 1619 1705 1689 cincus
1723 1644 1802 1689 eum
1820 1614 2012 1694 iudiceris.
2064 1646 2068 1655 ·

52 2808 214 2865 aeternae
235 2794 431 2882 Ecclesiae,
466 2794 528 2861 ubi
554 2818 620 2862 viix
655 2793 898 2884 promissionis
926 2805 1040 2875 sonat,

53 2896 142 2966 sicut
157 2894 244 2964 alias
259 2917 362 2985 saepe
377 2895 530 2980 dicitur,
549 2893 592 2963 ln
609 2910 710 2966 coetu
729 2909 932 2965 vocatorum
951 2918 1041 2963 sem·

52 3018 114 3089 pcc
127 2996 267 3089 aliquos
285 3020 357 3067 csse
374 2998 511 3066 electos.
877 2988 885 2997 ’

153 3111 224 3185 Sed
246 3113 364 3183 statim
389 3113 615 3202 adiungenda
637 3127 689 3183 est
712 3124 745 3182 et
767 3112 876 3181 altera
894 3135 1040 3202 cespon-

56 3214 119 3286 sio.
172 3214 254 3284 Non
277 3215 558 3285 antecelluerunt
576 3213 718 3297 Iudaei,
745 3217 840 3307 quod
864 3216 907 3283 ad
935 3214 1041 3281 meri-

55 3330 131 3387 turn
147 3317 294 3401 attinet,
320 3317 446 3399 idest,
473 3342 537 3386 nec
557 3318 783 3386 merebantur
799 3317 1040 3386 remissionem

57 3431 300 3509 peccatorum,
326 3444 389 3487 nec
405 3433 504 3488 eram
525 3418 608 3486 iusti
633 3420 707 3505 lege
724 3443 841 3487 coram
859 3415 954 3501 Deo,
980 3417 1038 3485 sed

55 3518 129 3605 illi,
151 3522 213 3614 qul
235 3518 312 3590 Deo
339 3521 557 3589 reconciliati
575 3535 675 3599 sunt,
705 3522 773 3587 lide
794 3536 937 3610 propter
962 3542 1042 3608 pro-

57 3624 201 3693 missam
215 3620 384 3693 Messiam
400 3622 531 3713 recepti
548 3636 651 3707 sunt,
670 3636 704 3691 et
720 3622 789 3690 lide
804 3623 888 3691 iusti
906 3635 1016 3695 eraut.

106 3833 215 3935 Quid
230 3837 347 3926 enim,
367 3836 516 3908 etiamsi
528 3836 655 3935 aliqui
667 3864 742 3909 nun
756 3834 993 3911 crediderunt.

156 3976 286 4049 luserit
305 3992 339 4047 et
355 3978 440 4046 alias
458 3978 701 4070 quaestiones,
729 3993 767 4049 ut
785 3980 822 4049 fit
850 3979 886 4046 in
916 3977 1043 4046 diflici-

55 4080 150 4151 libus
167 4080 430 4167 controversiis.
472 4076 562 4149 Cum
581 4080 745 4165 dixisset,
774 4081 1043 4171 promissionem

55 4185 188 4273 gratiae
218 4184 382 4251 traditam
414 4204 487 4249 esse
518 4175 683 4250 Abrahae
716 4197 749 4251 et
779 4185 853 4251 eius
886 4182 1044 4271 posteris,

56 4287 214 4379 sparserit,
242 4308 292 4357 an.
310 4270 384 4352 rat‘a
411 4284 475 4366 sit,
503 4308 582 4351 cum
608 4298 677 4351 tarn
700 4286 803 4352 multi
829 4285 900 4354 sint
918 4284 1043 4351 etsue-

56 4388 130 4458 rint
156 4386 276 4475 impii,
299 4385 362 4478 qni
386 4408 461 4453 earn
485 4386 660 4473 aspernati
686 4388 793 4455 sunt?
828 4384 1045 4475 Respondet,

55 4486 327 4581 promissionem
358 4498 469 4556 ratam
505 4509 603 4572 esse,
641 4488 777 4556 etiamsi
803 4487 948 4577 plurimi
973 4510 1044 4553 non

55 4592 219 4663 credunt.

161 4704 377 4777 Consideres
394 4716 530 4790 autem,
554 4700 614 4772 hic
636 4703 865 4773 necessariam
888 4706 1046 4774 consola·

57 4810 193 4880 tionem
213 4807 318 4877 nobis
337 4807 509 4899 proponi,
539 4820 661 4893 contra
680 4806 858 4895 vulgarem
883 4810 1049 4876 tentatio-

56 4938 163 5002 nem,
192 4934 282 5003 quae
300 4909 402 4977 valde
417 4922 599 5000 oppugnat
617 4909 722 4975 fidem
741 4906 807 4977 hoc
825 4927 1048 4999 argumento:

56 5014 150 5087 Cum
167 5012 230 5082 alii
245 5025 317 5081 tam
342 5011 444 5079 multi
462 5023 624 5099 pereant,
656 5032 743 5078 num
766 5024 799 5079 te
816 5028 916 5100 putes
939 5008 1048 5081 aDco

59 5131 234 5207 praetem
254 5112 374 5181 miritis
397 5110 531 5201 recipi?
557 5108 626 5178 Hic
648 5113 816 5202 exemplis
829 5111 961 5181 Paulus
982 5139 1046 5206 op-

59 5218 163 5308 ponit
188 5213 459 5306 promissionem
482 5208 568 5290 Dci,
596 5223 630 5280 et
651 5212 837 5283 immotum
862 5238 1050 5305 argumen-

58 5336 154 5404 tum,
183 5318 277 5411 quod
295 5312 390 5384 Deus
404 5316 450 5386 sit
466 5338 579 5381 verax·
632 5310 836 5385 Statuamus
852 5317 959 5406 igitur
974 5342 1048 5389 cer.

110 5420 300 5493 Macares.
329 5420 433 5487 Oeen.
458 5418 541 5483 Vos..
570 5416 648 5485 XV.

1091 2802 1181 2861 esse,
1218 2791 1249 2843 et
1273 2771 1365 2843 hanc
1390 2772 1604 2843 imbecillem
1627 2786 1788 2841 naturam
1812 2770 1919 2837 ninus
1942 2766 2079 2857 magnis

1091 2879 1270 2948 aerumnis
1294 2900 1453 2949 onerare.
1521 2870 1629 2943 Multi
1662 2875 1765 2941 etiam
1789 2872 1964 2951 srenmnt,
1998 2892 2078 2938 cum

1091 2984 1161 3049 sint
1180 2978 1408 3064 benemeriti,
1435 2993 1474 3048 ιιι
1494 2974 1600 3058 Saul,
1627 2974 1682 3041 vcl
1700 2998 1821 3041 causas
1837 2974 2000 3041 iustiores
2016 2974 2079 3040 de·

1091 3083 1286 3160 senderint,
1316 3096 1354 3149 ut
1367 3078 1472 3161 Cato,
1500 3089 1672 3147 ettamen
1696 3098 1732 3142 se
1756 3074 1911 3171 opprimi
1935 3069 2104 3141 calami-.

1092 3185 1239 3265 tatibus,
1266 3182 1354 3250 sicut
1372 3180 1581 3270 Pompeius,
1605 3176 1713 3260 Cato,
1737 3172 1890 3261 Brutus,
1924 3174 1968 3243 de
1985 3196 2070 3265 pro-

1091 3286 1247 3355 videntia
1264 3284 1509 3375 quaesti'sunl.

1192 3386 1262 3456 Sed
1289 3382 1416 3453 Daniel
1442 3382 1611 3451 clamitat:
1648 3378 1733 3448 Tibi
1750 3376 1905 3449 Domine
1930 3374 2080 3456 iusticia,

1091 3490 1195 3557 nohis
1217 3501 1334 3555 autem
1355 3486 1514 3554 curtiusio
1536 3482 1635 3551 faciei
1660 3496 1809 3552 nostrae.
1862 3475 1910 3550 Et
1933 3476 1997 3548 lob
2022 3476 2080 3545 in-

1093 3592 1186 3683 quit:
1218 3588 1308 3655 Vere
1324 3589 1407 3672 scio,
1432 3588 1528 3681 quod
1545 3610 1616 3652 ιιοιι
1636 3584 1840 3653 iustificetur
1858 3576 1965 3649 homo
1981 3604 2080 3649 com-

1094 3706 1234 3783 paratus
1260 3686 1335 3758 Deo
1361 3702 1425 3761 etc.
1492 3685 1639 3757 Etiamsi
1668 3685 1837 3754 occiderit
1868 3706 1941 3764 me,
1975 3682 2013 3750 in
2039 3704 2079 3748 eo

1093 3796 1252 3883 sperabo.
1320 3788 1560 3859 Veruntamen
1591 3788 1664 3855 vias
1696 3811 1791 3854 meas
1824 3784 1860 3851 in
1891 3795 2080 3871 conspectu

1095 3888 1170 3965 eius
1187 3917 1347 3983 arguam,
1372 3907 1405 3962 et
1429 3894 1502 3982 ipse
1526 3890 1592 3959 ecit
1618 3889 1772 3957 salvator
1791 3906 1907 3966 meus,
1935 3906 1998 3951 nec
2018 3905 2080 3950 ve-

1095 3998 1168 4066 niet
1187 3998 1222 4063 iu
1242 4007 1468 4082 conspectum
1491 3992 1565 4060 eius
1589 3990 1704 4061 omnis
1730 3984 1933 4082 hypocrita,
1959 3984 1995 4051 id
2019 3996 2081 4068 est,

1095 4099 1154 4191 qui
1173 4098 1247 4166 vult
1261 4098 1424 4165 accedere
1441 4119 1500 4163 sua
1520 4093 1667 4161 iusticia.
1694 4088 1740 4159 Et
1766 4090 1958 4178 imperator
1974 4082 2081 4155 Mau-

1095 4200 1201 4269 ricius
1218 4198 1352 4291 inquit:
1379 4195 1496 4268 lustus
1513 4218 1549 4264 es
1564 4191 1741 4273 Domine,
1768 4204 1802 4260 et
1824 4200 1959 4259 rectum
1984 4184 2081 4257 iudi·
2128 4278 2131 4283 Ι

1095 4303 1188 4372 cium
1205 4314 1318 4372 tuum.
1587 4360 1593 4369 .

1197 4399 1288 4472 Cum
1316 4401 1423 4489 igitur
1448 4398 1564 4488 iuquit
1590 4393 1731 4463 David:
1771 4388 1820 4461 Ut
1852 4390 1971 4460 vincas
1998 4416 2079 4462 cnm

1096 4506 1282 4588 iudicaris,
1318 4503 1475 4572 intuetur
1500 4496 1701 4592 hypocritas
1731 4509 1933 4564 accusantes
1958 4495 2077 4563 Deum

1098 4606 1297 4677 iniusticiae
1317 4605 1371 4671 vel
1396 4601 1630 4682 crudelitatis,
1656 4612 1689 4665 et
1705 4596 1876 4679 ostendit,
1902 4590 2080 4665 Ecclesiae

1098 4709 1352 4778 confessionem
1375 4702 1453 4773 Deo
1478 4703 1631 4772 tribuere
1657 4702 1797 4768 landem
1831 4695 2012 4783 Iustieiae,
2046 4712 2079 4767 et

1099 4826 1281 4901 propterea
1307 4808 1546 4876 obedientiam
1569 4802 1688 4895 aliquo
1712 4800 1818 4868 modo
1844 4801 2080 4867 voluntariam

1098 4916 1135 4982 in
1157 4912 1279 5001 poenis
1295 4923 1489 5001 praestare,
1505 4908 1598 4975 iuxta
1614 4905 1720 4972 illud:
1749 4899 1999 4970 llumiliamini
2014 4900 2080 4966 sub

1100 5015 1234 5105 potenti
1258 5035 1365 5080 manu
1381 5008 1458 5081 Dei.
1518 5006 1632 5077 ltem:·
1651 5002 1763 5075 Orate
1789 5004 1864 5071 sine
1879 5005 1930 5069 ira
1958 5015 1991 5069 et
2006 5001 2082 5069 sine

1099 5114 1340 5186 haesitatione.

1200 5214 1296 5297 Haec
1320 5218 1363 5285 de
1386 5214 1546 5283 doctrina
1569 5208 1798 5279 confessionis
1822 5207 1857 5272 iu
1888 5198 1954 5269 hoc
1978 5226 2081 5270 versu

1102 5319 1258 5413 primum
1282 5318 1535 5389 consideranda
1567 5326 1661 5386 sunt.
1713 5308 1837 5377 Postea
1866 5304 2022 5374 discatur
2051 5318 2085 5374 et

1551 5408 1602 5485 54
