4522 5782
103 222 182 299 sus
494 262 497 267 .
556 160 562 279 ἶ
625 199 1588 287 sfrusnuunscnuraaxuonueu-
1726 214 1955 289 ηιμ]
2067 206 2144 291 saa

106 396 204 495 quod
220 384 336 465 adhoc
349 381 493 457 haereat
506 380 546 455 in
560 378 665 453 nobis
685 391 885 473 peceatum,
909 398 982 472 qno
1006 400 1096 449 eon·
1153 375 1293 452 Tenere
1317 392 1354 452 et
1375 379 1535 451 confiteri
1559 375 1796 479 Euangeliou
1831 379 2010 456 divinitus
2034 371 2149 457 tradi·

1 565 3 573 .
106 484 328 574 “minantur
350 488 456 563 etlam
478 488 574 559 bona
597 504 717 576 opera.
770 480 855 553 ldeo
877 502 1032 551 crescere
1057 480 1096 551 in
1153 497 1248 568 tum,
1279 478 1411 553 habere
1428 486 1638 554 mandatum
1662 498 1698 555 et
1720 484 2000 577 promissionem
2025 489 2072 559 de
2091 488 2144 559 in·

108 602 214 675 nobis
234 586 371 689 'agnitio
394 605 536 663 nostrae
553 583 784 658 infirmitatis
815 596 848 655 et
877 582 1095 674 poenitentia
1152 586 1339 659 vocatione
1355 598 1390 656 et
1406 587 1450 655 de
1466 583 1649 657 sacrificio.

61 765 65 772 .
107 707 226 779 debet.
273 695 416 771 Deinde
437 694 500 766 etsi
523 715 596 763 non
619 711 742 761 snmus
765 685 850 757 iusti
873 697 1019 778 propter
1032 709 1100 757 no·
1255 686 1352 758 llaec
1367 688 1524 787 primum
1543 700 1751 779 competunt
1766 683 1933 772 Christo,
1961 712 2139 783 perqnen

109 824 198 881 strss
213 804 378 885 virtutes,
403 810 523 867 tamen
539 807 724 885 postquam
743 789 813 858 lide
829 787 1049 859 reconciliati
1065 801 1101 858 et
1152 791 1346 863 revelatum
1369 804 1420 860 est
1439 784 1696 880 Evangelium,
1736 791 1800 883 qui
1828 792 1928 863 solus
1957 787 2069 863 habet
2091 791 2140 865 im

109 910 194 983 iusti
207 914 350 988 sumus,
372 901 485 994 placet
499 899 604 969 etiam
619 896 758 965 incoata
774 889 996 971 obedientia,
1020 914 1099 960 non
1152 892 1396 966 intercedendi
1428 916 1493 983 pro
1517 894 1618 977 aliis,
1652 906 1688 963 et
1708 893 1884 966 offerendi
1904 892 2073 966 sacrificii
2090 894 2139 967 aui

110 1014 194 1110 quia
216 1005 403 1081 satisfaciat
433 1001 518 1092 tegi,
544 1012 605 1069 aut
630 996 713 1090 quia
736 994 782 1064 sit
802 994 880 1063 siue
905 992 1013 1077 vitio,
1040 994 1101 1063 sed
1153 1020 1218 1090 pro
1234 996 1326 1069 aliis.
1377 992 1516 1067 Deinde
1535 991 1701 1068 Christus
1718 997 1767 1067 ita
1788 997 1950 1089 impertit
1973 991 2138 1069 bonoa-

111 1128 257 1211 propter
271 1102 454 1181 Christum
480 1101 701 1195 pontificem,
725 1095 1012 1190 interpellantem
1037 1119 1102 1190 pro
1151 1097 1343 1171 sacerdotii
1357 1097 1602 1184 credentibus,
1621 1098 1705 1193 quia
1721 1101 1781 1170 dat
1797 1099 1847 1168 eis
1864 1100 2017 1171 verbum
2033 1120 2137 1185 suurn

111 1216 219 1291 nubis
241 1227 306 1284 etc.
1153 1216 1189 1274 et
1205 1201 1304 1272 addit
1323 1200 1611 1292 promissionem,
1629 1201 1726 1294 quod
1747 1201 1980 1272 exauditurus
1995 1196 2136 1277 stetten
2157 1288 2159 1295 ¹

213 1313 310 1387 llaec
323 1309 483 1381 doctrina
499 1328 626 1396 magna
644 1300 841 1373 consolatio
863 1314 916 1371 est
942 1298 1032 1392 piis,
1068 1310 1103 1369 et
1154 1305 1379 1385 invocantes,
1420 1314 1455 1374 et
1485 1303 1595 1374 donat
1621 1304 1672 1374 eis
1704 1303 1960 1374 suisacribcii
1981 1304 2136 1381 frudun.

111 1418 319 1511 magnitudo
336 1403 773 1514 misericordiaehortatur
788 1405 830 1473 ad
844 1405 934 1472 bene
950 1424 1103 1492 operan·
1153 1405 1293 1477 Deinde
1310 1383 1355 1475 ab
1379 1403 1464 1497 ipsis
1487 1406 1594 1478 ctiam
1620 1406 1772 1499 requirit
1795 1405 1988 1491 sacrificia,
2016 1406 2159 1481 stillosti

112 1529 211 1596 dum.
276 1515 368 1588 Cum
393 1513 487 1583 enim
512 1510 613 1581 audit
636 1509 693 1598 pia
718 1530 819 1574 meus
843 1518 938 1575 certo
964 1504 1102 1596 placere
1153 1509 1433 1588 contessionem,
1467 1508 1766 1580 etobedientiam
1789 1508 1829 1579 iu
1851 1507 1959 1581 bonis
1981 1508 2159 1603 operibus.

112 1623 206 1698 hanc
232 1617 582 1714 quantulamcunque
606 1607 845 1680 obedientiam
872 1621 907 1676 et
931 1606 1103 1677 contami·
1154 1624 1190 1683 et
1206 1609 1473 1685 afflictionibus,

114 1741 251 1807 natam,
276 1744 357 1791 cum
377 1717 477 1786 ondit
496 1716 630 1785 cultum
647 1709 714 1781 Dei
737 1725 769 1779 et
788 1709 997 1779 sacrifitium
1019 1731 1104 1791 esse,
1256 1708 1349 1783 Cum
1373 1712 1484 1803 igitur
1507 1712 1689 1783 eredentes
1711 1713 1784 1784 sint
1806 1714 2026 1800 sacerdotes,
2064 1736 2159 1811 con-5

114 1826 211 1901 haud
247 1823 356 1894 dubie
389 1818 612 1899 accenditur,
644 1826 683 1885 ut
715 1837 791 1883 eam
826 1812 960 1881 maiore
984 1812 1105 1881 studio
1155 1814 1319 1886 sinuatur
1333 1828 1369 1886 ct
1383 1810 1515 1885 Paulus
1530 1810 1590 1885 hic
1615 1818 1661 1885 de
1684 1815 1885 1900 sacrificiis,
1918 1812 2160 1899 usmetum:

113 1940 278 2026 praestet.
328 1920 507 1993 Hietotus
531 1919 630 1989 locus
651 1940 757 2007 supra
782 1914 820 1983 in
843 1927 968 1984 octavo
990 1912 1105 2004 capite
1155 1917 1290 2010 inquit:
1325 1915 1400 1987 Vos
1417 1916 1498 1987 estis
1521 1917 1758 1989 sacerdotium
1781 1932 1965 2004 sanctum,
1999 1929 2037 1993 nt
2057 1916 2160 1988 olle·i

113 2032 354 2110 traditusust,
379 2023 442 2094 ubi
460 2023 564 2091 etiam
582 2021 714 2090 dictum
734 2031 804 2097 est,
830 2014 948 2110 qualia
967 2027 1107 2104 peccata
1156 2021 1241 2089 ratis
1257 2017 1457 2112 spirituales
1473 2013 1627 2106 hostias,
1653 2034 1810 2110 acceptas
1826 2021 1928 2105 Deo,
1954 2042 2020 2113 per
2032 2014 2136 2091 tenu

116 2128 398 2207 sintinsauetis.
448 2124 536 2195 ltem
554 2125 598 2193 de
616 2119 823 2192 discrimine
839 2118 967 2210 peceati
985 2118 1108 2187 venia·
1155 2116 1351 2196 Christum.
1410 2119 1484 2194 Ubi
1514 2121 1646 2194 diserte
1675 2122 1826 2209 dicitur,
1866 2134 2012 2194 nostros
2039 2120 2137 2193 tultos

114 2240 160 2309 lis
173 2249 209 2305 et
221 2230 395 2303 mortalis.
446 2224 495 2297 Hi
512 2226 582 2296 loci
600 2223 815 2317 pertinentes
837 2224 881 2291 sd
905 2220 1106 2291 doctrinam
1157 2238 1317 2316 acceptos
1348 2247 1441 2304 esse,
1475 2248 1549 2294 non
1573 2237 1719 2315 propter
1743 2237 1904 2296 nostram
1930 2222 2136 2316 dignitatem,

116 2360 286 2433 operum,
313 2328 373 2402 hie
390 2329 495 2402 initio
514 2325 762 2398 considerandi
777 2337 872 2394 sunt.
1071 2390 1074 2395 .
1158 2328 1218 2398 sed
1234 2340 1381 2418 propter
1398 2326 1599 2418 pontificem
1615 2323 1812 2401 Christum.

218 2436 325 2508 Nuus
342 2434 449 2503 redeo
464 2433 508 2500 ad
525 2443 673 2501 testum.
725 2425 986 2497 Duodecimum
1002 2440 1109 2516 caput
1258 2424 1329 2499 Hie
1344 2442 1461 2501 autem
1479 2430 1630 2500 tenenda
1647 2444 1697 2500 est
1714 2428 1820 2501 etiam
1836 2428 2024 2499 distinctio
2045 2426 2133 2499 sacri·

117 2555 170 2615 est
194 2533 352 2635 ἠθικὸν,
378 2535 416 2604 id
442 2546 513 2619 est,
554 2532 662 2603 tradit
683 2541 868 2623 praecepta
894 2532 938 2598 de
961 2528 1109 2619 privatis
1158 2530 1228 2601 ficii
1247 2533 1385 2603 usitata.
1429 2528 1551 2603 Unum
1566 2545 1618 2602 est
1631 2530 1841 2602 sacrificium
1859 2528 2134 2624 propiciatorio!

118 2643 322 2715 virtutibus.
391 2634 726 2708 Decimumtertium
761 2644 813 2701 est
846 2631 1029 2721 politicum
1064 2633 1109 2700 de
1159 2633 1340 2726 proeliis,
1365 2633 1490 2719 idest,
1515 2633 1708 2727 quodaliis
1726 2648 1882 2704 meretur
1907 2631 2160 2704 remissionen'

117 2746 345 2837 magistratu,
369 2752 403 2808 et
425 2739 469 2808 de
490 2736 705 2809 obedientia.
756 2730 1110 2827 Decimumquartum
1161 2749 1403 2829 peecatorum,
1429 2736 1562 2806 scilicet
1586 2759 1682 2805 mors
1705 2731 1851 2807 Christi.
1903 2733 2049 2806 Habent
2072 2754 2135 2824 erpo

17 2890 23 2901 ‚
118 2863 170 2921 est
186 2842 440 2927 rerunouiale,
462 2842 507 2911 de
524 2864 592 2912 usu
608 2837 902 2909 ceremoniarum·
1161 2840 1343 2910 credentes
1361 2839 1514 2927 primum
1534 2837 1624 2907 illud
1639 2839 1795 2909 alienum
1814 2836 2043 2923 sacrificium,
2059 2832 2135 2931 qood

1162 2955 1279 3012 tamen
1299 2940 1404 3010 nobis
1420 2942 1592 3011 donatum
1617 2952 1686 3021 est,
1714 2941 1781 3022 ita,
1807 2954 1848 3012 ut
1868 2939 1939 3010 fide
1963 2950 2136 3010 statuamn

1162 3067 1243 3113 vere
1276 3043 1381 3113 nobis
1413 3043 1541 3113 donari
1563 3044 1738 3128 fructum,
1771 3065 1832 3113 seu
1857 3042 2027 3114 meritum
2051 3036 2161 3112 huin*

221 3153 331 3226 lnitio
351 3149 521 3244 proponit
542 3147 706 3236 generale
729 3159 957 3236 preceptum,
984 3144 1110 3214 videli-
1163 3145 1335 3215 sacrificii.
1387 3144 1527 3216 Deinde
1551 3147 1707 3217 reddunt
1731 3147 1915 3216 credentes
1938 3144 2048 3216 etiam
2071 3162 2161 3237 prs-'t

119 3274 193 3344 cet,
216 3271 256 3328 nt
276 3251 508 3326 exhibeamus
524 3252 682 3342 aliquem
704 3247 840 3320 cultum
857 3245 953 3328 Deo,
979 3263 1015 3320 et
1031 3248 1114 3343 qui-
1164 3250 1239 3339 pria
1256 3248 1445 3332 sacrificia,
1478 3248 1537 3319 sed
1561 3244 1647 3319 haec
1671 3270 1745 3318 non
1769 3259 1956 3318 merentur
1978 3244 2134 3317 remhsit·

120 3368 202 3433 dem
218 3357 449 3435 rationalem,
475 3349 543 3423 hoe
559 3365 629 3437 est,
653 3351 780 3435 talem,
805 3352 843 3420 in
865 3351 1113 3443 quoaguosci-
1164 3374 1245 3420 nem
1259 3363 1483 3442 peccatorum
1498 3349 1642 3421 facienti
1656 3363 1717 3421 aut
1732 3350 1831 3432 aliis,
1865 3351 1928 3420 sed
1954 3344 2143 3442 placentb·

121 3479 181 3536 tur
205 3475 240 3533 et
259 3453 541 3552 apprehenditur
561 3456 678 3537 Deus,
710 3474 774 3522 seu
804 3452 937 3546 inquo
960 3453 1114 3524 existunt
1164 3451 1403 3523 reconciliatis
1425 3466 1572 3540 propter
1601 3452 1804 3543 pontificem
1828 3447 2033 3536 Christum,
2066 3450 2135 3521 sint

125 3562 310 3649 bimotus
332 3559 468 3642 divini,
503 3555 670 3626 videlieet
691 3555 800 3624 timor
823 3552 890 3627 Dei
914 3569 948 3627 et
970 3555 1112 3628 fiducia.
1165 3554 1289 3626 Petrus
1305 3555 1369 3625 aits
1397 3551 1446 3625 Ut
1463 3554 1621 3626 offeratis
1638 3568 1700 3625 etc.
1753 3553 2038 3626 Haecsacrificia
2056 3570 2134 3623 von·

122 3665 263 3740 Deinde
279 3662 444 3734 nominat
466 3655 564 3730 hunc
580 3658 737 3742 cultum,
762 3654 945 3740 videlicet,
968 3670 1010 3728 ut
1025 3657 1115 3728 offe·
1166 3680 1244 3727 usus
1269 3651 1525 3731 Eucharistiea.
1589 3650 1652 3726 Est
1683 3669 1800 3727 autem
1831 3659 2029 3728 denatura
2052 3647 2134 3725 butu

121 3790 242 3841 ramus
262 3762 412 3846 hostias,
446 3784 594 3852 corpora
618 3774 757 3844 nostra,
782 3760 905 3843 idest,
932 3760 1114 3832 utmorti-
1166 3759 1348 3840 sacrificii,
1371 3759 1483 3827 lacere
1499 3781 1623 3848 opusa
1641 3758 1716 3830 Deo
1732 3761 1960 3840 mandatum,
1992 3752 2162 3839 huconi

121 3873 271 3942 ficentur
289 3889 437 3958 corpora
454 3878 595 3948 nostra,
622 3864 723 3932 etsie
742 3863 829 3934 fiant
843 3862 1027 3944 victimae,
1061 3863 1115 3930 vi·
1166 3877 1205 3932 ut
1220 3862 1350 3952 gratias
1364 3882 1508 3951 agamus
1523 3857 1618 3944 Deo,
1644 3873 1677 3931 et
1696 3862 1934 3950 glorificemus
1958 3882 2058 3948 eum,
2086 3853 2140 3928 te-

123 3975 252 4044 delicet
274 3962 690 4039 mortificatisaffectibus
709 3966 932 4049 carnalibus,
956 3978 994 4036 et
1008 3965 1116 4035 susti·
1167 3977 1236 4048 est,
1265 3977 1307 4035 ut
1331 3958 1398 4032 hae
1418 3963 1492 4054 ipsa
1513 3963 1715 4033 obedientia
1738 3976 1927 4049 testemur,
1958 3958 2058 4034 hunc
2076 3976 2134 4031 τευ

122 4077 251 4147 nendis
266 4069 530 4143 afflictionibus.
1167 4064 1284 4138 Deum
1299 4087 1392 4148 esse,
1418 4088 1522 4158 quem
1540 4066 1766 4150 invocamus,
1791 4078 1826 4135 et
1842 4078 2036 4151 rers'esse,
2066 4080 2134 4159 qut!

226 4175 292 4245 Est
308 4175 417 4264 igitur
432 4168 595 4262 generale
611 4180 849 4259 praeceptum,
875 4167 913 4237 in
936 4194 1008 4263 quo
1025 4170 1115 4241 illud
1169 4170 1212 4238 de
1228 4191 1269 4237 eo
1286 4167 1547 4262 praedicamus,
1563 4179 1670 4261 atque
1686 4166 1735 4238 ita
1751 4167 1946 4238 invitemus
1960 4180 2134 4240 amusos

125 4295 176 4350 est
185 4278 334 4367 insigne,
350 4279 445 4368 quod
457 4270 548 4343 hauc
557 4271 796 4344 obedientiam
807 4270 882 4341 vult
898 4295 972 4341 csse
982 4273 1116 4342 cultum
1169 4270 1287 4359 emplo
1317 4269 1418 4341 alios.
1478 4267 1548 4338 Hie
1576 4280 1628 4339 est
1651 4270 1858 4361 principalis
1880 4270 1967 4341 linis
1987 4263 2133 4347 mentri

126 4381 358 4458 rationalem,
381 4393 414 4446 et
429 4398 494 4445 nos
508 4373 585 4443 fieri
600 4373 774 4442 victimas.
824 4371 920 4461 Quia
941 4374 1116 4467 enimpo-
1170 4386 1209 4445 ut
1223 4372 1336 4464 gloria
1350 4370 1417 4442 Dei
1436 4372 1495 4443 liat
1509 4371 1702 4455 illustrior,
1728 4379 1764 4446 et'
1777 4368 1875 4444 Deus
1886 4372 2133 4446 innotescat·

126 4482 252 4576 pulum
283 4477 349 4548 Dei
381 4500 519 4548 necesse
555 4490 607 4547 est
629 4471 761 4545 habere
783 4476 939 4569 aliquem
965 4477 1117 4567 cultum,
1273 4473 1367 4546 Sunt
1396 4487 1515 4544 autem
1546 4475 1714 4545 sacrificis
1744 4474 1802 4544 vel
1830 4464 2132 4546 ceremonialisttl

127 4581 361 4656 sacerdotium
384 4593 418 4649 et
440 4577 629 4664 sacrificia,
663 4573 836 4649 habemus
858 4592 893 4650 et
914 4600 979 4648 nos
1004 4603 1118 4649 sacer·
1169 4576 1378 4668 spiritualia.
1431 4574 1474 4646 ln
1496 4576 1606 4647 veteri
1622 4573 1851 4648 Testamento
1872 4575 2010 4650 tiehant
2031 4584 2134 4647 snas!a

127 4687 266 4757 dotium
282 4695 314 4752 et
331 4682 512 4754 sacrificia.
563 4677 606 4752 Et
622 4676 681 4750 hic
697 4679 938 4771 primumtota
954 4681 1118 4753 doctrina
1172 4680 1285 4752 tiones
1299 4679 1494 4768 pecudum,
1526 4689 1561 4748 et
1577 4677 1668 4748 aliae
1688 4678 1929 4764 ceremoniae,
1963 4702 2057 4775 quae
2075 4684 2135 4749 tn!

128 4792 172 4860 de
204 4783 401 4858 sacerdotio
432 4797 467 4857 et
498 4782 750 4854 sacrificiorum
782 4783 983 4853 differentia
1017 4807 1119 4877 repe·
1170 4776 1350 4851 habebant
1365 4781 1573 4850 mandatum
1587 4776 1678 4864 Dei,
1700 4794 1741 4854 ut
1754 4793 1871 4852 essem
1884 4782 2039 4853 umbrae
2053 4783 2136 4853 bert·

328 3004 502 3086 Obtsstor
518 3023 640 3080 nutem
660 3032 721 3078 vos
731 3006 890 3109 fratres.

22 4929 53 4939 .,
126 4891 233 4967 md,
250 4900 313 4960 m,
1170 4882 1332 4952 liciorum
1360 4878 1561 4971 Evangelii.
1638 4878 1716 4952 Hae
1754 4883 1905 4953 umbrae
1937 4884 2136 4956 cessarem

231 4986 419 5069 Secundo,
462 4983 652 5075 diligenter
694 4985 982 5070 observandum,
1021 4988 1119 5080 quod
1172 4997 1357 5076 postquam
1374 4979 1608 5074 Evangelium
1625 4986 1819 5056 revelatum
1833 4996 1901 5069 est,
1928 5002 2137 5083 cumqoens·

128 5095 287 5190 requirat
313 5089 420 5159 fidem
448 5086 488 5157 in
517 5088 579 5158 illa
603 5087 807 5160 obedientis
832 5100 867 5157 et
890 5087 930 5157 in
952 5089 1119 5160 omnibus
1171 5110 1255 5156 vum
1270 5082 1538 5156 Testamentum
1552 5084 1676 5157 afferat
1692 5087 1730 5155 in
1744 5086 1913 5157 cordibus
1927 5086 2137 5161 inestuans

128 5197 236 5267 bonis
252 5191 433 5284 operibus.
1171 5188 1299 5271 sitam,
1325 5187 1396 5258 iam
1411 5186 1526 5283 cultus
1541 5202 1575 5258 et
1589 5188 1759 5258 sacrificia
1774 5211 1847 5258 esse
1871 5190 2008 5264 debent
2029 5188 2098 5261 reri
2115 5193 2137 5253 tl

232 5295 381 5377 Tertio,
406 5289 523 5384 qualis
539 5291 583 5360 sit
601 5282 798 5379 emphasis,
823 5291 919 5384 quod
935 5306 1035 5362 vocat
1055 5315 1121 5363 nos
1172 5290 1332 5384 perpetui
1357 5305 1475 5361 motus
1496 5290 1634 5375 cordis,
1667 5302 1835 5382 perpetua
1855 5284 2138 5382 glorineauoltai·

132 5396 303 5467 uictisnns.
362 5388 577 5465 Sacerdotis.
594 5391 738 5486 proprie
771 5391 839 5473 tris
870 5407 955 5467 sunt
986 5394 1121 5466 officia:
1169 5392 1261 5465 sicut
1283 5391 1402 5486 inquit
1415 5387 1597 5465 Christus:
1626 5388 1713 5462 Veri
1733 5395 1938 5467 adoratores
1960 5394 2138 5485 adoram
