4522 5782
75 168 178 269 1de
311 164 412 240 Xlll.
463 166 499 239 7.
523 161 828 242 ENARRATIO
853 162 1008 241 salsa.
1034 156 1238 278 PRIORIS
1271 154 1341 236 AD
1366 155 1695 240 TlMOTHllUM.
1745 165 1850 249 CAP.
1877 162 1929 246 l.'
2019 180 2117 259 1514

62 330 111 413 'et
135 353 188 412 est
209 340 337 411 fiducia
360 340 586 435 acquiescens
607 339 645 412 in
666 341 864 413 mediatore
887 352 922 413 et
938 339 977 410 in
991 297 1068 409 Deo
1122 358 1240 428 presse
1254 349 1389 428 pugnat
1407 360 1486 406 cnm
1507 333 1639 424 Paulo,
1664 340 1749 433 quia
1766 341 1906 425 dicunt:
1933 345 2014 419 Non
2030 352 2112 440 lide,

73 444 173 514 iuxta
191 444 483 533 promissionem,
509 460 542 516 et
560 444 733 514 clamans:
755 444 860 517 Abba
881 424 997 514 Pater.
1120 442 1180 509 sed
1203 455 1348 533 propter
1370 439 1596 512 dilectionem
1614 465 1736 514 sumus
1753 425 1855 527 iusti,
1881 473 1961 520 cum
1976 451 2111 528 Paulus

179 542 221 613 ln
248 539 312 614 hac
338 546 499 617 doctrina
523 571 663 617 necesse
686 560 738 617 est
755 560 789 617 et
805 561 898 616 recte
913 543 1066 634 intelligi
1119 544 1212 612 clare
1236 543 1347 624 dicat,
1381 539 1580 629 Romad„
1617 540 1733 620 Galat.
1749 550 1785 623 2.
1803 563 1838 620 et
1852 553 1904 624 b:
1940 553 2109 645 lmposai.

75 647 252 717 voeabula
274 645 396 738 Legis,
418 645 625 739 Evangelii,
646 647 802 732 Peccati,
829 646 994 730 Gratiae,
1022 648 1066 716 de
1118 646 1191 715 bile
1212 659 1263 716 est
1280 645 1349 737 legi
1366 646 1565 719 iustificare.
1618 645 1694 718 Etsi
1716 666 1833 722 autem
1857 655 1917 723 alii
1942 656 2107 733 alioslu·
2213 693 2217 703 ¹

74 751 210 844 quibus
226 750 312 820 alibi
328 752 461 820 dictum
478 766 547 834 est,
566 752 740 822 enarratis
755 752 956 843 vocabulis,
980 752 1064 840 pro·
1116 773 1175 818 cos
1197 749 1388 818 verborum
1413 748 1681 841 quaesiverunt,
1722 764 1840 823 tamen
1872 760 1996 829 eodem
2027 778 2105 836 ten.

72 851 206 942 positio
228 853 265 922 lit
289 853 492 946 perspicua:
534 868 568 925 ει
592 878 668 924 carn
691 857 999 925 accommodemus
1018 854 1064 922 ad
1117 854 1207 922 dunt
1230 875 1353 922 omnes
1373 852 1611 944 corruptelae:
1643 852 1782 943 fingunt
1808 880 1873 928 nos
1895 859 2007 931 iustos
2030 889 2105 936 εεεε

73 977 142 1025 nos
172 957 351 1025 docendos
391 969 426 1026 et
447 959 683 1027 consolandos
707 957 744 1025 in
769 957 975 1040 doloribus,
1029 968 1063 1025 et
1115 970 1235 1025 nostra
1252 955 1427 1036 novitate,
1454 969 1488 1025 et
1505 970 1688 1025 removent
1704 953 1795 1026 hanc
1811 963 2125 1054 consolationem,

72 1058 235 1151 quotidie
252 1059 290 1126 in
305 1058 548 1135 invocatione:
578 1083 650 1128 non
675 1074 819 1149 propter
839 1061 911 1130 ulla
938 1058 1061 1128 merita
1115 1081 1179 1125 nos
1204 1072 1347 1148 propter
1371 1057 1484 1126 lilium
1517 1055 1582 1126 Dei
1608 1053 1730 1128 Gratis
1754 1055 1830 1130 Deo
1861 1064 1999 1153 placere
2024 1068 2100 1139 lide.

73 1174 216 1244 nostra,
242 1162 304 1229 sed
327 1175 472 1252 propter
495 1159 609 1232 lilium
631 1159 698 1231 Dei
727 1159 865 1246 Gratis,
889 1175 985 1232 certo
1004 1185 1061 1230 ac·
1112 1156 1278 1231 Refutari
1310 1160 1419 1250 igitur
1450 1183 1573 1230 omnes
1606 1160 1826 1250 corruptelae
1858 1181 2005 1255 possunt
2039 1196 2103 1262 per

70 1261 224 1352 cipimus
251 1264 493 1334 remissionem
520 1278 760 1355 peccatorum,
799 1277 833 1335 et
855 1279 1062 1354 reputamur
1115 1256 1200 1331 haec
1229 1262 1341 1341 dicta,
1376 1260 1519 1339 Psalmo
1545 1261 1646 1334 148.:
1684 1261 1765 1334 Non
1788 1265 2037 1342 iustificabitur
2059 1274 2100 1343 in

70 1361 177 1449 insti,
210 1365 379 1455 imputata
401 1367 508 1436 nobis
533 1367 672 1436 iusticia
694 1368 918 1451 mediatoris,
944 1381 978 1437 et
995 1369 1059 1436 do·
1113 1379 1302 1456 conspectu
1319 1379 1381 1436 tuo
1398 1365 1515 1432 omnis
1534 1367 1667 1438 vivens.
1732 1364 1779 1436 Et
1797 1366 1935 1447 Daniel.
1952 1371 1987 1447 9.
2005 1398 2099 1467 cap:

10 1500 29 1509 -
69 1488 201 1536 namur
221 1467 357 1559 Spiritu
381 1455 518 1551 saneto,
551 1484 586 1540 et
610 1465 824 1539 haereditate
841 1472 932 1537 vitae
947 1484 1060 1539 aeter·
1112 1464 1194 1536 Non
1225 1469 1264 1535 in
1288 1466 1425 1538 iusticia
1451 1481 1591 1552 nostra,
1632 1470 1691 1537 sed
1727 1492 1789 1559 per
1818 1472 2098 1547 misericordiam

10 1640 31 1657 ,
69 1592 160 1653 nae,
187 1566 294 1655 Fide,
320 1570 444 1654 idest,
469 1572 595 1641 fiducia
620 1571 837 1644 mediatoris.
890 1569 936 1642 Et
958 1597 1060 1640 man·
1111 1583 1207 1637 tuam
1240 1583 1386 1660 propter
1416 1565 1610 1638 Dominum
1647 1573 1812 1641 exaudias
1858 1599 1936 1650 nos.
1997 1576 2099 1665 ltem,

68 1672 196 1741 datum
219 1668 284 1741 Dei
309 1672 494 1743 immotum
517 1689 550 1743 et
573 1688 758 1744 aeternum
780 1686 851 1756 est,
874 1688 913 1745 ut
935 1676 1056 1743 ereda·
1112 1671 1144 1739 l.
1158 1667 1319 1742 Corinth.
1336 1672 1390 1745 4.:
1427 1666 1529 1740 Nihil
1551 1667 1640 1741 mihi
1663 1674 1825 1744 conscius
1849 1698 1945 1759 sum,
1972 1682 2034 1750 sed
2057 1682 2098 1752 in

69 1795 151 1842 mus
164 1796 246 1843 vere
262 1797 327 1844 nos
342 1776 391 1845 sic
414 1775 525 1867 recipi
547 1790 581 1845 ει
605 1776 744 1867 placere
768 1790 911 1867 propter
933 1776 1059 1855 lilium,
1112 1769 1179 1843 hoc
1194 1799 1266 1841 non
1283 1775 1474 1844 iusibcatus
1494 1797 1584 1846 sum.

68 1887 108 1945 ut
129 1869 354 1948 lobannisd.
372 1878 520 1948 dicitur:
549 1877 610 1949 Sic
625 1879 749 1948 dilexit
763 1876 859 1949 Deus
873 1881 1059 1962 mnndum,
1211 1875 1421 1965 Corruptela
1448 1878 1540 1964 apud
1566 1869 1760 1966 Origenem
1785 1877 1914 1951 similis
1944 1898 1994 1956 εει
2018 1908 2098 1956 cor·

66 1989 108 2048 ut
129 1977 245 2049 lilium
267 2004 370 2049 suum
393 1980 615 2070 unigenitum
638 1982 756 2064 daret,
792 1994 831 2051 ut
853 1981 970 2050 omnis
996 1982 1058 2074 qni
1111 1980 1271 2069 ruptelae
1292 1982 1387 2069 apud
1410 1972 1613 2047 monachos.
2088 2066 2099 2079 ἡ

67 2080 182 2150 credit
198 2080 235 2149 in
252 2105 347 2167 eum,
362 2105 436 2151 non
451 2098 586 2173 pereat,
602 2085 662 2151 sed
677 2078 803 2153 babeat
821 2084 928 2152 vitam
945 2098 1057 2155 aeter·
1210 2078 1348 2153 Recens
1370 2081 1575 2171 depravatio
1599 2094 1667 2159 est,
1701 2082 1770 2150 lide
1792 2083 1926 2156 seilicet
1947 2111 2096 2180 praepa·

68 2203 167 2257 narn.
220 2180 274 2253 Ac
300 2185 371 2254 sint
399 2186 437 2252 in
462 2199 651 2274 conspectu
682 2185 881 2256 testimonia
913 2203 1058 2271 caetera,
1110 2198 1210 2254 rante
1233 2184 1482 2263 iustiticamnr,
1509 2197 1549 2252 nt
1571 2183 1700 2252 deinde
1721 2186 1792 2254 alia
1814 2209 1851 2255 re
1873 2188 1983 2258 simus
2000 2190 2095 2272 iusti,

67 2280 197 2356 Roma.
222 2285 259 2354 d.
282 2300 316 2355 et
337 2286 371 2356 4.
398 2302 432 2357 et
455 2288 562 2370 alibi,
604 2313 676 2355 non
702 2290 818 2369 solum
842 2301 881 2358 ut
906 2290 1057 2357 refutare
1108 2302 1147 2357 ut
1164 2287 1195 2354 si
1211 2286 1360 2372 dicatur,
1384 2285 1508 2356 Motus
1525 2286 1703 2373 calefacit,
1730 2301 1850 2378 postea
1867 2314 1951 2358 vero
1968 2316 2097 2385 corpus

65 2385 290 2456 adversarios
323 2391 516 2478 possimus,
560 2393 618 2458 sed
648 2391 760 2461 multo
789 2390 898 2480 magis
926 2403 967 2460 ut
993 2414 1057 2460 nos
1111 2413 1183 2458 non
1205 2389 1295 2459 calet
1318 2402 1436 2468 motu,
1463 2389 1523 2457 sed
1546 2388 1673 2462 calore.
1725 2386 1785 2461 Sic
1799 2391 1925 2463 volunt
1946 2393 2005 2463 isti
2029 2419 2095 2486 po-

65 2488 164 2579 ipsos
182 2490 456 2564 consolemuret
471 2493 731 2563 confirmemus.
786 2491 1057 2562 Meminerimus
1108 2485 1883 2565 stcahominemsuanovitateiustumesse.
1936 2491 2093 2587 Oppono

64 2589 172 2661 etiarn
197 2592 305 2662 simul
328 2588 413 2662 haec
438 2611 591 2689 quatuor
614 2589 889 2685 comprehendi,
914 2593 1057 2667 Remis-
1109 2615 1231 2663 rursus
1248 2594 1382 2663 dictum
1399 2593 1509 2677 illud,
1534 2590 1616 2662 Non
1631 2594 1878 2664 iustificabitur
1894 2596 1932 2664 in
1947 2622 2095 2692 conspe:-

64 2691 202 2763 sionem
226 2707 468 2786 peccatorum,
494 2698 764 2786 imputationem
785 2696 964 2782 iusticiae,
993 2702 1055 2767 do·
1109 2710 1165 2765 ctu
1182 2709 1244 2766 tuo
1263 2696 1380 2763 omnis
1395 2697 1529 2768 vivens.
1576 2692 1683 2780 Item,
1708 2694 1870 2768 Retineri
1888 2723 2027 2769 necesse
2043 2715 2094 2771 est

51 2794 247 2866 nationem
273 2793 427 2888 Spiritus
450 2800 580 2885 sancti,
629 2813 663 2868 et
688 2794 940 2869 haereditatem
965 2801 1055 2870 vitae
1110 2793 1202 2867 hanc
1224 2801 1454 2877 sententiam,
1481 2799 1576 2888 quod
1601 2794 1835 2889 imputatione
1858 2816 2093 2890 proptcrrne·

65 2911 242 2969 aeternae.
1108 2902 1279 2970 diatorem
1303 2902 1411 2968 simas
1439 2899 1533 2967 insti.
1588 2896 1640 2968 Ac
1670 2901 1793 2969 tollere
1825 2904 2022 2979 doctrinam
2050 2908 2095 2974 cle

166 2997 366 3071 Antithesis
389 3003 494 3072 etiam
519 3003 786 3086 consideretur,
829 3002 866 3068 in
891 3027 958 3094 qna
983 3005 1055 3071 darn
1109 3002 1361 3093 imputatione,
1387 3015 1428 3085 ¹at
1454 3026 1517 3091 pro
1542 3025 1579 3067 ea
1608 3002 1782 3070 subiicere
1804 2997 1900 3073 hunc
1925 3028 2095 3089 errorem,

23 3104 349 3194 ‘suntpraeeipna
368 3108 537 3178 membra.
592 3104 752 3175 Primum
770 3101 1053 3175 monachivoei-
1109 3108 1201 3196 quod
1221 3099 1329 3172 homo
1344 3130 1405 3172 sua
1424 3103 1580 3171 novitate
1597 3102 1665 3170 iam
1683 3105 1725 3172 sit
1746 3104 1876 3189 iustus,
1908 3108 2093 3178 manifesta

61 3206 246 3286 serantur,
282 3201 446 3277 homines
471 3211 597 3276 mereri
626 3209 888 3290 remissionem,
924 3221 958 3301 et
982 3231 1055 3278 esse
1108 3208 1269 3294 impietas
1293 3215 1349 3275 est'
1368 3229 1528 3296 pugnans
1552 3231 1631 3273 cum
1656 3200 1722 3273 hoc
1745 3207 1858 3290 dicto,
1885 3204 2014 3283 Genes.
2035 3207 2094 3284 16.

61 3308 177 3379 iustos
194 3322 227 3378 ει
243 3311 368 3378 mereri
385 3309 492 3379 vitam
517 3323 694 3380 aeternam
713 3323 857 3398 propter
875 3310 1053 3399 propriam
1108 3324 1138 3379 et
1153 3308 1278 3381 Roma.
1293 3308 1346 3381 4:
1375 3306 1535 3378 Credidit
1552 3303 1733 3376 Abrabam
1759 3304 1853 3393 Deo,
1880 3323 1916 3380 ει
1938 3312 2094 3403 imputa·

59 3411 152 3500 legis
190 3411 447 3508 impletionem.
513 3408 670 3492 Deinde,
711 3411 793 3504 qnia
829 3434 934 3480 nemo
976 3414 1051 3490 scit,
1107 3431 1182 3482 turn
1206 3425 1258 3479 est
1282 3413 1314 3479 ei
1339 3415 1381 3478 ad
1406 3410 1592 3479 iusticiam.
1844 3498 1847 3503 .
2074 3438 2078 3446 ·

55 3513 210 3608 quando
234 3514 317 3582 satis
343 3508 468 3581 babeat
493 3515 716 3592 meritorum,
744 3514 869 3582 iubent
891 3507 1054 3585 homines
1210 3512 1280 3581 Nec
1297 3513 1358 3580 illa
1376 3513 1581 3599 imaginatio
1600 3511 1763 3602 congruit
1784 3536 1864 3582 cum
1887 3507 2095 3605 Evangelio,

13 3637 203 3705 'semper
220 3639 363 3683 manere
382 3616 419 3683 in
437 3617 672 3686 dubitatione.
724 3613 909 3683 Haeduae
931 3617 1053 3700 imagi·
1108 3619 1200 3710 quod
1220 3608 1327 3683 homo
1344 3616 1518 3685 sit‘iustus
1538 3593 1681 3702 pro'pt'er
1702 3615 1990 3685 commixtionem
2012 3641 2094 3686 cor-

50 3719 227 3789 nationes
249 3732 332 3788 sunt
361 3715 540 3796 ethnicae,
576 3733 673 3787 ortae
700 3742 741 3785 en
765 3712 919 3784 hnmana
945 3719 1050 3788 ratin-
1108 3719 1263 3809 poralem
1288 3712 1421 3787 Christi
1444 3740 1523 3784 cum
1555 3717 1671 3784 anima
1696 3717 1753 3784 vel
1776 3740 1923 3806 corpore
1959 3732 2093 3799 nostro,

46 3820 261 3903 cinatione,
286 3844 375 3911 qnae
397 3834 577 3911 utcunque
599 3821 708 3908 legem
729 3819 905 3904 intuetur,
931 3835 966 3890 et
980 3845 1052 3889 non
1108 3823 1189 3912 qnia
1217 3819 1359 3910 proprie
1380 3822 1424 3888 de
1440 3816 1578 3909 Spiritu
1597 3831 1718 3887 sancto
1741 3819 1875 3889 dictum
1900 3833 1968 3900 cst,
1985 3825 2092 3912 ,quod

43 3923 162 3995 novit
193 3916 445 4008 Evangelium:
489 3921 580 3992 sicut
604 3920 786 4006 Socrates,
831 3919 1053 4012 Xenophon,
1109 3923 1312 3992 effundam
1327 3921 1364 3989 in
1382 3922 1488 3991 corda
1505 3933 1645 4003 nostra,
1669 3934 1702 3989 et
1721 3921 1765 3989 sit
1787 3920 1991 3991 immediata
2014 3945 2094 4011 per-

46 4040 89 4097 et
129 4023 264 4092 similes
289 4028 334 4093 de
361 4024 543 4095 voluntate
575 4025 646 4094 Dei
680 4024 897 4114 ambigentes
931 4026 1054 4117 dispu-
1107 4049 1192 4095 sona
1224 4023 1463 4103 sanctificans,
1497 4036 1537 4093 ut
1568 4022 1606 4090 in
1632 4017 1730 4091 Actis
1752 4023 1865 4112 capite
1887 4024 1922 4095 2.
1946 4025 2093 4093 dicitnr:

45 4139 195 4201 aarum.
829 4116 833 4121 ⁵
1108 4125 1236 4196 Dextra
1273 4126 1344 4193 Dei
1385 4124 1574 4208 exaltatus,
1612 4123 1787 4215 accipiens
1821 4127 2092 4217 promissionem

162 4224 295 4297 Contra
312 4251 397 4296 vero
416 4239 642 4319 opponantur
656 4222 712 4295 his
730 4229 885 4297 tenebris
910 4229 1053 4299 concio·
1107 4228 1261 4317 Spiritus
1285 4228 1396 4296 sancti
1421 4252 1439 4296 a
1462 4241 1579 4313 patre,
1613 4225 1739 4297 effudit
1762 4250 1843 4295 eum
1867 4228 1904 4295 in
1932 4251 2008 4297 nos.
2049 4226 2096 4300 Et

45 4355 123 4404 nes
146 4324 334 4419 Evangelii
357 4332 401 4398 de
427 4329 576 4419 gratuita
603 4331 888 4400 reconciliatione
911 4344 1054 4420 propter
1109 4330 1225 4402 Galat.
1248 4326 1303 4402 4.:
1331 4325 1436 4400 Misit
1457 4328 1551 4400 Deus
1575 4329 1741 4418 spiritum
1766 4327 1832 4396 lilii
1850 4330 1906 4398 sui
1926 4331 1964 4398 in
1988 4333 2094 4402 corda

44 4437 198 4514 filium,
238 4446 272 4503 ει
303 4435 347 4501 de
373 4432 460 4516 fide,
503 4444 536 4500 ει
560 4431 710 4501 sciamus
746 4435 949 4500 mandatnm
985 4429 1053 4502 Dei
1107 4448 1240 4504 nostra.
1577 4443 1578 4447 ’

47 4559 159 4620 esse,
199 4547 240 4604 ut
264 4536 446 4604 credamus
470 4557 534 4603 nos
565 4533 614 4602 sic
637 4535 747 4626 recipi
772 4548 914 4625 propter
939 4535 1051 4603 lilium
1208 4534 1365 4605 Difficile
1390 4547 1440 4604 est
1464 4534 1621 4602 iudicare
1648 4529 1891 4626 labyrinthos,
1934 4535 1994 4628 qni
2024 4550 2095 4606 tarn

22 4640 153 4722 ade,
192 4650 227 4707 et
246 4637 385 4706 assidue
408 4659 648 4726 repugnemus
673 4637 904 4709 dubitationi.
955 4636 1053 4708 Haec
1107 4639 1202 4706 varie
1230 4650 1420 4709 struuntur
1452 4650 1573 4706 contra
1600 4635 1807 4720 veritatem,
1854 4639 1914 4706 sed
1940 4639 2096 4707 iuniores
2159 4686 2162 4696 .

51 4734 250 4813 antithesis
284 4737 487 4809 iunioribus
526 4737 663 4830 aliquid
699 4739 788 4808 lucis
821 4742 945 4810 adlert.
1004 4739 1053 4811 Hi
1108 4755 1199 4810 recte
1216 4742 1350 4808 discant
1365 4742 1596 4809 fundamenta
1613 4740 1921 4828 proptergloriam
1936 4735 2023 4828 Dei,
2062 4753 2097 4808 et
2169 4786 2171 4790 ι

49 4842 318 4940 praemonendi
336 4856 417 4912 sunt
432 4843 536 4912 etiam
552 4842 600 4909 ‘de
618 4844 839 4931 corruptelis.
1108 4857 1252 4934 propter
1275 4844 1455 4934 propriam
1482 4841 1645 4914 salutem.
1703 4836 1814 4912 Recte
1842 4842 1990 4929 cognitis
2012 4841 2096 4909 lun-

165 4939 337 5014 Monaehi
366 4944 415 5012 sic
443 4957 679 5034 corruperunt
713 4940 804 5013 hanc
838 4944 1054 5034 propositio·
1107 4946 1301 5025 dementis,
1350 4969 1429 5014 cum
1454 4947 1594 5013 accedet
1624 4957 1717 5015 aetas
1741 4957 1775 5012 et
1798 4967 1901 5026 ostra,
1942 4943 2130 5012 refutare¹

54 5073 159 5132 nem,
178 5043 265 5115 Fide
281 5044 524 5126 iustihcamur,
540 5045 672 5115 scilicet
688 5047 1052 5131 sormatadilectione‚
1107 5049 1301 5119 contrarias
1320 5047 1591 5137 imaginationes
1609 5059 1787 5137 poterunt,
1838 5041 1886 5114 Et
1901 5067 1989 5137 quae
2004 5044 2096 5114 dixi-

50 5178 98 5225 ac
128 5151 236 5219 {idem
262 5148 466 5236 intelligunt
494 5160 633 5216 tantum
665 5150 855 5232 noticiam,
897 5163 931 5218 ct
959 5172 1053 5218 som·
1108 5176 1186 5222 mars
1210 5165 1415 5239 congruunt
1442 5152 1485 5217 ad
1510 5150 1709 5221 doctrinam
1736 5149 1780 5214 de
1801 5143 2096 5235 Regeneratione.¹

51 5257 165 5326 niaut
190 5244 373 5319 hominem
398 5250 528 5318 iustum
556 5272 629 5318 esse
648 5268 792 5343 propter
812 5252 1052 5334 dilectionem,
1108 5255 1200 5323 Cum
1224 5253 1373 5322 enimin
1389 5255 1481 5321 veris
1498 5250 1688 5342 pavoribus
1711 5250 1815 5318 corda
1835 5274 1918 5317 voce
1934 5245 2097 5337 Evarrge-

49 5363 92 5433 id
122 5365 196 5436 est,
223 5352 311 5441 legis
335 5353 592 5442 impletionem.
644 5349 741 5426 Haec
764 5356 969 5445 depravatio
994 5379 1052 5425 ex·
1108 5360 1147 5425 lii
1166 5362 1427 5436 sustentantur,
1450 5353 1604 5448 Spiritus
1620 5365 1759 5422 sanctus
1772 5352 1878 5423 simul
1897 5367 1946 5424 est
1963 5352 2136 5421 efficax

121 5462 307 5530 Macares.
333 5458 439 5525 Orrr.
479 5456 563 5521 Vos.
587 5455 666 5526 XV.
1198 5446 1267 5528 ι88
