4530 5776
201 184 307 287 stu
357 191 394 267 e
420 178 789 261 oouuunranu
816 179 867 257 m
892 146 1048 318 fessa.
1073 174 1224 253 esum
1248 173 1317 251 su
1344 172 1616 259 uouemus·
1657 177 1764 260 car.
1790 182 1871 289 svs.
1982 182 2058 265 ras
2088 148 2093 257 Ϊ

89 354 253 441 hlesia
278 370 490 453 quaeratur,
522 356 677 427 sciamus
700 353 739 424 in
764 349 833 425 hse
853 351 1013 425 exaudiri
1066 348 1284 440 impietatem
1311 363 1345 421 et
1370 347 1645 442 crudelitatem,
1683 355 1744 426 sed
1770 378 1889 426 veram
1918 360 2054 429 doetri-
2181 355 2183 360 ’

89 486 154 548 2⁸,
178 462 220 535 iu
247 456 315 533 bac
333 460 487 532 sciamus
511 481 586 530 esse
601 454 736 530 Christi
759 456 941 547 membra,
966 456 1013 526 ad
1063 474 1148 521 uam
1170 452 1410 543 amplecteris,
1435 455 1632 540 confiteris,
1658 472 1692 530 et
1715 459 1783 549 piis
1806 461 1967 531 moribus
1991 486 2052 532 or-

89 590 108 637 e
138 564 297 649 sciamus
326 563 505 656 pertinere
536 559 789 653 promissiones
810 556 1010 649 Evangelii.
1063 577 1135 628 uas.
1195 551 1357 627 Psalmus
1379 555 1513 651 inquit:
1545 555 1682 650 Rogste
1703 582 1824 650 pacem
1852 561 2051 652 ierusalem,

89 698 95 739 ι
120 668 306 760 pertinent
329 663 582 756 promissiones
600 665 643 734 ad
669 657 786 732 hostes
808 656 1011 751 Evangelii,
1059 653 1164 727 Beati
1184 670 1289 728 eruut
1312 659 1374 751 qui
1400 659 1550 751 diligent
1565 684 1653 731 eam.
1704 657 1742 732 Ο
1756 687 1898 733 suavem
1915 679 1949 736 et
1965 667 2049 752 dul·,

91 783 197 845 tnec
218 771 264 840 ad
293 767 460 853 ludaeos,
487 789 553 837 nec
572 769 616 835 ad
634 759 904 836 Mahometistas
929 787 1009 855 per·
1059 783 1134 828 cem
1157 761 1381 836 sententiam.
1437 759 1614 834 Hortatur
1639 787 1784 857 omues,
1816 780 1856 837 ut
1876 767 2047 840 adiuvent

90 888 160 955 nt,
200 884 241 943 ut
274 892 376 962 saepe
398 882 546 940 testatur
566 867 685 958 Deus,
729 879 764 937 et
780 862 924 936 Psalmo
948 865 1008 940 16.
1058 861 1159 930 omni
1178 884 1305 951 genere
1320 862 1429 932 oflicii
1443 861 1655 952 Ecclesiam,
1681 882 1720 938 ut
1740 869 1923 938 doctrinae
1945 871 2046 962 puri-

89 976 133 1049 rit
166 973 326 1067 pontifex
359 965 545 1043 Christus:
591 968 674 1040 Non
701 968 847 1039 offeram
883 992 1005 1038 eorum
1055 975 1163 1033 tatem
1184 979 1218 1035 et
1235 986 1444 1050 consensum
1473 982 1661 1054 tueantur,
1688 984 1728 1039 ut
1749 972 1959 1041 doctoribus
1979 973 2043 1043 bs·

89 1078 226 1163 tiones,
264 1099 331 1147 uec
354 1074 483 1144 faciam
505 1095 628 1143 eorum
652 1071 867 1141 mentionem
900 1069 1007 1140 labiis
1058 1066 1251 1150 nefaciant,
1291 1081 1332 1138 ut
1356 1067 1520 1159 precibus
1542 1084 1578 1142 ct
1601 1072 1695 1141 votis
1716 1069 1794 1142 Deo
1816 1097 2043 1144 communem

89 1202 113 1257 r.
172 1177 292 1269 Quem
318 1172 404 1247 baec
427 1189 498 1247 tam
530 1174 641 1246 tristis
673 1171 902 1243 comminatio
932 1194 1005 1242 non
1056 1167 1203 1238 salutern
1221 1173 1493 1256 commendent,
1519 1184 1558 1243 ut
1574 1172 1702 1265 impios
1725 1176 1904 1257 doctores,
1926 1191 1965 1246 ut
1986 1191 2043 1270 ty·

89 1294 175 1367 eat,
203 1295 243 1353 ut
258 1279 370 1370 fugiat
391 1291 529 1350 coctum
545 1276 789 1346 adversantem
816 1298 917 1344 verae
934 1271 1004 1344 Ec·
1055 1290 1187 1339 rannus
1210 1271 1297 1340 inde
1316 1285 1469 1346 arceant.
1522 1269 1622 1365 Opto
1638 1291 1755 1347 autem
1772 1300 1814 1345 ex
1836 1278 1975 1363 animo,
2001 1292 2042 1350 ut

89 1378 380 1476 'uei‘Denique
403 1380 507 1469 plena
530 1393 582 1451 est
604 1379 641 1448 in
667 1390 1003 1469 utramquepartem
1054 1373 1335 1456 magnitudinem
1349 1369 1479 1444 horum
1497 1376 1695 1448 officiorum
1712 1378 1781 1447 viri
1803 1379 1937 1470 politici
1954 1404 2041 1449 cou-

89 1501 189 1561 noes
207 1486 329 1556 divina
345 1483 476 1555 talibus
491 1480 741 1562 concionibus,
767 1503 858 1572 quae
880 1480 1005 1549 iubent
1054 1472 1230 1561 siderent,
1256 1477 1371 1569 quiet
1391 1478 1524 1550 debent
1546 1493 1581 1548 et
1603 1495 1750 1570 possunt
1765 1478 1957 1552 Ecclesiam
1982 1483 2040 1551 iu·

89 1614 130 1661 re
157 1584 277 1660 hostes
297 1610 399 1656 verae
425 1583 607 1654 doctrinae
633 1595 667 1653 et
690 1604 792 1651 verae
813 1577 1003 1666 Ecclesiae,
1053 1599 1144 1648 vare.
1208 1575 1422 1650 intueantur
1447 1581 1706 1670 posteritatem,
1738 1584 1794 1652 cui
1816 1598 1856 1654 ut
1876 1581 2039 1674 Rempu-

89 1689 251 1781 implesti
286 1710 403 1757 veram
438 1687 657 1769 doctrinam,
689 1708 828 1764 amare,
868 1685 1004 1775 iuvare,
1052 1679 1180 1749 blicam
1199 1681 1426 1753 constitutam
1446 1683 1647 1777 relinquere
1666 1685 1834 1777 cupiunt,
1860 1685 1907 1755 ita
1924 1687 2038 1756 multo

89 1816 138 1863 ire
162 1814 282 1861 veram
299 1788 504 1862 Ecclesiam.
562 1785 635 1857 Nec
651 1785 844 1875 cogitemus
860 1800 998 1858 tautum
1052 1782 1162 1871 magis
1192 1784 1324 1854 debent
1349 1807 1467 1854 veram
1490 1785 1831 1876 Deiagnitionem,
1873 1788 2038 1859 incorru-

89 1893 235 1965 onicam
255 1892 432 1963 civitatem
449 1913 522 1961 esse
536 1885 743 1962 Ecclesiam.
793 1884 864 1956 Hic
883 1901 1002 1957 coetus
1051 1896 1146 1973 ptam
1162 1885 1390 1972 religionem,
1414 1911 1544 1977 purum
1559 1889 1816 1979 Evangelium,
1839 1903 1934 1959 recte
1950 1914 2037 1959 con-

89 2020 162 2067 rera
177 1993 355 2078 Ecclesia,
382 1995 421 2062 in
438 2016 506 2085 qun
522 1992 615 2061 lucet
634 2015 721 2082 pura
737 1987 919 2079 Evangelii
936 1992 1000 2060 do-
1051 1986 1190 2056 stitutas
1205 1985 1379 2057 Ecclesiae
1402 1991 1560 2071 tradere,
1585 1991 1675 2063 sieut
1691 1989 1824 2061 Paulus
1847 1992 1946 2062 iubet
1970 1990 2038 2061 'li-

89 2122 143 2179 ra,
179 2099 311 2190 inqua
343 2110 435 2165 recte
458 2094 753 2164 administrantur
783 2107 998 2164 sacramenta
1050 2082 1231 2158 motheum
1251 2089 1405 2160 fideliter
1429 2093 1608 2163 custodire
1629 2095 1849 2184 depositum,
1881 2107 1921 2164 ut
1942 2093 2035 2164 inte-

89 2203 187 2272 nitus
204 2199 345 2272 tradita.
397 2197 439 2267 lu
456 2196 517 2267 tali
536 2208 638 2266 coctu
654 2219 794 2266 necesse
814 2209 866 2266 cst
880 2196 999 2286 aliqua
1049 2211 1152 2278 grum
1177 2203 1211 2262 et
1237 2191 1558 2264 incontaminatum
1583 2199 1628 2265 ad
1659 2210 1815 2288 posteros
1841 2197 2036 2285 perveniat.

104 2303 190 2372 viva
213 2298 391 2370 Ecclesiae
414 2300 591 2389 membra,
616 2322 706 2391 quae
729 2310 906 2389 praestant
923 2296 1000 2366 Deo
1048 2290 1231 2364 Haesura
1254 2318 1399 2386 prorsus
1422 2291 1516 2365 nihil
1532 2299 1634 2368 adfici
1652 2299 1814 2369 videmus
1833 2295 2035 2385 Pontifices,

89 2404 259 2495 ocultus,
283 2415 393 2492 agunt
409 2401 675 2493 poenitentiam,
703 2400 869 2470 invocant
885 2396 998 2468 Deum
1050 2389 1263 2485 Episcopus,
1289 2396 1511 2489 Canonicos,
1543 2401 1588 2471 de
1608 2402 1739 2491 opibus
1758 2402 1832 2470 suis
1853 2400 2035 2484 dimicant,

89 2507 198 2592 slide,
222 2503 584 2575 coasferuntstndium
609 2518 644 2573 ct
660 2526 802 2593 operam
819 2505 861 2572 ad
878 2497 998 2572 Evan-
1049 2499 1372 2573 nondedoctriua.
1423 2496 1520 2590 Ergo
1537 2502 1598 2574 alii
1616 2505 1654 2571 in
1670 2500 1818 2584 scholis,
1853 2504 1890 2572 in
1905 2503 2035 2594 guber·

89 2612 94 2679 i
116 2607 431 2701 propagationem,
461 2608 656 2675 ostendunt
685 2628 784 2674 suam
808 2605 999 2675 confessio·
1049 2600 1195 2669 natione
1211 2602 1415 2686 civitatum,
1438 2606 1633 2695 suscipiant
1654 2601 1747 2675 hanc
1770 2630 1903 2678 curam·
1951 2606 2035 2677 Hoc

89 2711 302 2803 ,serviunt
325 2709 524 2792 vocationi,
558 2707 714 2800 denique
740 2720 916 2798 praestant
941 2706 999 2797 pia
1048 2702 1258 2771 sacrificium
1276 2706 1467 2796 praecipue
1486 2703 1583 2777 Deus
1606 2709 1652 2777 ab
1674 2708 1842 2779 omnibus
1869 2709 2036 2799 postulat,

89 2814 123 2884 ia
148 2810 264 2883 aDeo
287 2813 473 2893 mandata,
503 2825 708 2879 exercentur
730 2809 895 2898 periculis
920 2835 999 2878 om·
1050 2803 1139 2874 sicut
1154 2801 1280 2875 Petrus
1301 2807 1420 2898 inquit
1446 2823 1589 2877 vocatos
1614 2834 1679 2880 nos
1698 2834 1789 2896 esse,
1815 2824 1853 2881 ut
1877 2811 2034 2882 celebre·

89 2916 244 3005 geueris,
272 2915 455 3007 inquibus
478 2925 639 2981 exercent
661 2912 939 2996 invocationem,
965 2924 1000 2982 et
1049 2930 1128 2975 usus
1151 2903 1218 2975 Dei
1243 2909 1466 2983 beneficium.
1517 2907 1588 2980 Hic
1611 2913 1820 3003 praecipuus
1845 2913 1927 2983 finis
1952 2937 2033 2983 om-

99 3018 199 3088 bona
223 3013 343 3107 opera.
405 3013 509 3083 Hanc
531 3014 667 3082 affirmo
692 3036 764 3081 esse
788 3037 906 3081 veram
928 3010 998 3081 Ec·
1048 3008 1149 3079 nium
1190 3012 1420 3080 consiliorum
1454 3024 1561 3104 atque
1599 3015 1780 3084 actionum
1814 3016 2035 3105 sapientibus

90 3141 171 3201 am,
207 3142 290 3188 curn
311 3142 380 3211 qua
405 3130 542 3206 oportet
569 3117 646 3206 pios
668 3116 801 3207 ubique
823 3129 997 3185 terrarum
1048 3111 1249 3200 propositus
1268 3137 1341 3183 esse
1361 3114 1485 3196 debet,
1513 3128 1551 3183 ut
1567 3130 1698 3186 ornent
1720 3116 1870 3206 gloriam
1885 3112 2032 3190 Christi.

89 3238 221 3293 unctos
243 3243 334 3300 esse,
372 3219 568 3300 sententia,
602 3218 782 3286 voluntate
805 3231 838 3286 et
860 3217 1001 3287 curiles·
1049 3210 1119 3281 Pro
1138 3206 1204 3281 hoc
1219 3215 1335 3286 officio
1359 3214 1515 3304 ingentia
1531 3219 1687 3308 praemia
1705 3217 1891 3308 pollicetur
1909 3220 1945 3286 in
1965 3215 2034 3288 hoc

89 3348 118 3397 2,
173 3320 635 3395 Aegalespggegensionei
661 3319 835 3389 beneficio
861 3333 999 3389 nostras
1049 3314 1222 3386 versiculo
1246 3314 1358 3387 Deus:
1386 3316 1485 3388 Beati
1506 3334 1630 3404 erum,
1657 3323 1718 3414 qui
1744 3309 1893 3409 diligent
1910 3317 2034 3391 E'ccle·

89 3425 205 3511 esias,
231 3449 321 3516 quae
345 3423 554 3514 profitentur
580 3445 703 3510 puram
718 3419 903 3511 Evangelii
928 3426 998 3491 ‹lo-
1048 3417 1155 3488 siam:
1183 3418 1444 3506 defensionem,
1471 3434 1667 3506 successus,
1694 3423 2034 3517 etsalutemperpe-

88 3554 181 3608 ram,
216 3550 306 3619 quae
329 3541 380 3595 est
404 3527 482 3595 sine
507 3524 577 3593 nlla
601 3525 826 3595 dubitatione
850 3549 999 3594 consen·
1048 3532 1144 3588 tuam
1163 3517 1432 3610 promittithis,
1463 3523 1524 3617 qui
1544 3548 1661 3593 veram
1679 3523 1872 3594 Ecclesiam
1900 3541 2035 3599 amant.

89 3656 95 3701 v
116 3630 298 3701 sententia
317 3624 510 3699 catholicae
527 3625 704 3720 Ecclesiae
724 3623 871 3700 Christi.
919 3624 998 3697 Uti·
1048 3619 1124 3690 Hac
1139 3645 1225 3690 voce
1239 3624 1286 3713 pii
1303 3626 1494 3694 exsrscitent
1505 3627 1643 3696 animos
1658 3630 1700 3696 ad
1715 3652 1836 3697 curam
1853 3634 2035 3699 ornandae

97 3735 233 3807 bonae
247 3744 384 3801 mentes
409 3731 654 3811 considerent,
676 3743 850 3819 quantum
871 3729 999 3800 referat
1047 3719 1250 3809 Ecclesiae,
1292 3750 1397 3818 seque
1428 3751 1501 3796 non
1539 3733 1645 3798 modo
1670 3732 1839 3799 adversus
1862 3745 2033 3824 tyranno·

101 3846 185 3905 esse
207 3834 245 3902 in
276 3834 400 3905 castris
430 3828 587 3902 hostium
611 3829 806 3916 Ecclesiae,
837 3834 896 3901 sed
923 3855 998 3900 esse
1047 3849 1126 3894 rum
1143 3826 1258 3894 minas
1280 3830 1509 3916 confirment,
1547 3834 1608 3900 sed
1634 3832 1739 3899 etiarn
1763 3848 1885 3900 contra
1911 3829 2034 3920 sophi-

89 3962 116 4008 n
134 3960 243 4007 verae
257 3933 434 4004 Ecclesiae
449 3930 596 4016 Christi,
624 3948 886 4026 propterquam
903 3932 998 4004 Deus
1047 3928 1168 3996 sticam
1191 3929 1334 3999 illorum
1353 3934 1536 4014 muniant,
1563 3935 1625 4026 qui
1648 3934 1737 4002 falso
1762 3933 1983 4025 antiquitatis
1999 3948 2034 4005 et

91 4056 234 4115 tescere
250 4037 381 4122 voluit,
411 4050 673 4128 propterquam
690 4037 810 4103 omnia
826 4036 1000 4122 condidit,
1046 4026 1226 4099 Ecclesiae
1257 4034 1457 4104 testimonia
1490 4038 1534 4104 ad
1567 4037 1811 4106 defensionem
1840 4035 2034 4126 impiorum

89 4141 196 4215 ofilii
214 4140 268 4210 sui
287 4138 726 4225 sanguinesanctificavit,
752 4139 790 4205 in
815 4163 884 4229 qua
901 4151 998 4229 pate·
1046 4134 1251 4220 dogmatum
1278 4136 1407 4216 citant,
1441 4140 1484 4206 ad
1512 4162 1601 4227 quos
1629 4139 1835 4208 refutandos
1866 4134 2034 4208 nonnihil

105 4269 147 4317 se
173 4242 445 4312 admirabilibus
468 4240 634 4330 operibus
658 4263 719 4328 per
742 4253 870 4330 patres,
910 4238 998 4322 Nos,
1046 4235 1221 4307 instruere
1248 4240 1425 4310 studiosos
1449 4240 1559 4310 volui.

89 4342 216 4430 ώσω,
256 4338 403 4434 loseph,
443 4343 595 4425 Mosen,
636 4338 829 4425 Davidem,
868 4339 998 4429 Ellam,

89 4472 211 4532 mum,
250 4445 459 4538 Apostolos,
499 4445 690 4536 etreliqua
714 4444 850 4514 lumina
874 4443 996 4514 Eccle-

89 4606 102 4645 ,
146 4551 307 4641 denique
339 4574 430 4641 quac
465 4544 609 4617 habebit
643 4546 751 4614 vitam
781 4561 816 4618 et
846 4547 995 4637 gloriam
1423 4503 1562 4613 calmi
1590 4504 1692 4593 xv·

89 4677 209 4738 mm,
232 4653 372 4721 sffl²¹¹¹f
395 4651 608 4719 ⁶⁰¹¹¹l¹¹⁸¹⁶i⁰
630 4646 697 4716 D‘i
724 4663 758 4720 ‘i
775 4650 914 4741 Pi⁰¹¹²¹¹¹
932 4674 997 4720 ³¹¹·
1045 4661 1233 4736 Debemus
1257 4675 1379 4735 nutem
1404 4691 1471 4735 nus
1481 4663 1595 4760 firmi
1613 4663 1850 4762 infirmitates
1875 4667 2037 4742 imbecil-

89 4780 182 4829 rum.
236 4752 377 4842 Quanta
398 4752 510 4842 gloria
534 4765 568 4820 et
584 4751 768 4821 beatitudo
792 4767 863 4833 est,
890 4748 998 4825 buius
1395 4765 1490 4839 lium
1513 4769 1684 4848 golam·

89 4883 125 4931 ts
145 4856 286 4927 socium
311 4878 403 4939 esse,
437 4851 505 4924 hoc
528 4853 667 4942 agmine
691 4855 866 4942 conspici,
899 4858 996 4948 quod

88 4954 301 5041 tChristus,
327 4960 423 5050 quod
440 4957 696 5027 circumvolant
720 4956 768 5045 pii
792 4958 932 5055 angeli,
958 4959 997 5029 in
1150 4951 1376 5048 Apostrophe
1397 4962 1510 5030 estad
1535 4961 1718 5048 fortiores,
1744 4961 1782 5032 in
1805 4985 1873 5056 qua
1890 4960 2036 5029 alteram

98 5064 274 5137 incedunt
298 5061 495 5152 principes,
516 5060 652 5142 Adam,
673 5055 772 5137 Noe,
799 5056 998 5144 Abrabam,
1047 5083 1089 5131 ex
1129 5059 1375 5149 superioribus
1408 5064 1712 5156 propositionibus
1753 5063 1893 5155 repetit.
1944 5058 2036 5130 Nam

89 5188 148 5253 es,
171 5160 290 5244 Elias,
317 5178 350 5232 et
373 5163 499 5254 reliqui
527 5162 594 5230 viri
622 5159 821 5248 insignibus
846 5163 996 5251 praediti
1046 5186 1127 5231 cum
1156 5176 1259 5232 autea
1293 5165 1434 5260 utrique
1460 5169 1550 5258 parti
1576 5169 1807 5238 concionatus
1830 5166 1895 5246 sit,
1940 5184 2038 5232 nunc

89 5266 147 5337 ir..
176 5263 304 5336 luhoc
325 5267 465 5353 agmine
490 5266 718 5333 iamcertum
742 5277 840 5332 tenes
863 5266 995 5350 lucram,
1046 5267 1149 5335 docet
1174 5288 1251 5333 earn
1277 5281 1432 5357 partem,
1464 5294 1569 5363 aqua
1594 5269 1673 5356 plns
1695 5266 1906 5361 prudentiae
1931 5278 2038 5356 atque

89 5391 130 5459 ru
141 5369 308 5455 adiuvas,
333 5391 408 5438 non
425 5370 632 5461 comprobas
648 5359 804 5438 hostium
816 5361 998 5439 Ecclesiae
1019 5416 1023 5424 -
1045 5367 1233 5463 aequitatis
1264 5370 1480 5465 requiritur,
1521 5370 1685 5443 videlicet
1713 5368 1900 5443 doctiores.
1965 5363 2038 5438 Po-
