4522 5782
10 402 13 465 l

10 470 13 533 l

57 189 103 281 at
446 186 532 263 xu.
585 138 1447 283 uuunmnnmevnnn1oann1s.
1500 185 1605 262 cle.
1637 186 1702 261 ru.
1935 246 1938 251 ,
2046 198 2098 275 02

59 340 294 453 mortalitatis.
324 358 424 433 Dum
437 361 497 448 ait,
515 360 695 434 se‘esseirt
716 364 826 449 coelo,
849 362 933 434 facit
949 386 1052 433 men·
1103 375 1239 433 mentes
1254 361 1616 445 adinobedientiam,
1643 386 1749 454 qnam
1772 379 1889 438 secuta
1911 342 1962 436 est
1979 368 2096 440 bono-

59 468 193 539 tionem
214 480 379 537 aeternae
402 465 582 539 societatis
605 491 686 538 cnrn
703 466 804 552 Deo,
830 489 901 560 qua
916 480 1051 557 patrem
1103 488 1183 535 rum
1224 465 1429 535 coelestium
1459 462 1625 555 spoliatio
1659 479 1693 535 et
1728 490 1835 541 mors.
1902 469 1975 541 Sed
2007 467 2093 544 haee

10 632 12 643 .
61 569 172 649 ridet,
206 581 242 637 et
264 592 347 639 cunr
371 591 412 637 eo
435 583 487 639 est
509 569 649 655 efficax,
679 567 837 656 tametsi,
870 583 910 639 ut
932 567 1051 662 inquit
1103 567 1185 658 quia
1210 567 1519 639 communiasnnt
1540 567 1720 651 omnium,
1759 569 1891 640 leviora
1916 573 2093 647 ducimus·

61 669 243 761 heraeus,
270 670 466 762 potentiam
487 667 667 751 cohibuit,
701 696 781 741 cum
808 694 889 739 earo
911 685 1049 768 patere-
1101 667 1183 761 an
1200 671 1347 763 quiescit
1364 664 1422 738 hic
1437 689 1600 760 serpens,
1627 671 1686 738 sed
1709 672 1811 741 novis
1834 674 2011 745 morsibus
2032 670 2093 746 acss

61 791 141 861 tor,
160 775 270 843 verba
295 771 433 843 Irenaei
457 769 543 843 haec
566 787 664 845 sunt:
704 770 887 845 Christum
910 797 1049 861 passum
1102 773 1222 841 cendit
1237 788 1337 845 vetus
1359 795 1535 842 venenum
1560 771 1598 839 in
1623 773 1790 860 siugulis,
1817 799 1881 844 nee
1902 778 2090 870 quisquam

62 900 128 947 esse
164 876 411 969 requiescente
449 876 578 962 verbo,
624 891 665 948 nt
692 876 848 965 cruciligi
883 899 922 945 ac
957 875 1050 945 mori
1101 888 1170 959 est,
1197 873 1674 968 quinonsaucietnraliquo
1696 877 1840 964 insigni
1859 878 2025 963 vulnere,
2051 896 2090 951 nt

61 991 181 1072 posset.

206 1108 311 1183 Sient
333 1106 474 1183 Moses.
487 1110 673 1185 exaltarit
694 1120 901 1209 serpentem.

154 1244 267 1321 Prior
287 1248 484 1341 propositio
507 1251 615 1322 dixit:
651 1246 720 1319 Per
742 1250 857 1320 solum
879 1247 1048 1319 Moesiam

58 1353 185 1449 placari
213 1352 305 1421 iram
328 1348 417 1437 D'ei,
458 1352 574 1423 solum
595 1350 765 1422 Messium
797 1353 986 1422 ascendere
1009 1352 1049 1420 in

58 1454 219 1539 coelum,
244 1448 313 1525 hoc
331 1468 400 1535 est,
432 1476 506 1523 esse
530 1454 759 1525 mediatorem
781 1470 815 1524 et
835 1454 1048 1546 placatorem

56 1558 124 1629 irae
156 1554 241 1628 Dei.
304 1554 476 1651 Sequitur
511 1548 664 1627 secunda
701 1556 917 1648 propositio,
959 1580 1049 1651 quac

56 1660 292 1731 concionatur
313 1658 359 1727 de
376 1672 488 1730 morte
509 1656 679 1745 Messiae‚
711 1671 747 1729 et
764 1659 808 1727 dc
824 1660 950 1749 modo,
978 1683 1049 1753 quo

51 1760 270 1831 beneficium
308 1760 383 1849 eiqs
421 1754 734 1853 apprehendimus.
797 1758 898 1832 Sicut
929 1760 1049 1831 Moses

53 1864 224 1934 exaltavit
237 1872 434 1954 serpentem
457 1864 495 1933 in
516 1866 672 1949 deserto,
698 1864 748 1933 sic
772 1864 917 1934 exaltari
942 1888 1048 1956 opor-

53 1978 100 2038 tet
114 1963 236 2034 filium
260 1961 435 2046 hominis,
463 1965 500 2035 id
521 1980 591 2047 est,
617 1979 655 2035 nt
672 1979 832 2035 mortuus
849 1989 993 2057 serpens
1011 1966 1049 2033 in

54 2070 197 2137 deserto
217 2069 484 2158 proponebatur
498 2068 600 2139 vobis
624 2067 913 2159 conspiciendus,
942 2085 975 2139 et
993 2091 1049 2135 sa-

54 2171 239 2240 nabantur
264 2169 343 2255 illi,
384 2171 444 2263 qui
468 2195 548 2239 eum
579 2170 814 2261 aspiciebant:
862 2173 909 2239 ita
936 2183 1049 2239 vester

53 2270 206 2343 Messias
220 2271 392 2363 pendebit
406 2288 586 2357 mortuus,
613 2275 672 2341 sed
689 2267 775 2341 haee
790 2296 884 2342 mors
905 2272 970 2342 erit
985 2299 1048 2341 vo·

53 2375 108 2444 bis
125 2372 313 2459 salutaris,
338 2374 367 2440 si
392 2374 587 2465 aspicietis,
621 2375 658 2442 id
680 2387 748 2459 est,
781 2373 812 2444 si
833 2373 1048 2463 cognoscetis

55 2474 249 2555 Messiam,
286 2489 320 2546 ει
344 2475 472 2545 fiducia
507 2476 619 2575 ipsius
641 2475 791 2546 credetis
814 2501 877 2546 vos
895 2476 1007 2568 recipi
1029 2499 1047 2544 a

55 2575 151 2662 Deo,
177 2600 221 2646 ac
237 2577 367 2651 sanari.
400 2574 503 2647 Hanc
519 2578 728 2649 concionem
746 2574 957 2659 Pharisaeus
973 2601 1049 2647 ma-

54 2679 107 2768 gis
127 2679 281 2751 miratus
302 2693 365 2752 est.
417 2676 452 2751 ls
476 2678 573 2749 enim
596 2680 749 2751 somniat
771 2704 918 2751 aureum
947 2703 1049 2749 secun

54 2782 151 2861 lum,
188 2804 266 2850 non
304 2780 432 2871 cogitat
457 2780 607 2853 Messiae
636 2782 880 2853 foedissimum
911 2783 1049 2874 suppli-

56 2884 175 2967 cium,
199 2907 267 2952 nec
282 2882 347 2953 scit
363 2882 456 2955 mitti
472 2909 573 2964 eum,
606 2900 647 2956 ut
666 2885 727 2956 fiat
749 2884 891 2955 victima
913 2888 956 2955 ad
973 2885 1051 2974 pla-

56 2987 206 3055 candam
222 2984 312 3053 iram
328 2982 409 3060 Dei.
459 2983 567 3057 Nulla
592 3002 749 3058 creatura
768 2986 1051 3076 magnitudinem

56 3088 131 3157 irae
160 3087 305 3156 divinae
339 3088 507 3157 adversus
538 3103 719 3181 peecatum
751 3085 1052 3180 comprehendere

56 3202 183 3281 potest.
249 3187 335 3257 ldeo
365 3184 543 3259 humanae
576 3206 711 3261 mentes
751 3214 871 3261 secure
896 3195 938 3260 de
964 3190 1053 3274 Deo,

55 3306 230 3385 tanquam
254 3293 299 3359 de
324 3291 499 3362 oblivioso
523 3316 603 3382 rege
627 3295 802 3383 cogitant,
844 3295 903 3361 sed
934 3316 1051 3361 veram

55 3406 92 3464 et
112 3389 329 3463 horribilem
353 3392 443 3463 iram
472 3417 546 3465 esse
574 3397 783 3487 magnitudo
813 3394 1051 3466 calamitatum

54 3490 300 3565 humanarum
325 3494 512 3593 signifipat,
538 3521 661 3567 verum
683 3498 795 3567 multo
812 3498 922 3587 magis
938 3495 974 3565 id
990 3500 1051 3564 de-

56 3598 169 3666 clarat
183 3595 250 3663 lilii
264 3596 419 3688 oblatio,
445 3622 537 3690 quae
560 3612 708 3671 testatur
723 3613 856 3670 tantam
883 3600 954 3666 vim
979 3598 1051 3667 irae

54 3694 123 3770 Dei
155 3720 250 3779 esse,
290 3712 331 3769 ut
361 3699 432 3769 nisi
466 3702 733 3801 deprecatione,
781 3701 984 3771 obedientia
1020 3712 1054 3769 ct

55 3813 174 3870 morte
196 3798 281 3881 lilii,
313 3798 406 3873 flecti
424 3796 520 3873 Deus
543 3828 617 3873 uon
644 3803 808 3875 voluerit.
859 3800 956 3871 Haec
979 3827 1052 3871 non

54 3902 237 3973 intellexit
252 3897 483 3988 Pharisaeus,
508 3929 582 3974 nou
606 3928 753 3975 cerneus
778 3906 909 3997 peccati
935 3906 1053 3973 delor-

54 4006 241 4088 mitatem,
267 4016 301 4074 et
317 4006 428 4075 deira
453 4007 583 4095 frigide
605 4009 783 4097 cogitans,
818 4021 852 4077 et
875 4029 973 4076 suam
997 4007 1055 4075 iu-

57 4206 266 4291 Christum,
294 4210 355 4302 qui
373 4206 602 4301 reprehendit
618 4207 684 4280 has
699 4215 861 4282 tenebras
879 4207 1056 4279 humanae

58 4308 281 4407 hypocrisis,
305 4335 345 4379 ac
360 4325 508 4383 testatur
525 4337 598 4383 non
615 4315 748 4412 placari
768 4314 855 4382 iram
873 4311 959 4397 Dei,
987 4313 1056 4380 nisi

57 4437 121 4505 per
137 4413 256 4481 filium
276 4415 521 4505 deprecantem
548 4442 612 4509 pro
638 4417 762 4494 nobis,
788 4429 820 4485 et
836 4414 1056 4485 derivantem

57 4516 150 4586 iram
172 4514 211 4582 in
230 4537 314 4586 sese.

1099 991 1237 1067 raperet
1268 977 1373 1046 amici
1408 976 1618 1065 coniugem,
1666 977 1880 1049 interficeret
1912 983 2092 1056 maritum.

1101 1076 1179 1148 Hor
1194 1080 1325 1148 vulnus
1340 1104 1419 1147 cum
1438 1079 1576 1148 lecisset
1597 1100 1739 1170 serpens
1757 1080 1794 1147 in
1810 1079 2091 1170 cordeDavidis',

1101 1205 1190 1274 quae
1209 1195 1326 1272 postea
1343 1194 1480 1250 secutae
1503 1194 1587 1251 sunt
1608 1184 1730 1250 caedes
1748 1182 1925 1263 liliorum,
1950 1187 2092 1270 seditio,

1101 1296 1277 1374 stupratae
1300 1283 1490 1371 coniuges?
1530 1279 1597 1350 His
1619 1284 1727 1354 tantis
1750 1286 1853 1354 malis
1869 1286 1999 1357 vulnus
2014 1289 2091 1359 Da·

1102 1385 1194 1454 vidis
1217 1385 1459 1454 crudelissime
1488 1384 1679 1454 laceratum
1696 1396 1772 1458 ‘est
1825 1384 1895 1456 Hic
1918 1387 2028 1458 sensit
2054 1415 2091 1460 se

1101 1511 1175 1558 non
1190 1510 1263 1557 esse
1280 1488 1412 1558 iustum
1438 1509 1501 1555 sna
1523 1488 1717 1571 munditie,
1743 1485 1801 1557 hic
1827 1490 1936 1560 sensit
1952 1493 2091 1580 magni-

1101 1590 1264 1661 tudinem
1278 1590 1439 1660 miseriae
1459 1584 1654 1679 hnmanae,
1681 1603 1715 1659 et
1732 1591 1803 1658 vim
1818 1592 2092 1679 maledictionis,

1101 1706 1135 1763 et
1150 1693 1314 1783 opposuit
1330 1691 1600 1784 promissionem
1617 1715 1657 1759 ac
1674 1692 1800 1763 didicit
1817 1693 2014 1784 intelligere
2028 1699 2091 1766 be-

1102 1795 1339 1866 nedictionem
1365 1792 1572 1885 promissam
1599 1807 1745 1885 propter
1768 1793 1953 1880 Messiam,
1994 1802 2089 1889 quod
2137 1792 2140 1798 ’

1101 1921 1122 1967 a
1144 1897 1289 1967 saevitia
1315 1896 1450 1966 diaboli
1477 1908 1513 1965 et
1534 1917 1643 1983 reguo
1673 1898 1806 1986 peccati
1830 1920 1895 1966 uos
1920 1899 2090 1969 liberatu-

1101 2023 1161 2068 rus
1177 1999 1232 2070 sit.
1285 1996 1384 2068 Sicut
1400 2010 1517 2089 postea
1532 1997 1570 2064 iu
1589 1995 1721 2065 loanne
1736 1999 1906 2088 scriptum
1929 2014 1997 2070 est:
2027 2000 2090 2071 Fi·
2120 2000 2125 2006 ’

1101 2103 1169 2170 lius
1185 2100 1250 2170 Dei
1267 2101 1452 2189 apparuit,
1479 2112 1518 2169 ut
1533 2101 1691 2168 destruat
1706 2125 1813 2191 opera
1830 2101 1976 2170 diaboli.
2016 2100 2093 2174 Hac

1100 2205 1168 2272 lide
1186 2202 1448 2271 misericordiae
1463 2198 1530 2270 Dei
1546 2202 1739 2291 promissae
1763 2215 1907 2291 propter
1922 2200 2091 2275 Messiam

1100 2309 1362 2394 deprecatorem
1394 2318 1429 2375 et
1459 2302 1705 2395 liberatorem,
1745 2301 1861 2374 David
1891 2328 1927 2373 se
1954 2322 2094 2378 susten-

1101 2409 1208 2480 tabat.

1205 2505 1254 2580 Ut
1267 2521 1386 2579 antem
1409 2507 1447 2576 in
1470 2511 1607 2580 deserto
1631 2531 1761 2578 aeneus
1783 2531 1926 2597 serpens
1947 2512 2095 2601 erigitur

1103 2612 1269 2680 mandato
1285 2611 1429 2691 divino,
1456 2612 1505 2682 ita
1532 2626 1566 2681 et
1591 2610 1740 2681 Messias
1764 2613 1933 2682 mandato
1958 2617 2094 2683 aeterni

1102 2714 1213 2805 patris
1228 2713 1399 2796 mittitur,
1426 2727 1459 2783 et
1477 2715 1514 2783 lit
1532 2714 1686 2786 victima.
1741 2711 1788 2783 Ut
1810 2712 1919 2801 igitur
1933 2731 2093 2786 mortuus

1104 2837 1273 2907 serpens,
1301 2818 1429 2906 pendet
1452 2814 1490 2885 in
1514 2840 1616 2887 cruce
1632 2811 1795 2886 Christus
1820 2829 2000 2903 mortuus,
2032 2820 2096 2912 qui

1104 2919 1230 3008 etipse
1247 2918 1395 3006 figuram
1417 2918 1508 3007 gerit
1526 2918 1718 3009 serpentis,
1744 2918 1827 3010 quia
1852 2919 1973 2990 induit
1995 2922 2097 2991 siroi-
2166 3004 2170 3012 .

1105 3021 1175 3088 lem
1191 3032 1355 3088 naturam
1370 3020 1657 3110 earnispeccati,
1688 3042 1728 3088 ac
1753 3019 1985 3091 sustinentem
2009 3047 2096 3113 poe-

1106 3145 1169 3191 nas
1186 3121 1337 3212 peccati,
1363 3144 1505 3189 sensum
1525 3123 1598 3190 irae
1612 3123 1679 3192 Dei
1703 3135 1737 3190 et
1765 3136 1931 3192 mortem:
1971 3129 2031 3193 sed
2058 3141 2098 3195 ut

1106 3225 1323 3294 sanabantur
1353 3224 1564 3313 aspicientes
1593 3222 1744 3313 figuram
1774 3224 1892 3308 illam,
1938 3226 1987 3295 ita
2021 3229 2098 3296 vult

1105 3325 1202 3396 Deus
1233 3325 1343 3415 aspici
1373 3325 1562 3406 Messinm,
1604 3328 1640 3396 id
1672 3339 1740 3410 est,
1776 3327 1920 3415 agnosci
1941 3342 1976 3398 et
1991 3330 2099 3410 credi,

1106 3431 1200 3522 qnod
1220 3429 1296 3517 ipso
1310 3430 1520 3518 deprecante
1535 3443 1569 3499 ει
1584 3429 1758 3499 liberante
1773 3452 1950 3501 sanemur.
2003 3430 2100 3500 llaec

1106 3533 1154 3602 ita
1168 3530 1395 3600 declarentur
1413 3531 1451 3598 in
1471 3533 1548 3622 ipso
1572 3545 1687 3616 textu,
1713 3531 1875 3623 sequitur
1890 3534 1998 3601 euim.

1157 3698 1220 3773 Sic
1236 3708 1372 3796 oportet
1379 3694 1509 3790 filium
1529 3694 1692 3769 bominis
1714 3698 1899 3787 exaltari,
1927 3710 1964 3770 ut
1983 3701 2102 3770 ononis

1209 3802 1276 3902 qui
1292 3798 1403 3872 eredit
1418 3800 1457 3870 in
1476 3826 1555 3872 eom
1565 3856 1576 3888 ,
1604 3828 1679 3872 non
1694 3812 1829 3898 pereat.

1184 3934 1259 4006 lam
1292 3930 1377 4003 haec
1407 3960 1488 4025 pars
1521 3937 1704 4005 concionis
1743 3936 1920 4026 superiori
1947 3938 2103 4018 additur,

90 4108 135 4125 ..
218 4103 229 4121 .
356 4110 364 4126 .
509 4109 517 4124 .
748 4109 793 4125 „
944 4109 952 4124 ,
1077 4064 1188 4109 ‚eum
1212 4040 1256 4106 de
1286 4036 1485 4106 ministerio
1513 4039 1705 4108 diceretur:
1750 4039 1827 4110 Nisi
1852 4040 1932 4130 quis
1960 4053 2104 4108 renatus

57 4122 199 4178 stiriam
216 4110 408 4177 immodice
423 4109 613 4184 admirans.
657 4108 730 4179 Nos
748 4122 855 4198 igitur
870 4112 1055 4178 audiamus
1077 4116 1081 4191 1

1107 4142 1216 4212 fuerit
1237 4164 1278 4209 ex
1305 4162 1395 4232 aqna
1426 4153 1461 4209 et
1482 4140 1619 4230 spiritu.
1675 4140 1865 4228 Quomodo
1883 4142 1928 4237 ¹fit
1945 4136 2030 4211 haee
2049 4168 2104 4210 re.-

1079 4280 1083 4345 1
1110 4241 1317 4334 generatio?
1350 4246 1529 4333 quomodo
1556 4259 1607 4312 est
1627 4244 1747 4310 efficax
1761 4241 1917 4331 Spiritus
1941 4245 2105 4312 sauctus?

1112 4348 1291 4440 quomodo
1309 4345 1480 4413 illucescit
1504 4345 1542 4411 in
1567 4341 1710 4412 homine
1734 4368 1825 4413 rtova
1840 4360 1877 4415 et
1892 4359 2032 4413 aeterua
2051 4348 2105 4414 iu-

1112 4451 1211 4520 sticia
1237 4462 1270 4516 et
1292 4446 1391 4515 vita?
1442 4444 1648 4535 Respondet
1671 4447 1843 4515 intuendo
1865 4448 1902 4514 in
1924 4443 2107 4516 Christum

1114 4549 1337 4630 crucifixum,
1377 4543 1445 4614 hoc
1468 4561 1536 4631 est,
1579 4548 1733 4619 fideseu
1753 4547 1881 4617 fiducia
1906 4545 2106 4638 apprehen-

163 4648 263 4722 Haec
287 4655 463 4745 significat
487 4671 521 4727 et
543 4672 666 4754 typus,
693 4678 798 4747 quem
815 4648 978 4725 Christus
991 4650 1061 4722 hnc
1084 4648 1089 4665 '
1113 4657 1219 4724 dente
1246 4649 1535 4719 misericordiam.
1587 4649 1676 4721 Cum
1697 4653 1735 4717 in
1758 4651 1975 4740 poenitentia
1995 4667 2029 4721 ει
2047 4678 2107 4720 ve-

58 4756 328 4843 accornmodat,
351 4782 393 4827 ex
406 4763 466 4832 et.
484 4784 558 4851 cap.
575 4758 680 4827 Num.
724 4755 1062 4845 lctiaserpentihus
1115 4758 1165 4826 ris
1187 4752 1384 4824 terroribus
1404 4751 1472 4820 fide
1493 4766 1732 4822 sustentamur
1754 4768 1789 4822 et
1811 4752 1999 4840 erigimur,
2032 4781 2107 4824 cer-

59 4858 196 4948 igneis,
235 4881 317 4927 cum
344 4862 561 4958 aspiciebant
592 4883 741 4928 aeneum
766 4871 985 4948 serpentem,
1017 4858 1074 4934 ad⁴
1115 4873 1189 4930 turn
1210 4853 1714 4935 estherireconciliationem,
1740 4855 1871 4958 remitti
1891 4872 2049 4946 peccato,
2074 4872 2107 4926 et

59 4954 130 5032 hoc
146 4956 355 5030 ordinatum
375 4964 542 5035 mandato
556 4960 642 5045 Dei,
680 4956 908 5031 sanabanlur.
961 4956 1063 5028 Faci-
1116 4959 1241 5028 donari
1260 4956 1435 5048 Spiritum
1452 4971 1623 5030 sanctum.
1676 4957 1792 5026 Simul
1811 4960 1917 5038 enim,
1937 4969 2023 5029 ‘cum
2045 4955 2109 5028 hac

62 5064 105 5135 lis
122 5076 176 5134 est
192 5064 393 5147 enarratio,
420 5081 545 5135 natura
571 5059 726 5131 humana
752 5059 973 5133 horribiliter
996 5062 1062 5129 icta
1116 5066 1191 5153 ipsa
1227 5061 1295 5128 fide
1325 5074 1583 5144 sustentamur,
1625 5061 1798 5150 accipitur
1835 5061 1990 5151 Spiritus
2028 5085 2110 5131 san-

62 5179 339 5255 estaserpente
363 5167 522 5259 inlapsu
546 5179 745 5259 parentum.
786 5163 893 5251 lguea
912 5178 945 5234 et
967 5188 1063 5232 acer·
1089 5210 1093 5275 ¹
1117 5179 1211 5246 ctus,
1253 5177 1292 5231 nt
1324 5164 1366 5230 ad
1391 5159 1472 5234 Gal.
1498 5165 1533 5233 δ.
1570 5162 1717 5231 dicitur:
1767 5161 1815 5233 Ut
1841 5162 2111 5251 promissionem

63 5268 156 5336 rima
169 5267 240 5337 fuit
257 5267 312 5336 vis
327 5273 475 5354 veneni,
503 5270 600 5362 qnod
618 5268 752 5337 afflavit
768 5265 829 5334 ille
846 5289 1001 5356 serpens,
1027 5266 1063 5333 id
1090 5292 1093 5375 q
1118 5268 1263 5357 spiritus
1293 5264 1506 5352 accipiamus
1536 5289 1597 5355 per
1622 5265 1737 5332 helem.
1791 5262 1874 5331 ldeo
1903 5278 1935 5332 et
1959 5263 2099 5337 Heln?

68 5383 134 5450 est,
170 5370 415 5460 persuasionis
442 5398 505 5443 seu
527 5370 768 5461 deceptionis,
803 5392 892 5462 quae
922 5369 1066 5459 impulit
1120 5370 1188 5440 ait:
1218 5366 1421 5439 lustusfide
1446 5389 1509 5437 sua
1534 5367 1645 5451 vivet,
1679 5368 1715 5433 id
1740 5379 1808 5449 est,
1840 5367 1909 5434 hdo
1933 5381 2066 5438 ntrune

122 5475 302 5540 streame.
335 5478 438 5546 Oeen.
467 5479 550 5543 Vos..
570 5476 648 5542 XV!
1386 5468 1411 5542 6
