4522 5782
73 210 157 289 m
485 204 579 296 lel.
628 201 936 283 damnantu-
955 202 1008 281 tn
1033 201 1219 283 ΝΛΜ»
1242 202 1456 283 mannis.
1504 200 1611 289 CAP.
1637 209 1726 287 att·
2039 218 2118 297 tto

174 380 247 457 Sed
261 403 354 476 qnae
367 368 552 466 samam,
573 403 638 451 eur
652 380 829 473 sapientes
843 381 965 451 minus
979 402 1066 470 per·
1117 381 1161 450 ad
1185 380 1321 452 fontem
1344 376 1529 475 hydriam,
1564 380 1704 453 omissis
1728 406 1847 458 rerum
1869 390 2112 482 corporalium
2239 420 2242 425 ·

13 508 18 515 ·
70 485 221 559 ven'mnt
233 486 279 555 ad
293 485 408 556 lucem
424 478 637 573 Evangelii?
661 481 765 554 Hauc
781 506 855 553 esse
870 482 956 555 dicit
969 480 1066 555 Pau·
1117 482 1231 563 curis,
1257 506 1318 554 seu
1340 484 1466 555 relicto
1491 483 1602 555 veteri
1617 486 1735 576 fonte,
1761 483 1830 559 hoc
1852 503 1921 577 est,
1944 495 2110 567 doctrina

68 593 145 663 lus:
172 585 270 676 Quia
290 581 448 657 humana
467 586 641 677 sapientia
660 587 731 657 sibi
754 587 886 677 placet,
916 598 951 654 et
971 582 1066 654 ludit
1115 586 1253 676 priore,
1284 586 1437 677 suscepit
1467 610 1602 656 novum
1635 589 1885 666 ministerium.
1950 591 2110 667 Orditur

69 690 303 785 opinionibus
316 687 452 761 delleo
471 688 636 759 infinitis:
667 688 749 759 ideo
765 689 962 781 plerunque
978 710 1065 755 con·
1116 702 1230 757 autem
1247 688 1475 773 amiraculo,
1500 690 1597 780 quod
1620 713 1749 781 ¹arcana
1775 692 1884 782 ipsius
1907 696 2111 769 recitaverit

68 793 200 865 temnit
232 788 384 863 verbum
414 790 498 874 Dei,
536 803 577 861 ut
602 791 637 862 1.
659 786 826 862 Corinth.
854 795 886 863 t.
914 788 1061 860 dicitur:
1115 783 1490 881 hichospesignotus,
1511 803 1547 859 et
1568 814 1645 858 eam
1662 794 1707 861 ad
1728 796 1983 885 poenitentiam
2000 823 2106 870 voca·

68 892 323 967 Praedicamus
341 887 527 963 Christum
547 891 773 973 crucifixum,
800 889 940 961 ludaeis
961 912 1063 959 scan·
1114 891 1225 974 verit,
1249 894 1342 963 etde
1357 916 1442 960 vero
1458 891 1555 963 cultu
1571 889 1639 961 Dei
1665 894 1845 980 docuerit,
1871 899 1916 966 de
1933 922 2006 996 quo
2023 921 2105 969 sen·
2145 932 2148 937 ·

68 998 216 1080 daleam
247 992 395 1067 Graecis
414 1018 499 1064 vero
519 993 720 1068 stultitiam.
769 990 876 1065 ltem:
910 993 1062 1061 Perdam
1113 994 1264 1077 tentiae,
1290 1016 1381 1084 quae
1397 992 1533 1063 suntin
1548 1007 1661 1080 textu,
1687 991 1780 1068 haud
1796 998 1909 1093 dubie¹
1928 1002 2107 1094 copiosius

69 1097 282 1192 apientiam
297 1096 511 1184 sapientum.
558 1096 608 1167 Et
624 1097 660 1168 2.
676 1090 841 1169 Corinth.
861 1097 921 1165 10.
940 1089 1062 1163 horta-
1113 1110 1295 1165 enarratae
1310 1108 1406 1170 sunt.

68 1218 147 1281 tur,
188 1211 233 1269 ut
259 1199 478 1289 captivemur
507 1197 726 1268 intellectum
754 1200 800 1267 ad
820 1195 1059 1267 obedientiam

10 1360 12 1369 .
67 1298 226 1377 Christo.
268 1298 353 1371 Non
366 1299 606 1370 existimemus
623 1293 709 1368 haec
725 1320 799 1368 esse
815 1298 943 1368 irivola
958 1319 1061 1387 prae-

10 1378 14 1461 l
68 1417 188 1497 cepta,
215 1402 277 1473 sed
299 1424 356 1472 res
378 1402 551 1483 ostendit,
578 1400 801 1491 gravissimos
824 1401 944 1491 lapsus
966 1423 1062 1468 sem·

10 1468 16 1599 i
67 1530 131 1600 per
158 1502 271 1575 tuisse
298 1496 474 1573 humanae
503 1503 714 1593 sapientiae,
761 1503 819 1571 vel
851 1501 1061 1579 doctrinam,
1189 1496 1268 1568 Hoc
1292 1498 1511 1592 colloquium
1528 1496 1660 1572 Christi
1682 1513 1715 1572 et
1737 1497 1994 1594 Apostolorum
2016 1506 2158 1593 sub-9

10 1612 12 1639 ⁵
68 1607 212 1679 velalia
233 1627 361 1695 magna
384 1605 526 1692 negotia
549 1603 740 1675 iudicantis
761 1604 838 1672 sine
857 1606 966 1673 verbo
985 1602 1063 1673 Dei.
1113 1602 1303 1671 obscurum
1327 1614 1397 1685 est,
1432 1603 1493 1669 sed
1520 1603 1557 1670 in
1584 1626 1720 1672 summa
1745 1606 1917 1693 significat
1939 1603 2105 1678 Christus

10 1694 13 1717 ⁷
69 1709 156 1780 Erat
174 1708 318 1799 sapiens
338 1706 526 1777 consilinm
548 1705 674 1805 populi
697 1703 825 1789 lsrael,
851 1703 1062 1795 postulantis
1113 1704 1213 1775 tectis
1230 1702 1346 1771 verbis
1364 1717 1435 1772 tres
1449 1704 1650 1774 sententias.
1695 1704 1814 1776 Prima
1831 1711 2104 1779 estdesuodo·

69 1833 208 1899 regem
238 1809 302 1878 sed
325 1805 403 1879 Deo
422 1807 603 1899 displicuit
634 1803 720 1876 haec
746 1807 937 1897 sapientia,
978 1806 1062 1899 quia
1114 1809 1201 1879 lore.
1258 1803 1427 1903 ‘Secunda
1448 1805 1493 1873 de
1512 1803 1722 1894 Prophetis,
1755 1821 1788 1877 et
1807 1810 1916 1878 veteri
1934 1806 2103 1885 Ecclesia.

70 1910 186 1983 voluit
207 1904 304 1979 hunc
327 1911 501 1999 populum
527 1909 601 1999 regi
624 1909 757 1993 verbo,
788 1921 825 1980 et
846 1921 1062 1999 expectares
1115 1906 1236 1976 Tertia
1253 1908 1298 1974 de
1317 1902 1510 1996 Apostolis.
1560 1905 1679 1999 Prima
1705 1912 1879 1980 sententia
1896 1913 1939 1981 de
1955 1936 2019 1981 suo
2035 1915 2102 1982 do-

15 2100 19 2107 ·
70 2011 146 2085 Deo
169 2011 426 2084 defensionem.
484 2007 574 2082 Erat
596 2012 736 2102 sapiens
758 2011 946 2082 consilium
966 2008 1080 2078 lero-'
1113 2010 1208 2092 lore,
1233 2007 1471 2096 significatur:
1507 2008 1591 2099 quia
1613 2010 1677 2080 etsi
1700 2010 1822 2079 labore
1846 2013 1983 2082 itineris
2004 2015 2103 2083 dela·

71 2118 198 2201 mam,
223 2112 443 2184 instituentis
463 2113 676 2205 peculiarem
701 2114 856 2197 cultum,
882 2114 1062 2181 nedecem
1114 2112 1241 2200 tigatus
1263 2122 1356 2192 erat,
1393 2122 1429 2179 et
1457 2108 1575 2178 cibum
1599 2113 1829 2202 expetiverat,
1862 2126 1979 2203 tamen
2006 2139 2103 2185 nuuc

10 2300 12 2305 ¹
73 2218 187 2289 tribus
204 2239 329 2285 rursus
349 2237 386 2285 se
409 2216 643 2307 adiungerent
665 2214 800 2285 civitati
818 2213 1063 2309 ierosolymae,
1113 2237 1187 2282 non
1202 2212 1334 2282 fruitur
1349 2211 1455 2281 allato
1476 2211 1576 2296 cibo,
1604 2228 1676 2282 non
1699 2215 1948 2306 superstitione
1971 2218 2102 2310 aliqua,

73 2321 131 2390 sed
145 2314 233 2387 hinc
249 2317 389 2386 infinita
407 2312 658 2409 ettotopaata
682 2329 759 2387 orta
781 2330 851 2402 cst,
876 2330 1062 2385 etsecutae
1115 2316 1175 2384 sed
1200 2314 1281 2407 quia
1304 2314 1445 2383 animus
1469 2336 1560 2381 nova
1586 2315 1704 2407 aliqua
1738 2317 1910 2387 moestitia
1932 2340 1994 2388 seu
2018 2342 2102 2388 cura

74 2443 207 2513 poenae
231 2431 267 2491 et
288 2418 464 2489 excidium
490 2418 598 2489 totius
620 2418 732 2508 regui.
781 2416 841 2489 Sic
864 2431 945 2511 post
959 2414 1062 2515 ¹Apo·
1113 2429 1305 2505 occupatus
1321 2430 1370 2485 est
1380 2466 1392 2499 ,
1418 2438 1508 2507 quae
1522 2414 1624 2486 affert
1641 2417 1781 2486 fastidia
1795 2418 1885 2502 cibi,
1912 2419 1966 2486 vel
1985 2421 2103 2509 potius

1164 1239 1397 1316 Mauseides
1424 1252 1494 1329 est,
1536 1255 1575 1316 ut
1589 1244 1743 1348 sociam
1770 1246 1993 1324 voluntatem
2016 1252 2106 1346 cius,

1214 1345 1283 1445 qui
1293 1371 1349 1417 me
1362 1345 1474 1421 misit.

76 2524 198 2607 stolos,
236 2535 410 2613 quantum
441 2515 639 2590 haeresium
664 2520 801 2611 peperit
829 2516 983 2589 harumna
1005 2543 1062 2587 aa·
1113 2521 1161 2589 ita
1180 2517 1391 2606 languelacit
1405 2519 1661 2602 ventriculum,
1683 2532 1723 2587 ut
1744 2544 1789 2587 ne
1812 2521 1955 2612 quidem
1972 2523 2103 2591 admit·
2216 2584 2222 2591 .

15 2648 20 2653 ·
75 2622 230 2715 pientia?
270 2619 346 2692 Crrr
368 2645 463 2689 nunc
487 2622 671 2691 manifesta
694 2622 788 2690 idola
808 2620 1062 2704 defenduntur,
1113 2621 1320 2701 tatcibum,
1356 2614 1414 2686 hic
1443 2619 1594 2706 languor
1620 2620 1823 2689 notissimus
1847 2637 1899 2690 est
1925 2619 1998 2707 his,
2037 2623 2101 2715 qui

77 2727 141 2794 nisi
156 2738 303 2818 propter
316 2717 492 2792 humanae
515 2722 706 2814 sapientiae
727 2722 908 2792 rationes?
937 2725 1061 2810 dispu·
1113 2743 1210 2791 acres
1226 2719 1335 2787 animi
1358 2719 1499 2788 dolores
1521 2722 1689 2793 sentiunt.
1744 2719 1850 2791 Unde
1873 2736 1989 2792 autem
2012 2725 2102 2794 exti-

76 2841 148 2897 tant
167 2826 362 2896 salutarem
389 2847 462 2893 esse
483 2824 710 2895 concordiam
736 2821 931 2908 Ecclesiae,
965 2825 1061 2891 dete·
1113 2826 1155 2893 tit
1173 2819 1257 2892 haec
1279 2821 1394 2890 subita
1411 2822 1639 2891 moestitiain
1658 2820 1826 2892 Christo?
1867 2821 2103 2896 Hauddubie

10 2890 18 3029 i
76 2929 225 3003 ctionem
248 2929 294 2996 ab
317 2925 499 2995 ordinaria
530 2940 699 3015 potestate
730 2926 873 3013 gignere
905 2925 1061 2994 infinitas
1112 2951 1154 2995 ex
1169 2922 1291 2993 multis
1306 2922 1419 2991 causis
1435 2927 1748 3010 concurrentibus,
1773 2928 1931 3015 cogitans
1953 2928 2102 2997 eaecita-

11 3038 22 3073 l
74 3029 337 3120 dissipationes,
361 3027 553 3113 tumultus,
579 3028 685 3101 bella.
737 3026 820 3097 ldeo
840 3028 963 3097 iubent
987 3028 1062 3097 usi·
1113 3042 1182 3097 tem
1205 3024 1341 3092 vicinae
1364 3024 1478 3111 gentis
1501 3023 1762 3112 Samaritanae,
1797 3029 1948 3098 afficitur
1976 3029 2101 3098 dolore

74 3146 160 3203 talos
178 3152 321 3200 errores
343 3127 429 3199 boni
452 3129 656 3213 consulere,
682 3152 862 3213 excusare,
888 3129 1061 3218 mitigare,
1113 3140 1258 3221 propter
1271 3128 1403 3217 ipsam,
1428 3138 1463 3194 et
1484 3127 1580 3216 cupit
1608 3128 1745 3217 aliquos
1772 3129 1942 3214 liberare,
1974 3153 2013 3199 ac
2035 3154 2100 3221 pro

73 3249 136 3305 etc.
186 3231 261 3304 Sed
279 3232 396 3299 dicere
420 3230 464 3298 de
489 3231 664 3321 lapsibus,
691 3231 753 3322 qui
778 3232 920 3321 proprie
935 3234 978 3300 ab
994 3228 1061 3298 hu·
1113 3242 1259 3301 eaorat.
1311 3227 1459 3299 Haecin
1482 3228 1641 3297 istoviro
1667 3232 1817 3313 bebaut,
1844 3230 2101 3300 nuusinema·

14 3354 22 3423 t
71 3358 172 3405 mana
194 3332 371 3427 sapientia
393 3331 579 3421 oriuntur,
614 3333 792 3401 inlinitum
821 3346 890 3415 est,
925 3346 1060 3402 tautum
1113 3332 1192 3421 guis
1214 3328 1380 3397 motibus.
1432 3326 1546 3399 Ardet
1573 3332 1712 3399 animus
1735 3333 1857 3401 dolore
1882 3347 2025 3425 propter
2046 3347 2102 3403 to-

70 3459 216 3509 monere
239 3436 404 3504 lectorem
423 3433 540 3517 volui,
566 3446 606 3504 ut
622 3434 749 3521 cogitet
766 3434 972 3503 frenandam
988 3458 1061 3503 esse
1113 3437 1183 3505 tius
1211 3431 1348 3520 generis
1378 3426 1525 3499 humani
1560 3433 1738 3518 miserias,
1780 3448 1927 3526 propter
1955 3435 2101 3504 exitium

71 3554 247 3621 mentem,
273 3550 307 3604 et
320 3536 509 3623 regendam
532 3538 640 3604 verbo
664 3534 750 3618 Dei,
783 3549 816 3603 et
838 3560 911 3605 non
935 3536 1062 3604 luden-

70 3642 153 3711 dum
169 3636 348 3729 fingendis
371 3636 613 3725 opinionibus.
665 3634 827 3707 Sciamus
844 3632 935 3706 hauc
952 3640 1062 3706 auda-

70 3742 157 3813 ciam
179 3740 256 3811 Deo
281 3738 491 3828 displicere,
522 3752 556 3807 et
577 3736 759 3806 exitiosam
780 3762 872 3819 esse,
900 3739 988 3808 sicut
1006 3740 1062 3807 di-

71 3858 164 3917 onor
179 3859 251 3913 est:
278 3838 427 3909 Perdam
443 3838 651 3931 sapientiam
666 3838 876 3930 sapientum.
928 3834 1062 3909 Osten-

23 3966 26 3971 '
70 3948 159 4017 dunt
188 3943 298 4014 etiam
322 3936 463 4010 ethnica
489 3940 665 4031 exenrpla,
697 3941 975 4031 sapientissimos
996 3938 1062 4010 ho—

21 4054 27 4085 '
72 4049 194 4131 mines,
224 4058 259 4114 et
275 4043 342 4113 sibi
357 4058 390 4111 et
405 4042 563 4132 imperiis
580 4064 682 4132 saepe
699 4044 920 4111 accersivisse
937 4043 1062 4112 exitio-

72 4172 128 4219 sas
141 4146 385 4228 calamitates,
417 4157 457 4213 ut
472 4137 768 4227 Themistoclem,
791 4138 1064 4228 Theramenem,

71 4248 256 4327 Periclem,
282 4244 501 4328 Ciceronem,
526 4259 559 4314 et
575 4244 663 4313 alios
679 4245 821 4315 multos.
861 4243 1062 4333 QuiaDeus

23 4360 32 4423 ἱ.
73 4352 147 4423 odit
160 4348 331 4420 fiduciam
348 4342 522 4416 humanae
536 4345 739 4434 sapientiae,
765 4361 799 4415 et
814 4345 891 4416 vult
907 4370 972 4416 nos
990 4347 1063 4435 regi

19 4490 28 4603 q
74 4477 135 4525 suo
149 4452 278 4531 verbo,
301 4449 396 4540 quod
413 4450 544 4517 retieret
560 4470 625 4516 nos
642 4446 680 4514 iu
700 4449 902 4530 vocatione,
919 4464 955 4519 et
971 4462 1064 4519 vetat

20 4610 27 4633 .
73 4568 209 4627 tentare
229 4548 371 4636 Deum,
401 4550 534 4636 idest,
565 4549 741 4641 suscipere
770 4572 827 4618 rea
858 4572 934 4618 non
963 4574 1065 4619 man-

74 4660 179 4730 datas.

117 4804 230 4883 Inter
243 4797 336 4875 hoec
353 4808 524 4873 venerant
541 4796 719 4899 discipuli
733 4798 827 4883 eius,
852 4809 915 4901 ete.
948 4796 1064 4876 Item:

168 4903 347 5004 Reliquit
362 4896 543 5000 hydriam
556 4927 684 4985 suom,
711 4912 773 4981 etc.

27 5078 30 5083 '
142 5060 448 5152 Singulaepartes
463 5053 571 5128 huius
594 5057 808 5127 narrationis
830 5052 962 5127 habent
985 5079 1066 5126 suas

27 5152 34 5249 i
80 5164 359 5257 significationes.
384 5158 482 5231 Haec
494 5158 623 5228 mulier
640 5160 760 5228 audita
776 5160 946 5229 concione
955 5153 1065 5228 Chri·

28 5254 32 5277 '
81 5270 134 5356 ati,
155 5270 196 5340 tit
217 5265 351 5353 etipsa
368 5257 554 5349 Evangelii
575 5261 836 5333 annuntiatrix.
889 5259 941 5330 lta
956 5260 1065 5328 mira-

61 5369 261 5443 'bilimndo
276 5364 454 5458 spargitur
474 5363 539 5434 lux
548 5358 749 5453 Evangelii.
798 5358 870 5432 Sed
893 5360 1066 5456 relinquit

1112 3535 1284 3604 maximae
1312 3535 1421 3623 partis
1458 3527 1667 3618 hominum,
1709 3550 1872 3626 precatur
1902 3532 2103 3606 vehementi

1114 3651 1234 3725 motu,
1273 3636 1400 3718 cogitat
1419 3634 1522 3702 etiam
1548 3637 1672 3703 desua
1698 3650 1812 3705 morte
1836 3653 1870 3707 et
1896 3639 1940 3705 de
1961 3641 2102 3707 redem-

1113 3739 1224 3808 tione:
1280 3733 1425 3826 Repetit
1462 3738 1581 3804 aninro
1609 3735 1754 3807 Puteum
1781 3753 1813 3807 et
1843 3734 2101 3830 Prophetarum

1113 3860 1312 3909 aerumnas.
1364 3834 1460 3906 Haec
1475 3851 1525 3904 est
1544 3838 1654 3925 prima
1679 3864 1758 3928 pars
1781 3835 1888 3908 huius
1912 3841 2100 3934 colloquii:

1114 3941 1219 4010 Meus
1239 3939 1339 4007 cibus
1360 3952 1428 4017 est,
1461 3950 1501 4006 ut
1523 3937 1648 4007 faciam
1673 3943 1891 4011 voluntatem
1916 3944 2044 4032 patris,
2070 3958 2103 4014 ct

1113 4042 1291 4133 perficiam
1317 4063 1406 4128 opus
1425 4039 1522 4125 eius,
1554 4041 1589 4108 id
1614 4055 1681 4110 est:
1717 4042 1789 4135 laur
1813 4066 1890 4111 serm
1914 4060 2103 4135 occupatus

1114 4169 1216 4226 tura,
1257 4156 1293 4211 et
1317 4140 1529 4231 cogitatione
1555 4164 1653 4211 meae
1677 4145 1888 4228 vocationis,
1923 4146 2104 4217 excrucior·

1113 4246 1285 4314 acerrimo
1306 4245 1458 4335 quodam
1483 4244 1624 4328 dolore,
1658 4259 1691 4315 et
1713 4269 1839 4334 precor
1859 4270 1924 4338 pro
1947 4243 2014 4316 hoc
2039 4272 2099 4338 po·
2213 4290 2217 4297 -

1114 4348 1211 4437 pulo.
1271 4342 1366 4412 llaec
1388 4345 1526 4432 negotia
1550 4347 1743 4415 vocationis
1767 4361 1851 4418 sunt
1875 4351 2096 4419 anteferenda

1114 4449 1210 4517 cibo.
1262 4445 1338 4514 lmo
1354 4447 1433 4536 pius
1447 4459 1480 4514 et
1495 4449 1639 4516 sedulus
1660 4448 1840 4531 minister,
1867 4475 1946 4518 cum
1963 4472 2093 4521 exerce·

1114 4564 1174 4619 tur
1191 4545 1246 4617 his
1261 4548 1372 4632 curis,
1400 4571 1445 4614 ne
1464 4562 1575 4636 potest
1597 4550 1740 4641 quidem
1767 4551 1953 4621 admittere
1973 4553 2098 4623 cibum.

1116 4650 1191 4721 lam
1207 4652 1342 4720 confert
1365 4652 1409 4719 ad
1433 4645 1524 4718 hanc
1548 4651 1736 4740 imaginem
1759 4676 1837 4737 eos,
1875 4653 1934 4746 qui
1959 4663 2099 4746 propter

1116 4767 1274 4825 ventrem
1301 4766 1473 4842 appetunt
1504 4753 1718 4833 ministeria,
1761 4767 1794 4821 et
1821 4768 1967 4846 propter
1988 4754 2098 4827 otium

1115 4878 1156 4925 ac
1172 4877 1256 4945 opes
1273 4854 1515 4922 assentiuntur
1533 4855 1631 4922 lalsis
1648 4854 1892 4945 opinionibus.

1221 4950 1359 5024 Omnes
1395 4949 1435 5023 hi
1472 4958 1689 5027 damnantur
1725 4953 1791 5027 hac
1826 4980 1912 5026 voce
1950 4954 2100 5029 Christi:

1116 5054 1221 5126 Meus
1245 5057 1346 5126 cibus
1369 5068 1440 5142 est,
1463 5070 1504 5127 ut
1529 5058 1655 5129 faciam
1677 5060 1895 5130 voluntatem
1920 5058 2010 5142 eius,
2037 5056 2101 5151 qui

1115 5158 1211 5228 misit
1227 5183 1293 5231 me.

1217 5257 1379 5329 Secunda
1396 5282 1476 5348 pars
1489 5259 1658 5354 colloquii
1674 5275 1726 5333 est
1740 5259 1957 5333 dePatribua
1967 5276 2000 5332 et
2011 5258 2100 5332 Pro-

1114 5354 1249 5452 phetis,
1280 5375 1316 5433 et
1339 5362 1564 5434 collationem
1587 5365 1671 5438 lacit
1685 5363 1832 5437 Petrum
1852 5389 1895 5435 ac
1908 5358 2102 5457 Propheta·-
