4522 5782
122 157 223 233 ssu
304 149 433 280 suu.x
459 147 497 228 ε.
529 141 831 228 εεεεειειο
858 140 1014 222 uersr.
1048 95 1309 231 sueonum
1339 140 1408 223 sn
1435 106 1767 274 rruo‘rnenn.
1800 130 1926 241 'can
1950 165 1981 239 1.
2056 138 2160 249 'nea

328 628 330 633 ,
367 534 441 620 ΙΝ
486 523 833 669 Attenuant
875 523 968 610 AD
1014 520 1451 656 rtntot'fluttttt
1494 525 1904 624 uNaRnArlo
2004 599 2011 611 ,

671 703 871 772 nournu
906 703 1153 771 rurnrrrr
1186 704 1593 775 nonturnonrs.

115 932 340 1041 Secundam
380 965 578 1063 Epistulam
615 966 660 1036 ad
705 959 936 1035 Timotheum
973 963 1114 1055 scripsit
1135 924 1141 1026 l
1163 975 1223 1032 tur
1244 960 1284 1029 in
1307 960 1412 1031 nobis
1437 962 1604 1049 libertas,
1639 978 1673 1036 et
1696 990 1881 1057 possumus
1911 972 1981 1043 iam
2010 973 2153 1048 incoore

114 1070 396 1144 PaulusRomae
413 1073 583 1164 captivus,
609 1092 689 1139 cum
707 1090 788 1136 euru
806 1068 848 1135 ad
866 1090 901 1135 se
920 1089 961 1135 ex
970 1060 1112 1156 Epheso
1163 1064 1420 1150 obedientiam,
1447 1089 1512 1134 nec
1528 1065 1682 1156 Spiritus
1698 1085 1838 1142 sanctus
1853 1087 1903 1144 est
1920 1077 2053 1158 otium,
2092 1082 2152 1150 sed

114 1188 270 1244 vocaret.
322 1173 516 1247 Confirmat
530 1187 564 1243 et
582 1170 785 1241 consolatur
799 1193 900 1253 eum,
927 1167 1111 1259 praecipit,
1163 1180 1215 1236 est
1250 1166 1390 1234 flamma
1414 1181 1448 1237 ει
1473 1168 1617 1257 agitatio
1640 1170 1760 1240 divina
1788 1198 1988 1264 repugnans
2010 1178 2153 1251 diabolo

113 1292 158 1348 ut
174 1277 357 1347 doctrinae
373 1277 561 1365 puritatem
579 1271 765 1355 custodiat,
792 1285 826 1340 et
840 1271 946 1362 eliget
962 1270 1112 1340 idoneos
1163 1281 1196 1337 ct
1212 1268 1409 1337 infirmitati
1426 1271 1554 1354 carnis,
1581 1285 1614 1341 ct
1631 1276 1798 1344 accedens
1809 1290 1929 1348 'motus
1942 1280 2039 1367 tales,
2064 1307 2154 1374 qua-

115 1379 291 1451 doctores.
344 1378 472 1448 Miscet
488 1375 749 1446 admonitiones
766 1375 961 1445 desummo
979 1372 1111 1442 doctri·
1163 1370 1206 1440 lis
1223 1370 1297 1461 ipse
1316 1368 1471 1462 Spiritus
1492 1387 1631 1443 sanctus
1655 1389 1716 1446 est.
1777 1376 1861 1450 ldeo
1882 1382 2016 1451 dictum
2039 1388 2153 1456 estad

114 1501 205 1560 nae,
252 1483 295 1548 de
325 1481 476 1550 lectione
507 1472 797 1568 propheticorum
830 1476 1026 1564 librorum,
1067 1475 1111 1542 de
1161 1468 1344 1543 Romanos
1360 1489 1484 1542 octavo
1500 1477 1628 1564 capite:
1658 1475 1812 1567 Spiritus
1832 1483 2029 1573 opitulatur
2052 1486 2153 1556 infir-

113 1604 241 1667 cruce,
274 1585 317 1650 de
348 1583 507 1652 venturis
529 1578 695 1650 dissidiis.
756 1573 803 1647 Et
825 1577 935 1645 multa
959 1576 1109 1646 illustria
1161 1573 1276 1644 mitati
1293 1586 1446 1646 nostrae.
1484 1573 1581 1662 Item,
1604 1573 1803 1669 Ephes.5.:
1825 1579 2153 1658 Ambulateaccur.

112 1685 226 1752 verba
243 1707 361 1775 sparsa
382 1699 465 1754 sunt
483 1683 523 1754 in
546 1678 638 1749 ltanc
660 1675 803 1749 brevem
819 1677 1033 1771 Epistulam,
1059 1692 1111 1758 ut,
1161 1687 1253 1761 rate,
1286 1700 1360 1744 non
1385 1689 1423 1747 ut
1448 1677 1549 1752 latui.
1610 1678 1719 1763 ltem,
1750 1688 1780 1754 1.
1799 1681 1960 1760 Corinth.
1987 1687 2038 1758 6.:
2073 1693 2152 1761 Ad.

113 1784 217 1855 iubet
234 1780 514 1880 ἀναζωπυρεῖν,
542 1783 577 1852 id
601 1796 669 1865 est,
699 1782 849 1849 excitare
874 1781 971 1853 velut
992 1781 1109 1867 ignem
1161 1771 1346 1847 hortamur
1361 1802 1442 1865 vos,
1467 1803 1513 1848 ne
1528 1781 1657 1852 frustra
1674 1786 1820 1873 gratiam
1837 1788 2025 1881 accipiatis.
2054 1790 2153 1880 Item,

111 1888 211 1957 dona
222 1884 288 1957 Dei
304 1891 341 1956 in
359 1890 474 1959 nobis.
502 1886 602 1957 lubet
617 1879 856 1976 ὀρθοτομεῖν,
885 1883 921 1951 id
938 1896 999 1967 est,
1017 1895 1109 1952 recte
1159 1878 1278 1949 Lucae
1302 1881 1376 1953 tu:
1403 1877 1548 1969 Quanto
1571 1885 1681 1973 magis
1704 1888 1805 1960 dabit
1828 1903 1928 1981 pater
1943 1907 2058 1982 vester
2071 1918 2153 1965 coe·

111 1979 237 2060 secare'
254 1990 402 2061 verbum
428 1989 507 2061 Dei.
565 1984 690 2057 Sermo
715 1981 973 2054 haereticorum
1000 1985 1109 2076 serpit
1161 1981 1257 2052 lestis'
1276 1979 1450 2074 Spiritum
1463 1999 1622 2055 sanctum
1641 1991 1855 2079 petentibus.
1909 1990 2152 2077 Item,1.Pe-

109 2105 155 2161 ut
175 2089 386 2181 Gangraena
406 2091 562 2162 morbus.
606 2087 724 2158 Erunt
740 2082 902 2156 homines
920 2085 1109 2184 ἄστοργοι,
1160 2083 1206 2153 tri
1232 2078 1287 2156 ⁶.:
1329 2082 1416 2155 Sitis
1437 2087 1547 2155 sobrii
1573 2091 1616 2156 ad
1641 2093 1890 2180 precationem.
1941 2092 2152 2169 Excitantur
2193 2099 2198 2109 '

111 2189 316 2280 ἄσπονδοι,
343 2186 621 2288 εετυφώμενοι,
648 2202 682 2260 et
698 2189 766 2258 alia
782 2189 893 2259 multa
911 2191 1016 2280 digna
1034 2190 1110 2257 sin·
1160 2186 1269 2275 igitur
1291 2186 1385 2257 dona
1412 2186 1565 2277 primurn
1589 2191 1748 2261 omnium
1781 2196 1994 2284 cogitatione
2017 2201 2152 2270 doctri·
2228 2234 2235 2241 s

110 2299 230 2389 gulari
252 2297 548 2368 consideratione.
1159 2311 1242 2356 nae:
1276 2289 1405 2358 deinde
1427 2290 1672 2378 invocatione,
1704 2297 1876 2368 exercitiis
1899 2301 2150 2391 poenitentiae,

216 2414 323 2487 lnitio
347 2430 463 2485 autem
487 2414 525 2484 fit
550 2411 686 2480 mentio
710 2408 809 2479 aviae
832 2423 866 2478 et
890 2409 1015 2478 matris
1042 2407 1115 2478 Ti·¹
1159 2389 1439 2460 ⁰⁰⁰⁵ld⁰¹³¹l⁰¹¹⁰
1468 2405 1611 2464 miliae
1641 2394 1876 2484 fssfifmflalss,
1917 2407 2149 2494 repugnando

111 2514 263 2591 mogheg
314 2516 438 2588 sciant
461 2516 618 2584 iuniore,
642 2512 693 2582 ibi
717 2535 755 2579 03
773 2535 863 2602 quae
880 2512 922 2577 de
940 2512 1054 2602 parfia
1073 2527 1108 2582 et
1158 2492 1287 2565 subitis
1301 2493 1477 2562 incendiis
1499 2494 1708 2582 affectuum,
1733 2501 1941 2571 sustinendo
1957 2507 2149 2577 certamina

111 2621 323 2714 pafenfibu,
339 2613 522 2688 Timothei
536 2615 664 2706 scripu,
681 2627 764 2683 ,unt
780 2614 817 2691 ῑῃ
834 2609 932 2682 Acris
954 2622 1027 2703 cap,
1048 2614 1106 2688 16,
1158 2607 1191 2663 ει
1208 2593 1363 2685 pericula
1387 2595 1424 2663 in
1448 2598 1679 2670 confessione.
1732 2599 1774 2670 In
1796 2603 1926 2675 talibus
1946 2607 2146 2679 actionibus

109 2725 227 2796 Nam,
253 2736 304 2792 e„
318 2716 530 2789 Timotheus
557 2719 593 2785 ῑῃ
616 2716 747 2807 oppido
769 2713 924 2808 [μήδ’
951 2718 1045 2807 quod
1068 2717 1106 2785 in
1158 2697 1234 2767 vult
1245 2695 1376 2768 Paulus
1391 2722 1544 2769 crescere
1560 2701 1666 2786 dona,
1692 2702 1782 2773 sicut
1798 2707 1928 2776 dicitur
1938 2705 2054 2777 Lucae
2072 2709 2147 2785 19.:

109 2824 294 2922 Lycaonga
318 2823 423 2893 ,imm
450 2834 517 2906 εει,
543 2816 786 2896 ωὴρὸιὸῑῑῃ,
820 2841 893 2884 ῃοῃ
919 2818 1040 2906 procul
1061 2820 1106 2888 31,
1156 2796 1312 2868 Habenti
1333 2799 1488 2874 dabitur.
1539 2798 1675 2873 Etbuc
1699 2806 1854 2896 pertinet
1886 2823 1956 2880 tota
1981 2812 2147 2902 parabola

112 2928 259 3007 leonio,
300 2949 390 3019 quac
422 2924 509 2992 urbs
545 2944 619 2993 non
643 2918 774 3024 procul
804 2919 902 2988 abest
932 2941 952 2986 a
983 2917 1104 2990 Tauro
1156 2901 1495 2992 d²¹¹⁰8⁰⁰l²¹⁰llb1150
1530 2976 1537 2988 .

110 3043 258 3114 monte,
283 3042 318 3098 et
334 3049 437 3118 saepe
452 3026 648 3094 celebratur
663 3022 700 3090 in
717 3017 887 3103 bistoriis,
914 3033 946 3089 et
962 3037 1106 3112 propter

109 3155 245 3203 nomen
261 3123 371 3200 εἰκών
393 3127 524 3224 multae
545 3125 685 3195 fabulae
708 3124 752 3192 de
778 3144 818 3191 ea
840 3123 987 3193 traditae
1004 3137 1104 3219 sunt:

110 3237 174 3306 sed
200 3232 360 3302 existimo
385 3244 528 3322 propter
552 3228 689 3315 insigne
715 3225 850 3293 idolum
875 3225 925 3293 sic
948 3227 1103 3317 appella·
1256 3233 1489 3306 Retineamus
1519 3239 1682 3308 usitatam
1709 3241 1990 3314 distinctionem:
2040 3246 2145 3322 Alius

108 3354 190 3411 tum
208 3358 293 3405 esse.
345 3330 450 3400 Pater
469 3324 653 3407 Timothei
678 3322 853 3398 Ethnicus
878 3323 966 3408 suli,
992 3341 1104 3398 mater
1155 3351 1205 3408 est
1221 3337 1330 3408 timor
1347 3339 1502 3422 servilis,
1535 3340 1699 3410 videlicet
1720 3367 1833 3434 pavor
1856 3346 1932 3415 sine
1950 3348 2037 3434 fide,
2064 3375 2145 3421 cum

110 3455 146 3510 ct
160 3438 238 3509 avia
261 3437 405 3505 suerunt
420 3433 587 3501 mulieres
604 3428 787 3518 ludaicae,
814 3428 944 3522 quibus
957 3428 1101 3522 quidem
1155 3465 1225 3534 quo
1241 3455 1324 3511 sunt
1341 3439 1501 3510 fremitus
1518 3454 1550 3509 et
1566 3442 1763 3531 indignatio
1780 3449 1948 3519 adversus
1963 3447 2090 3539 Deum,
2111 3470 2146 3526 et

108 3540 240 3612 tribuit
269 3536 401 3606 Paulus
439 3532 680 3603 testimonium
715 3553 818 3599 verae
856 3530 1101 3602 invocationis.
1153 3538 1339 3613 horribilis
1369 3543 1451 3630 suga
1472 3541 1559 3629 Dei,
1592 3558 1628 3615 92
1656 3569 1869 3635 poenarum,
1909 3563 1950 3621 up
1980 3551 2018 3621 gn
2045 3552 2145 3643 saul,

108 3644 172 3716 Sic
202 3640 288 3712 olim
318 3639 412 3707 inter
435 3650 553 3726 sentes
582 3645 845 3727 propagatam
869 3631 1002 3721 agnitio
1027 3631 1103 3705 veri
1155 3643 1243 3714 lura
1260 3644 1496 3714 etsimitibus.
1531 3642 1636 3715 arius
1655 3664 1705 3720 est
1723 3649 1831 3721 umor
1853 3651 1988 3736 finale,
2016 3657 2145 3726 naeu-

108 3743 154 3817 D
164 3743 213 3814 el·
1153 3759 1205 3815 εει
1237 3769 1341 3815 verus
1369 3769 1486 3835 pavor,
1506 3770 1587 3815 cum
1608 3746 1697 3841 fide,
1730 3750 1861 3838 idest,
1891 3757 2146 3846 consolatione,

213 3860 323 3932 lnitio
339 3871 454 3928 autem
473 3855 570 3925 iubet
593 3877 673 3923 curn
699 3851 848 3922 excitare
873 3853 966 3921 dona
985 3851 1101 3943 Spiri-
1153 3872 1222 3941 qua
1250 3870 1312 3916 cor
1339 3848 1409 3916 iam
1430 3847 1620 3940 acquiescit
1639 3851 1678 3918 io
1703 3852 1916 3940 mediatore,
1950 3882 2024 3926 non
2053 3861 2144 3951 fugit

107 3985 167 4041 ωε
189 3964 321 4045 sancti,
366 3975 398 4030 et
425 3958 557 4027 illustri
586 3958 695 4025 verbo
719 3977 804 4025 usus
826 3968 877 4024 cst
902 3950 1101 4042 ἃναζωπυ-
1153 3951 1293 4035 Deum,
1318 3948 1519 4038 scdagnita
1537 3949 1613 4020 eius
1635 3952 1875 4027 misericordia
1892 3958 2047 4032 luctatur
2061 3986 2141 4033 cum

105 4073 211 4167 ρεῖν,
235 4069 332 4158 quod
349 4061 521 4152 significat
541 4058 659 4148 ignem
685 4080 773 4148 pene
801 4056 993 4126 extinctum
1019 4081 1099 4126 rur·
1153 4075 1299 4142 pavore,
1326 4063 1360 4121 et
1375 4049 1501 4142 incipit
1524 4053 1666 4122 credere
1681 4053 1775 4141 Deo,
1799 4059 1964 4129 invocare
1983 4086 2082 4149 eum,
2110 4081 2144 4137 et

104 4197 168 4245 sus
185 4169 350 4248 excitare,
377 4179 411 4233 ct
427 4184 527 4252 saepe
542 4173 734 4250 usurpatur
751 4180 820 4249 pro
835 4182 876 4228 eo
893 4159 987 4251 quod
1009 4159 1098 4227 dici·
1152 4178 1188 4224 se
1212 4153 1244 4223 ei
1262 4153 1436 4223 subiicere
1463 4176 1544 4223 vera
1568 4157 1777 4230 reverentia.
1838 4158 1939 4232 Talis
1962 4162 2070 4234 timor
2091 4182 2142 4240 est
2241 4236 2245 4253 ,

106 4298 208 4357 mus,
231 4290 353 4341 rursus
379 4264 569 4334 accendere
598 4253 749 4330 calorem
774 4260 983 4352 incorpore
1011 4284 1101 4352 pene
1152 4255 1189 4324 in
1206 4251 1331 4348 loseph
1353 4267 1387 4325 et
1410 4253 1449 4322 in
1475 4257 1641 4327 omnibus
1667 4261 1806 4332 sanctis.
1858 4259 1955 4334 Haec
1979 4264 2016 4333 in
2037 4292 2142 4360 expe.

109 4377 318 4449 extinctum.
373 4365 457 4436 ldco
481 4378 597 4434 autem
619 4362 781 4453 pleniore
797 4364 907 4431 verbo
931 4385 1014 4431 usus
1038 4376 1101 4446 est,
1151 4356 1298 4443 rientia,
1323 4356 1362 4426 in
1379 4357 1586 4451 quotidiana
1612 4358 1837 4431 invocatione
1858 4367 2138 4453 considerentur,

107 4496 152 4552 ut
181 4488 275 4547 taxet
298 4470 474 4560 ignaviam
508 4480 542 4536 et
571 4461 793 4558 hypocrisin,
835 4464 912 4535 vult
942 4487 1007 4532 nos
1036 4487 1101 4534 uec
1150 4484 1224 4530 non
1240 4458 1470 4529 involvantur
1484 4460 1644 4529 obscuris
1657 4462 1951 4538 dubitationibus.

108 4584 244 4653 otiosos
282 4598 372 4658 esse,
412 4594 477 4638 nec
515 4568 633 4636 laxare
662 4567 801 4635 frenum
837 4566 1099 4658 cupiditatibus.
1253 4579 1308 4651 Sit
1328 4579 1437 4669 igitur
1460 4573 1545 4648 haec
1568 4581 1673 4671 plana
1696 4587 1896 4674 responsio:
1927 4582 2017 4660 Non
2040 4585 2140 4663 dedit

105 4682 250 4756 Deinde
265 4678 326 4747 nbi
343 4687 393 4744 est
410 4670 612 4761 diligentia,
637 4691 713 4737 ¹10ss
736 4661 1034 4761 ⁸ilhyt³001lllt³2
1061 4682 1101 4738 ul
1151 4677 1258 4750 nobis
1280 4677 1387 4750 Deus
1410 4675 1593 4774 Spiritum
1621 4681 1784 4769 timoris,
1817 4688 1853 4756 id
1880 4704 1948 4768 est.
1974 4692 2137 4764 timorem

106 4798 193 4859 sunt
208 4777 446 4872 superstitiosa
463 4771 625 4842 exercitia
647 4765 923 4855 monachorum,
949 4773 1008 4839 sed
1030 4770 1101 4838 sint
1151 4783 1333 4862 servilem,
1359 4783 1642 4871 indignationem
1659 4787 1826 4859 adversus
1842 4790 1978 4877 Deum,
2005 4792 2140 4866 ethor-
2241 4813 2242 4816 ’

108 4909 219 4979 opera
243 4882 357 4953 utilia.
417 4873 464 4946 Et
485 4872 613 4943 sintin
638 4886 754 4940 mente
779 4895 860 4941 vera
883 4871 1013 4941 noticia
1036 4873 1101 4940 filii
1151 4884 1448 4974 ribilemfugam‚
1475 4909 1547 4953 „011
1570 4886 1821 4960 dubitationes,

104 4990 200 5073 Dei,
224 4981 459 5078 poenitentia,
487 4978 610 5059 timor,
635 4974 740 5054 fides,
768 4997 848 5042 vera
871 4974 1060 5045 lflV0⁶³ll⁰·
1252 5002 1408 5074 Econtra
1423 5003 1586 5075 nominat
1601 4999 1781 5085 Spiritum
1795 5009 1995 5104 polentiae,
2024 5015 2139 5104 idest,

214 5120 285 5192 Sed
321 5117 415 5186 dicat
446 5111 592 5204 aliquis:
641 5106 831 5196 Quomodo
861 5109 1099 5180 exuscitantur
1123 5047 1129 5206 l
1152 5106 1324 5197 Spiritum
1343 5117 1521 5196 potentem
1535 5128 1596 5177 seu
1611 5109 1760 5196 fortem,
1786 5112 1939 5202 primum
1962 5115 2030 5185 fide
2049 5121 2139 5188 vivi.

105 5225 232 5300 dona?
282 5219 514 5308 Respondeo:
550 5210 669 5281 Homo
701 5225 844 5280 renatus
876 5234 950 5278 non
981 5225 1100 5281 estut
1154 5210 1313 5278 ficantem
1331 5211 1435 5277 corda
1451 5221 1484 5278 et
1498 5209 1758 5295 consolantem,
1783 5227 1823 5283 ut
1844 5217 1888 5285 ad
1906 5213 2020 5286 Deum
2041 5245 2138 5290 arce-

104 5345 247 5410 statua,
273 5325 333 5394 sed
351 5321 549 5388 ideodatur
564 5312 718 5406 Spiritus
741 5325 963 5398 sanctus,ut
983 5312 1100 5383 incoe—
1153 5315 1257 5396 dant,
1282 5333 1354 5379 non
1379 5311 1533 5400 fugiant,
1567 5335 1640 5379 non
1668 5312 1881 5404 irascantur,
1915 5312 2136 5413 non‘oppri.
2216 5340 2218 5344 ⁸

1376 5409 1459 5481 st*

1346 3147 1352 3156 ,
1380 3076 1471 3154 Non
1487 3079 1669 3182 Spiritum
1689 3085 1835 3160 timoris
1852 3099 1916 3165 etc.
