4522 5782
106 212 198 301 su·
706 201 836 295 auu,
863 197 1216 285 nausearent
1242 186 1589 275 uxaosnca„
1653 248 1677 273 ,.
2008 128 2147 263 ¹uso

112 406 200 479 hum
226 393 323 494 quod
348 400 399 463 est
424 385 466 457 in
485 405 548 456 ore
570 392 647 454 tuo.
696 374 746 455 Et
758 379 907 453 Paulus:
938 376 1100 449 Verbum
1247 362 1452 460 Propositio
1475 362 1662 457 repetitur.
1722 355 1819 433 Num
1849 357 1901 433 its
1928 356 2033 453 lapsi-
2050 372 2146 446 suut,

112 494 225 604 quod'
240 495 493 595 praedicamus.
557 486 670 572 Item,
711 485 897 575 coniungit
928 481 1103 565 auditum,
1150 487 1191 545 ut
1204 485 1278 543 tots
1298 490 1384 560 gens
1398 467 1447 543 sit
1461 466 1645 561 periture?
1669 462 1766 541 Non.
1815 459 1864 537 lit
1883 462 2036 537 additur
2054 461 2145 535 ratio

113 601 436 706 praedicationem,
460 604 495 662 et
511 588 727 661 missionem.
776 586 823 659 Et
839 580 1018 676 Propheta
1040 606 1102 674 pe·
1151 600 1194 646 ex
1211 596 1314 645 etun
1328 570 1440 647 finali.

115 719 180 785 des
193 708 334 783 laudat,
358 711 399 770 ut
419 707 565 766 testetur
582 714 618 760 se
632 691 779 765 laudare
793 692 940 760 verbum
965 684 1105 779 praedi·
1253 674 1362 765 Lapsi
1384 684 1467 744 suut
1492 670 1611 764 eliqua
1633 688 1680 741 ex·
1695 682 1814 762 perles
1837 680 1878 741 ⁰¹
1900 667 2145 763 “timim

115 828 232 889 catum
253 825 339 878 voce
356 803 524 877 istorum,
550 794 613 886 qui
629 793 822 862 mittuntur
845 815 866 862 a
888 790 976 864 Deo.
1026 786 1104 858 Hos
1152 791 1275 871 gentes
1292 780 1336 845 ad
1353 776 1598 866 provocandos
1615 770 1787 846 ludaeos:

114 919 223 1008 pedes
247 902 490 983 contaminant
511 908 545 967 et
566 907 767 985 conspuunt
786 894 864 976 isti,
891 893 953 985 qui
975 902 1106 980 negant
1255 874 1352 969 Ergo
1367 900 1442 947 non
1456 890 1540 948 sunt
1560 876 1642 949 ides
1656 875 1767 969 lapsi,
1793 887 1833 946 ut
1854 867 1943 945 hsrc
1961 883 2040 944 tota
2062 892 2146 964 gens

115 1018 278 1090 Verbum
300 1020 336 1081 et
360 1003 588 1078 Sacramenta
617 999 781 1088 prodesse
804 997 848 1064 ad
873 993 1106 1065 consolandas
1154 982 1376 1056 abiiceretur·

118 1139 154 1195 ,g
175 1104 435 1190 ,onfirmgndas
454 1099 699 1173 conscientias,
750 1095 821 1169 Sed
850 1092 936 1168 haec
958 1096 1107 1166 fortasse
1258 1080 1483 1154 Antecedens
1504 1077 1705 1169 argumenti
1727 1077 1856 1150 callide
1870 1075 2085 1163 invertitur,
2107 1088 2146 1148 ut

120 1219 288 1297 convenit
315 1215 358 1284 in
381 1203 636 1278 commentario
666 1213 834 1284 tractare,
873 1222 949 1268 non
972 1200 1010 1267 in
1041 1193 1108 1265 hoc
1157 1182 1243 1257 hinc
1263 1185 1332 1255 alia
1351 1183 1445 1255 ratio
1467 1182 1673 1273 colligatur,
1699 1204 1789 1276 quse
1809 1183 1976 1253 ostendat
1997 1177 2147 1251 ludaeos

119 1344 244 1418 opere,
262 1317 332 1388 fuit
355 1326 476 1384 tamen
498 1307 615 1377 obiter
636 1302 883 1373 admonendus
909 1301 1038 1385 lector,
1065 1320 1110 1367 ne
1158 1315 1232 1361 non
1251 1310 1325 1358 esse
1340 1286 1509 1359 abiectos.

119 1435 307 1500 restantes
322 1413 391 1487 hoc
403 1414 483 1481 loco
494 1408 625 1499 positas
638 1404 856 1494 negligenter
866 1402 1083 1496 praeteriret.
1260 1388 1396 1480 hapsus
1413 1384 1628 1459 ludaeomm
1641 1407 1716 1455 non
1730 1384 1799 1457 fuit
1812 1405 1923 1478 perse
1938 1405 2066 1469 causa,
2088 1404 2150 1455 cur

221 1524 348 1595 Postea
365 1513 460 1588 redit
475 1515 519 1580 ad
536 1507 749 1580 ludaeorum
766 1505 1013 1585 delectionem,
1029 1526 1110 1573 cum
1160 1507 1370 1564 vocarentur
1393 1502 1527 1580 gentes.
1601 1485 1672 1559 Sed
1701 1487 1812 1579 magis
1834 1484 2066 1559 incolumitas
2088 1482 2145 1556 lu·

121 1631 189 1705 ait:
222 1625 293 1698 Sed
312 1641 388 1692 non
412 1634 536 1686 omnes
556 1610 730 1680 obediunt
744 1606 959 1698 Evangelio,
991 1620 1026 1678 et
1048 1606 1112 1675 ad·
1161 1601 1331 1667 dacorum
1363 1591 1432 1663 luit
1461 1613 1525 1683 per
1553 1613 1591 1661 se
1618 1613 1724 1660 causa
1750 1589 1946 1661 vocationis
1973 1587 2146 1678 gentium:

125 1735 180 1805 dit
207 1719 430 1802 testimonia,
462 1736 553 1808 quae
576 1711 817 1783 vaticinantur
839 1713 884 1780 de
902 1708 1116 1781 ludaeorum
1162 1695 1257 1788 Ergo
1279 1691 1404 1765 ludaei
1420 1715 1497 1762 non
1519 1707 1603 1766 sunt
1625 1692 1772 1764 abiecti.
1820 1689 2050 1764 Antecedens
2071 1712 2145 1782 pro·

122 1835 242 1908 ruina.
281 1824 372 1898 Nam
390 1842 469 1890 cum
485 1816 644 1886 offendat
660 1812 854 1885 imbecilles
870 1812 1025 1903 paucitas
1042 1833 1119 1881 cre·
1163 1802 1270 1873 batur
1285 1821 1327 1867 ex
1343 1818 1447 1867 causa
1461 1795 1560 1865 liuali
1578 1794 1776 1867 vocationis
1791 1793 1966 1885 gentium.

128 1934 312 2012 dentium,
340 1943 430 2017 opu,
452 1933 503 1989 est
525 1919 693 1989 adversus
713 1916 751 1987 id
775 1914 981 1985 scandalum
1004 1936 1118 2007 appo·
1269 1895 1404 1970 Gentes
1421 1909 1581 1990 receptae
1604 1909 1706 1977 suut,
1733 1911 1775 1971 ut
1794 1905 1990 1988 provocent
2007 1890 2142 1964 ludaeos
2165 1910 2171 1923 ·

127 2060 217 2113 uere
232 2031 489 2123 scripturas„ut
504 2019 626 2092 iudico
634 2016 711 2113 ‚net
725 2016 765 2088 id
784 2016 943 2089 accidere
956 2016 1082 2092 sciant.
1168 2005 1214 2075 td
1235 2001 1456 2073 “edendum
1473 1994 1627 2071 christ&
1654 1995 1752 2089 3¹8⁰
1773 2010 1909 2070 temni
1923 1993 2049 2068 1ῦᾶὃώ
2068 2016 2142 2065 ¹⁸¹1·

648 2206 653 2213 Ι
1166 2104 1299 2179 turiad
1318 2098 1515 2176 Christum.
1564 2096 1663 2190 Quid
1689 2102 1787 2172 enim
1804 2123 1895 2192 opus
1917 2111 2171 2190 essetproro·¹

498 2255 636 2366 caut
676 2251 755 2339 a·
1167 2232 1279 2382 :aa
1301 2204 1657 2399 ,tutatuta

228 2411 409 2493 Correctio
431 2423 502 2496 est,
535 2407 575 2477 in
601 2427 673 2499 qut
698 2402 840 2493 milita&
862 2427 923 2490 ⁸³,
966 2427 1057 2499 (tuse
1082 2406 1126 2475 de
1171 2410 1405 2485 ratiocinatur
1430 2406 1587 2501 reliquos
1616 2429 1692 2478 esse
1720 2409 1850 2479 elector
1877 2408 1916 2477 in
1940 2403 2077 2497 populo
2096 2398 2141 2474 lu·

128 2523 237 2601 ruina
264 2518 476 2590 ludaeorum
501 2510 721 2591 dictasunt,
761 2518 797 2576 et
822 2505 1046 2595 consolatur,
1078 2531 1124 2576 ne
1172 2517 1355 2586 dacorum.
1421 2508 1493 2583 Sed
1516 2523 1556 2580 ut
1575 2509 1732 2582 inversio
1756 2510 1885 2580 melius
1903 2505 2058 2598 intelligi
2075 2522 2141 2600 pos·

132 2631 337 2721 desperent,
362 2641 401 2687 ac
424 2625 551 2709 putent
565 2631 688 2680 omnes
704 2607 859 2680 abiectos
875 2630 961 2684 esse.
1172 2617 1239 2703 sit,
1261 2612 1458 2685 abscribam
1474 2611 1687 2704 exemplum.

230 2719 444 2815 Propositio.
517 2712 600 2785 Non
639 2709 769 2783 abiecit
810 2707 908 2781 Deus
954 2711 1126 2804 populum
1225 2763 1231 2775 ·
1276 2714 1403 2806 luopia
1419 2727 1678 2786 nonestcausu
1695 2711 1839 2785 laboris.

74 2824 78 2833 ’
123 2853 250 2905 suum.
1277 2816 1367 2910 Spes
1383 2815 1496 2887 victus
1509 2815 1621 2906 magis
1635 2828 1688 2893 est
1703 2839 1805 2895 causa
1821 2811 1965 2884 laboris.

235 2927 266 3002 l.
299 2923 407 2999 Ratio
425 2921 471 2992 ab
486 2915 646 3007 exemplo
669 2914 827 3009 proprio.
877 2910 954 3007 Ego
980 2936 1059 2986 sum
1076 2912 1129 2985 ls-
1223 2917 1439 2991 Dialecticus
1471 2913 1575 2987 enim
1603 2942 1679 2989 non
1710 2916 1843 2988 resistit
1879 2916 1920 2984 in
1951 2911 2144 3006 privatione,

132 3033 281 3117 raiilita,
306 3042 341 3100 et
360 3039 481 3098 tamen
502 3017 657 3103 credidi,
682 3017 778 3108 Ergo
801 3041 876 3087 nou
899 3032 950 3088 est
970 3018 1128 3089 abiectus
1175 3023 1236 3094 sed
1252 3021 1392 3117 quaerit
1407 3019 1568 3092 ultimam
1581 3042 1743 3102 causam,
1766 3041 1874 3113 quam
1896 3016 2170 3088 convenitur·

133 3135 300 3233 populus.
1174 3141 1245 3200 tam
1265 3147 1339 3195 rem
1356 3145 1440 3192 esse.

235 3233 264 3310 l.
312 3227 368 3302 Es
400 3224 573 3300 sententia
595 3217 698 3295 Eliae
721 3224 838 3292 ducta.
904 3219 1005 3294 Sicut
1027 3216 1128 3293 Elias
1276 3225 1336 3297 Sic
1360 3220 1959 3323 tapsmtudaeorumjnoncoegin
1983 3233 2026 3293 ut
2044 3230 2147 3312 gem

134 3334 356 3431 temporibus
374 3329 546 3423 reliquiae
565 3325 694 3395 electae
712 3335 832 3408 erant,
857 3315 925 3393 hoc
950 3337 1021 3405 est,
1053 3324 1127 3394 exi·
1175 3327 1430 3420 reciperentur,

137 3464 207 3536 gua
225 3460 306 3532 pars
320 3432 462 3527 populi:
496 3429 546 3498 sic
565 3439 600 3497 et
613 3421 682 3498 hoc
698 3439 855 3518 tempore
871 3424 1042 3519 reliquiae
1057 3426 1128 3496 eri·
1276 3428 1347 3503 Sed
1365 3428 1592 3501 incolumitas
1606 3426 1816 3500 ludaeorum
1831 3424 1966 3516 co'e‘git,
1992 3437 2035 3496 ut
2047 3436 2149 3514 geete

135 3543 280 3638 pientur
295 3561 335 3608 ac
350 3532 607 3616 salvabuntur,
632 3523 701 3601 hoc
717 3540 788 3615 est,
814 3526 938 3618 exigua
954 3541 990 3599 et
1004 3528 1126 3599 infima
1177 3529 1440 3622 reciperentur,
1463 3533 1561 3623 quod
1575 3530 1739 3602 videlicet
1763 3527 1894 3620 reliqui
1915 3541 2019 3598 erant
2041 3527 2080 3597 in
2097 3521 2148 3595 het

137 3666 220 3740 pars
242 3637 378 3735 pupuli.
1178 3632 1312 3725 populo
1334 3634 1445 3708 electi.
1508 3631 1620 3704 Vocat
1643 3632 1751 3720 igitur
1773 3623 1956 3726 πλήρωμα
1975 3623 2147 3698 incolumi·

239 3741 355 3815 Addit
379 3750 496 3809 sutem
524 3730 833 3825 amplificationem
864 3732 908 3801 de
931 3755 1032 3802 causa
1058 3733 1129 3802 ele·
1181 3751 1287 3806 tatem
1312 3734 1456 3828 populi,
1490 3736 1554 3829 qui
1585 3748 1729 3806 eatenus
1749 3748 1802 3803 est
1825 3732 2019 3803 incolumia
2039 3726 2150 3810 adhuc,

139 3846 288 3932 ctionis,
327 3844 421 3936 qnod
447 3835 573 3906 merita
604 3847 724 3905 nostra
750 3857 824 3903 non
850 3833 923 3905 sint
946 3834 1130 3904 electionis
1181 3850 1355 3932 quatenus
1377 3837 1533 3932 reliquus
1554 3832 1661 3909 habet
1684 3836 1812 3907 electos
1838 3857 2053 3928 quocunque
2075 3844 2151 3904 tem·

139 3972 254 4022 causa.
303 3940 351 4016 Et
372 3940 454 4014 lecit
474 3935 607 4011 Paulus
631 3930 859 4029 enthymema
882 3960 1026 4029 prorsus
1047 3932 1127 4007 rhe-
1182 3962 1277 4033 pore.
1318 3936 1431 4009 Vocat
1444 3935 1589 4032 ἥττημα
1603 3951 1778 4031 quatenus
1793 3935 1898 4008 habet
1913 3936 2137 4007 damnandos

140 4052 305 4127 turicum.
365 4044 425 4117 Sic
446 4038 596 4109 maxime
618 4051 746 4109 vocant
776 4039 1131 4129 argumentationem,
1282 4041 1396 4112 Addit
1410 4036 1653 4138 ἀποστροφὴν
1669 4042 1714 4111 ad
1728 4053 1863 4130 gentes:
1892 4036 2006 4109 Vobis
2015 4038 2094 4109 dico
2104 4047 2173 4104 eto·

143 4177 234 4251 quae
260 4159 396 4222 constat
421 4168 462 4214 ex
484 4139 723 4212 disiunctivis.
773 4138 814 4210 st
838 4141 1013 4229 contingit
1031 4142 1132 4212 iusti·
1183 4140 1252 4213 llic
1269 4145 1470 4235 proximum
1486 4156 1734 4235 argumentum
1751 4141 1944 4241 amplificat
1964 4163 2032 4211 sno
2051 4158 2152 4209 exem·

142 4254 259 4326 ficatio
282 4249 436 4333 meritis,
461 4268 535 4313 non
558 4255 611 4313 est
633 4243 756 4330 gratia.
812 4241 853 4314 si
876 4243 1049 4332 contingit
1069 4267 1134 4335 per
1184 4246 1257 4338 plo.
1313 4243 1389 4334 Ego
1412 4246 1538 4331 etiam,
1568 4245 1704 4338 inquit,
1735 4239 1805 4314 hoc
1827 4244 1938 4332 magis
1961 4242 2154 4326 laboro,ut

144 4358 316 4450 gratiam,
342 4375 417 4420 non
433 4357 547 4440 potest
563 4345 770 4434 contingere
785 4344 933 4414 meritis.
984 4345 1053 4414 Sed
1081 4360 1134 4416 est
1184 4358 1305 4438 gentes
1331 4349 1376 4417 ad
1399 4343 1581 4419 Christum
1604 4341 1827 4439 pertraham,
1860 4358 1902 4416 ut
1927 4348 2153 4438 provocemet

144 4457 279 4550 gratia,
312 4448 410 4543 Ergo
433 4471 508 4519 non
530 4468 717 4538 possumus
737 4447 877 4533 mereri.
940 4442 1135 4518 Concludit
1186 4470 1265 4520 mco
1281 4460 1316 4518 et
1330 4449 1491 4540 gentium
1513 4450 1673 4540 exemplo
1688 4447 1850 4522 ludaeos.
1900 4445 1993 4518 Nem
2014 4470 2094 4517 cum
2114 4439 2173 4509 ri·

145 4560 255 4653 igitur
276 4556 404 4626 electos
428 4548 597 4642 consequi
620 4548 915 4622 iustificationem.
967 4543 1134 4640 Amplifi·
1187 4550 1320 4623 debant
1354 4550 1475 4623 ludaei
1502 4547 1737 4641 Evangelinm
1768 4550 1863 4620 inter
1899 4562 2021 4640 genter
2053 4546 2155 4618 attus

146 4678 202 4735 cat
221 4651 406 4734 antithesi,
440 4650 578 4724 Caeteri
597 4662 715 4721 autern
734 4665 819 4723 sunt
835 4650 1043 4742 caeciiani,
1069 4646 1134 4721 ha·
1188 4675 1281 4738 esse,
1307 4655 1524 4744 cogebantur
1544 4674 1751 4743 agnoscere,
1775 4649 1871 4722 hunc
1893 4646 2157 4725 ascetriarum

144 4766 232 4838 bent
258 4759 427 4853 spiritum
447 4751 752 4842 compunctionis,
778 4755 817 4823 ld
841 4766 911 4834 ²⁸¹.
944 4751 1075 4824 iratum
1100 4764 1135 4824 et
1188 4778 1294 4849 quem
1315 4753 1478 4847 Apostoli
1501 4755 1769 4847 praedicebant,
1802 4753 2009 4846 praesertim
2029 4774 2109 4823 cum
2126 4744 2159 4817 dt

146 4864 390 4940 exacerbatum
430 4854 601 4927 animum.
681 4849 850 4928 Oderunt
889 4853 1136 4947 Evangelium,
1188 4852 1331 4929 Christo
1355 4857 1463 4928 etiam
1485 4870 1647 4929 extarent
1668 4851 1893 4950 prophetiae,
1930 4856 2029 4950 quod
2054 4862 2159 4945 gentes

145 4970 229 5065 quia
242 4963 462 5037 arbitrantur
481 4952 674 5047 Evangelio
688 4957 853 5049 dissipari
869 4957 1027 5050 ipsorum
1044 4957 1137 5050 poli-
1189 4959 1221 5028 ei
1251 4953 1469 5029 adhaesuros
1497 4973 1624 5032 esseut·
1701 4955 1750 5030 Et
1778 4959 1906 5051 repetit
1936 4957 2162 5028 inversionem

144 5074 252 5153 tiam,
288 5065 437 5156 indigne
464 5060 586 5132 lerunt
616 5059 662 5130 ab
683 5052 885 5151 Evangelio
904 5058 1079 5141 iusticiam
1102 5070 1137 5130 et
1191 5082 1297 5149 supra
1313 5061 1502 5135 incoctam.
1553 5059 1594 5133 Si
1617 5061 1769 5132 abiectio
1790 5076 1915 5131 eonan
1938 5075 2030 5132 esset
2050 5076 2163 5130 recou-

146 5168 354 5267 sapientiam
384 5186 508 5237 eorum
541 5161 724 5245 damnari,
764 5162 855 5234 sicut
887 5184 984 5232 nunc
1012 5161 1139 5233 acerbe
1189 5161 1325 5232 ciliatio
1353 5165 1500 5242 mundi,
1532 5164 1570 5233 id
1604 5163 1752 5253 perinde
1772 5176 1880 5249 esset,
1916 5187 1957 5233 ac
1980 5163 2012 5233 si
2035 5161 2107 5232 vita
2133 5176 2168 5228 es

148 5278 303 5349 oderunt
319 5293 386 5341 uos
398 5266 478 5349 isti,
505 5262 569 5357 qni
586 5261 655 5334 sibi
677 5259 870 5356 sapientiae
888 5276 923 5337 et
942 5262 1141 5335 sanctitatis
1190 5277 1304 5335 morte
1325 5278 1534 5340 sumeretur.
1592 5263 1684 5337 Nam
1705 5265 1905 5362 εἰρωνικῶς
1923 5264 2170 5337 absurditatem

147 5374 352 5469 opinionem
368 5360 508 5442 detrahi
524 5375 662 5459 putant.
758 5452 762 5467 Ι
1191 5366 1494 5460 vultaiguibcsre,
1519 5367 1622 5462 quasi
1638 5367 1750 5454 diest,
1773 5367 1985 5440 Absurdum
1997 5378 2174 5447 metam·
