4522 5782
107 347 222 443 cepti,
248 359 281 416 et
304 341 498 435 gloriamur
511 364 573 437 spe
588 340 723 435 clonae
736 336 825 425 Dei,
861 340 994 427 idest,
1027 342 1100 413 lae-

110 463 276 523 tamuret
295 448 501 535 statuimus,
527 450 623 539 quod
639 443 736 515 Deus
758 443 804 513 sit
821 467 884 512 nos
900 444 1012 533 gloria
1035 469 1098 517 stra

11 599 14 609 ·
115 567 257 623 aeterna
286 562 493 631 ornaturus,
519 547 650 632 idest,
683 545 755 615 vita
784 560 1099 617 aeternaetcom-

110 649 425 725 mrrnicationesui
459 648 591 740 ipsius,
615 601 782 717 videlicet
815 646 1020 731 snaelucis,
1045 672 1098 716 sa-

111 757 288 856 pientiae,
315 752 474 822 iusticias
491 764 522 819 ει
542 730 665 819 laetiti
659 772 697 817 ιε
716 762 892 818 aeternae.
930 747 977 818 Et
994 746 1102 840 plara-

111 882 161 926 sis
176 860 400 926 observetur
419 849 545 921 Gloria
562 852 645 934 Dei
663 851 815 934 scilicet,
834 866 1006 942 quatenns
1024 875 1101 921 eam

112 959 218 1028 nobis
248 955 508 1034 communicat,
541 955 681 1023 etfacit
705 953 922 1023 nossimiles
946 954 1034 1038 sibi,
1061 968 1101 1023 ut

116 1062 268 1133 loannes
285 1058 455 1150 loquitur.

217 1159 399 1251 Significat
414 1169 532 1227 antem
549 1156 718 1246 gloriari,
735 1156 875 1240 laetari,
900 1171 934 1227 et
950 1170 1102 1227 statuere

113 1262 249 1357 aliquid
268 1263 371 1330 nobis
386 1260 579 1349 gloriosum
596 1281 691 1344 csse,
716 1260 753 1327 id
776 1275 862 1349 est,
877 1283 950 1329 rem
970 1261 1101 1330 bonam

113 1390 175 1436 seu
191 1365 377 1434 salutarem
394 1382 478 1433 esse.
511 1360 563 1430 lta
579 1361 752 1431 laetamur
765 1385 827 1450 spe
842 1376 1011 1430 venturae
1026 1363 1103 1451 glo·

113 1470 208 1563 riae,
232 1479 266 1535 ει
288 1464 451 1533 ducimus
473 1463 570 1531 illam
593 1463 741 1552 gloriam
767 1486 841 1532 esse
865 1487 983 1532 veram
1006 1466 1102 1533 saln-

113 1584 185 1639 tem
201 1582 236 1639 et
251 1566 511 1635 liberationem.

215 1668 285 1739 Hic
300 1683 334 1737 et
351 1666 512 1735 delinitio
528 1666 603 1756 spei
617 1679 793 1738 teneatur:
819 1664 907 1757 Spes
932 1681 984 1738 est
1008 1680 1101 1737 certa

112 1769 307 1863 expectatio
328 1781 491 1837 aeternae
513 1768 624 1851 vitae,
651 1765 774 1837 Gratis
795 1773 933 1837 dandae
959 1785 1104 1862 propter

112 1874 366 1949 mediatorem,
394 1884 427 1939 et
445 1870 676 1961 mitigationis
694 1873 932 1962 praesentium
958 1873 1100 1942 calami-

114 1991 248 2061 tatum,
274 1972 369 2042 iuxta
394 1971 582 2040 consilium
598 1971 677 2047 Dei.

116 2165 133 2199 ··
191 2136 276 2210 Into
303 2134 414 2205 eliam
434 2133 650 2231 gloriamur
677 2137 717 2207 in
746 2137 1029 2238 afflictionibus.

128 2274 134 2289 '
221 2275 327 2365 Legis
348 2290 382 2346 et
405 2275 554 2347 rationis
578 2276 750 2347 iudicium
778 2294 847 2361 est,
874 2277 980 2350 lustis
1001 2282 1106 2351 debet

119 2384 212 2453 bene
236 2400 321 2453 esse,
371 2374 410 2445 ld
436 2402 558 2446 verum
580 2394 649 2461 est,
673 2382 734 2449 scd
760 2381 1029 2469 intelligendum
1055 2397 1107 2461 est

115 2487 212 2555 iuxta
229 2480 414 2567 Evangelii
430 2479 727 2561 declarationem,
755 2485 851 2573 quod
866 2486 986 2565 docet,
1012 2511 1105 2577 quo-

112 2585 222 2654 modo
246 2577 410 2650 homines
431 2580 517 2651 fiant
539 2581 643 2661 iusti,
679 2596 714 2651 et
746 2585 890 2676 quando
915 2588 986 2655 sint
1005 2611 1106 2657 acce-

112 2683 212 2779 pturi
233 2682 408 2775 praemia,
448 2697 481 2752 et
511 2707 575 2751 cor
606 2685 643 2751 in
667 2678 733 2752 bac
766 2686 836 2757 vita
860 2688 1010 2757 subiecti
1033 2690 1105 2761 sint

114 2785 223 2859 cruci.
283 2783 353 2855 Sed
384 2786 540 2853 mundus
571 2782 656 2855 baec
689 2785 875 2875 ignorans,
910 2789 1043 2863 indicat
1064 2818 1106 2863 ex

115 2884 327 2961 tristissimis
349 2886 556 2977 spectaculis
574 2888 794 2959 miseriarum
815 2889 1012 2978 Ecclesiae,
1040 2918 1103 2963 ne·

117 2990 201 3082 gligi
220 3011 296 3057 eam
316 3010 335 3057 a
354 2985 443 3060 Deo.

22 3176 25 3181 Ι
217 3086 400 3159 Adversus
422 3086 489 3160 boc
516 3091 687 3163 iodicium
710 3092 892 3165 confirmat
917 3118 982 3165 nos
1008 3096 1104 3170 Dens

113 3197 155 3273 in
180 3205 253 3265 tota
283 3193 445 3261 doctrina
477 3188 674 3279 Ecclesiae,
703 3209 743 3264 nt
762 3193 890 3271 Psalm.
910 3199 988 3269 33.:
1007 3201 1106 3273 Mnl.

116 3312 172 3365 tae
199 3293 482 3365 tribulationes
473 3311 666 3372 iustorum,
707 3297 767 3363 sed
795 3321 834 3364 cx
858 3303 1025 3371 omnibus
1052 3302 1106 3375 his

118 3395 289 3466 liberabit
312 3418 371 3463 eos
395 3394 584 3466 Dominus
653 3395 702 3466 Et
722 3395 855 3466 Pacilus
887 3396 980 3471 bie
971 3430 1008 3472 ιιι
1012 3410 1106 3497 qnit:

124 3496 367 3567 Gloriamur
358 3520 394 3563 rn
412 3496 685 3582 afflictionibus,
712 3498 902 3569 Laetamur
925 3519 958 3574 et
984 3513 1107 3580 statui-

108 3621 198 3671 mus
220 3619 277 3664 eas
299 3618 372 3664 esse
398 3621 473 3665 non
499 3601 597 3688 signa
617 3600 691 3667 irae
717 3600 802 3685 Dei,
829 3606 888 3671 sed
911 3631 965 3676 res
982 3611 1105 3697 bonas,

117 3716 158 3771 ut
172 3697 363 3769 Psalmus
352 3699 487 3790 inquit:
515 3700 658 3770 Bonum
680 3696 770 3769 mihi
796 3708 890 3795 quod
910 3670 1105 3787 humiliasti

118 3826 195 3887 me,
218 3812 259 3870 ut
277 3800 447 3869 discerem
462 3802 724 3872 iustificationes
748 3818 825 3874 tuas
840 3821 906 3881 etc

222 3901 353 3973 lntexit
370 3919 486 3973 autem
505 3903 636 3973 Paulus
650 3901 742 3974 hanc
758 3912 989 3981 necessariam
1008 3940 1104 3987 com·-

119 4004 414 4076 memorationem
430 4009 479 4084 de
495 4007 771 4092 afflictionibus,
797 4024 836 4081 ut
859 4033 1022 4088 occurrat
1040 4016 1108 4091 bu-

121 4132 246 4178 manae
263 4107 473 4178 obiectioni:
502 4107 539 4179 Si
558 4131 681 4179 siamus
696 4109 779 4179 iusti
797 4128 831 4183 et
847 4117 918 4183 cari
937 4117 1023 4204 Deo,
1045 4147 1109 4193 cnr

122 4234 244 4280 sumus
267 4209 304 4276 in
320 4210 426 4280 tantis
442 4211 644 4279 aerumnis?

221 4309 428 4429 Respondet
457 4328 574 4383 antem
603 4313 771 4382 brevitezr
819 4312 897 4385 Hae
919 4341 1109 4395 aerumnae

637 160 1643 265 ann.us1.scanraaxacar1os,·;.;

1151 340 1242 413 lirtir
1265 341 1453 460 qnotidie,
1485 355 1519 411 et
1542 341 1714 413 accedunt
1737 341 1876 415 iurares
1895 330 2125 423 diabolorum.

1151 446 1211 538 qni
1236 446 1274 515 in
1297 442 1386 515 barre
1403 447 1565 515 miseram
1589 460 1623 513 ct
1651 444 1826 521 desertam
1850 459 2021 517 nattrram
2043 470 2128 517 erer-

1151 561 1230 616 cent
1256 540 1465 615 horribilem
1487 546 1691 630 saevitiam,
1720 548 1802 638 quia
1828 563 1914 617 snm
1932 542 2129 619 homicidae.

1151 649 1221 731 Sed
1246 670 1356 740 qrrsre
1377 643 1535 717 Ecclesia
1556 648 1668 738 magis
1697 660 1750 717 est
1782 672 2012 720 aerumnosa.
2070 648 2127 721 llic

1152 749 1307 841 primum
1333 752 1543 839 repetendae
1568 764 1653 820 sunt
1675 774 1881 821 communes
1896 776 2043 836 causae,
2060 755 2128 844 quia

1153 851 1478 933 omnesnascimnr
1496 874 1577 919 cum
1597 868 1752 941 peccato.
1807 852 1892 923 l'ult
1909 852 2129 929 utitem-Deus

1152 956 1189 1020 in
1205 949 1360 1023 Ecclesia
1377 953 1565 1047 praecipue
1582 953 1734 1043 intelligi
1760 957 1847 1023 iram
1866 958 2041 1025 adsersus
2063 980 2128 1045 pee-

1153 1070 1289 1137 catum,
1316 1057 1411 1149 qnod
1429 1059 1584 1124 mundns
1601 1079 1745 1125 securus
1770 1057 1982 1125 corrtcmnit.
2032 1052 2129 1127 Eser·

1153 1171 1251 1228 cetur
1274 1180 1356 1247 ergo
1380 1151 1536 1243 Ecclesia
1560 1158 1707 1239 durius,
1749 1173 1790 1228 ut
1819 1159 2073 1228 cornrnoneliat
2093 1158 2128 1229 de

1155 1261 1205 1328 ira
1232 1260 1309 1330 Dei.
1369 1255 1450 1327 lluc
1480 1261 1656 1350 pertinent
1689 1253 1929 1350 doarrracr‘m,
1964 1260 2060 1339 iuxta
2085 1262 2129 1329 di-

1154 1379 1266 1433 ctum:
1294 1359 1428 1429 Filium
1445 1386 1551 1453 quem
1571 1362 1706 1447 diligit,
1732 1364 1889 1450 castigat.
1940 1384 1971 1433 ·.

1255 1463 1438 1544 Secunda,
1452 1462 1627 1533 Diabolus
1643 1465 1728 1533 odio
1744 1460 1877 1547 Christi
1895 1464 2054 1535 atrocius
2067 1486 2129 1535 aar·

1155 1565 1229 1634 vire
1254 1579 1402 1633 conatur
1419 1566 1456 1633 in
1473 1564 1677 1636 Ecclesiam.

1258 1665 1399 1749 lectis,
1428 1665 1538 1735 tatae
1553 1667 1662 1736 rritrlta
1679 1680 1763 1735 suut
1787 1681 1820 1737 et
1839 1666 1995 1737 actualia
2018 1616 2128 1737 delicta

1155 1768 1193 1835 in
1214 1766 1389 1855 Ecclesia,
1429 1781 1470 1837 ut
1496 1766 1645 1836 Davidis
1674 1769 1914 1853 adulterium,
1961 1768 2128 1839 Menam

1156 1871 1331 1941 idolatria.
1383 1868 1480 1939 llaec
1503 1870 1606 1939 etiarm
1627 1868 1723 1938 Deus
1744 1872 1850 1959 punit
1865 1822 2048 1940 atrocibus
2062 1894 2129 1962 poo-

1155 1974 1211 2041 nis
1230 1975 1265 2041 in
1283 1969 1347 2041 lrac
1366 1973 1456 2057 vita,
1481 1985 1521 2043 ut
1543 1972 1581 2039 iu
1595 1972 1676 2041 aliis
1693 1967 1914 2045 bominibus.
1942 1970 1956 1991 ’
1968 1970 2050 2043 Huc
2064 1997 2128 2065 per·

1158 2077 1274 2145 tinent
1289 2070 1474 2167 τιμωρίαι.

1257 2174 1411 2265 Quarta,
1433 2174 1616 2268 Supplicia
1637 2174 1675 2243 in
1701 2172 1926 2244 confessione
1942 2188 2029 2246 runt
2046 2177 2125 2248 testi·

1157 2279 1296 2361 monia,
1322 2283 1419 2371 quod
1434 2279 1545 2348 sancti
1563 2301 1644 2345 vere
1660 2277 1710 2345 sic
1723 2277 1878 2346 sentiant
1892 2277 1991 2349 sicut
2003 2283 2125 2351 docent·

1156 2384 1249 2451 Sum
1264 2382 1348 2449 item
1358 2382 1570 2463 testimonia,
1586 2402 1675 2470 quae
1690 2378 1883 2448 ostendunt
1899 2394 2035 2451 restare
2047 2380 2127 2451 aliud

1157 2483 1346 2550 indicium:
1371 2483 1453 2574 quia
1472 2484 1566 2550 enim
1578 2482 1675 2550 Deus
1696 2495 1797 2551 antea
1815 2481 1977 2552 ostendit
1992 2480 2127 2553 aePaula

1156 2588 1274 2652 adesse
1295 2585 1515 2654 resuscitanti
1542 2596 1719 2665 mortuos,
1751 2595 1786 2652 et
1809 2583 1946 2651 deinde
1970 2584 2051 2655 linit
2064 2608 2126 2654 run

1157 2687 1306 2755 interlici
1322 2711 1341 2754 a
1359 2685 1514 2770 Nerone,
1536 2685 1708 2773 significat
1724 2697 1843 2774 postes
1860 2684 2058 2755 discrimen
2071 2688 2128 2756 forr

1157 2792 1251 2857 inter
1267 2787 1419 2856 Paulum
1434 2802 1467 2857 et
1482 2787 1671 2856 Neronem.

1259 2889 1413 2976 Quinta,
1438 2890 1532 2977 Quia
1551 2890 1626 2957 vult
1643 2886 1736 2955 Deus
1754 2884 1966 2985 excellentia
1990 2892 2127 2961 membra

1158 2989 1194 3057 in
1210 2986 1367 3060 Ecclesia
1383 2993 1459 3061 lieri
1476 2988 1672 3059 conformia
1693 2988 1767 3056 lilio
1789 2985 1869 3061 Dei.

1258 3092 1380 3178 Sexta,
1410 3093 1495 3162 Vult
1509 3090 1604 3161 Dens
1621 3090 1774 3180 conspici
1791 3112 1891 3157 suam
1911 3096 2126 3180 praesentiam

1157 3193 1194 3261 in
1212 3215 1338 3282 genere
1356 3194 1530 3273 humano,
1557 3208 1590 3264 et
1613 3191 1816 3282 praesertim
1845 3192 1884 3260 in
1902 3189 2080 3280 Ecclesia,
2099 3208 2127 3264 ut

1157 3319 1194 3363 re
1196 3295 1354 3366 litterator
1370 3296 1549 3389 Epicurei.
1585 3293 1669 3364 ldeo
1685 3319 1758 3363 nou
1775 3289 1879 3364 babet
1901 3291 2063 3367 Ecclesia
2081 3300 2127 3367 dc-

1157 3398 1354 3467 fensionem
1372 3416 1411 3471 ut
1427 3400 1573 3488 imperia
1589 3397 1735 3480 numdi,
1757 3409 1791 3464 et
1812 3399 1984 3469 accidunt
2007 3400 2128 3481 sanctis,

1159 3500 1268 3570 multa
1285 3501 1542 3572 inextricabilia
1561 3496 1718 3569 humano
1734 3497 1902 3582 consilio,
1922 3502 2016 3572 sicut
2033 3502 2127 3594 inquit

1159 3601 1340 3673 Ieremias:
1374 3604 1455 3674 Seio
1481 3603 1653 3685 Domine,
1687 3601 1781 3693 quod
1805 3622 1878 3667 non
1908 3602 1957 3672 sit
1989 3601 2127 3673 bominis

1159 3704 1212 3772 via
1239 3706 1324 3775 eins
1386 3706 1492 3775 ltcm:
1529 3703 1619 3773 Cum
1650 3702 1826 3770 nescimus
1851 3703 1940 3793 qnid
1968 3712 2126 3795 agendum

1158 3808 1223 3885 sit,
1250 3807 1342 3879 oculi
1362 3809 1473 3877 nostri
1497 3809 1540 3873 ad
1569 3819 1601 3875 te
1619 3802 1774 3874 Domine
1804 3803 2001 3876 tolluntur.
2032 3822 2071 3878 ut
2088 3807 2128 3877 la·

1160 3913 1370 4000 psusAdae,
1389 3908 1548 3978 venditio
1562 3902 1700 3998 loseph,
1718 3903 1866 3976 Davidis
1879 3908 2128 3993 exilium,mot-

1161 4016 1224 4081 bus
1240 4014 1330 4101 regis
1347 4008 1678 4081 Nabuchodonosor
1700 4024 1764 4077 etc.

1260 4115 1487 4206 Conspicitur
1515 4113 1625 4199 igitur
1654 4107 1848 4201 praesentia
1874 4109 1961 4196 Dei,
1993 4116 2130 4185 cumsir

1161 4218 1358 4288 liberantur
1384 4217 1514 4299 sancti,
1540 4226 1580 4283 ut
1601 4213 1703 4282 fateri
1724 4213 1820 4302 ipsos
1841 4226 1875 4280 et
1898 4215 1991 4284 alios
2007 4238 2130 4287 necem

1159 4321 1224 4405 sit,
1250 4320 1422 4389 divinitus
1445 4331 1599 4386 servatos
1622 4338 1707 4385 esse.
1767 4313 1827 4383 Sic
1849 4330 1929 4384 orat
1946 4316 2112 4389 ltloises
2102 4342 2132 4389 m

123 4426 205 4482 sunt
223 4414 384 4482 exercitia
401 4414 480 4482 fider
499 4428 531 4482 et
548 4438 639 4503 sper
657 4438 730 4483 non
746 4430 827 4485 sunt
845 4442 897 4485 si
876 4422 1110 4506 nairaeDei
1160 4448 1318 4493 numeris
1335 4420 1423 4512 Cap
1442 4419 1520 4489 14.;
1556 4416 1601 4489 Ut
1618 4413 1966 4508 audrantAegyptn,
1994 4425 2090 4513 quod
2104 4436 2135 4493 tr

123 4516 293 4583 adversus
315 4540 392 4586 nos
447 4514 519 4584 lam
544 4512 615 4586 linc
646 4517 894 4606 adiungatur
885 4537 1017 4611 integra
1045 4530 1109 4598 do·
1161 4526 1355 4595 Domine
1328 4548 1376 4594 srs
1392 4549 1427 4592 m
1451 4520 1515 4590 lroc
1534 4521 1676 4610 populo
1728 4513 1820 4586 Etl
1836 4516 1928 4608 Reg.
1948 4524 2011 4593 17.
2032 4523 2135 4618 inquit

111 4615 258 4701 ctrina,
292 4640 401 4707 qums
424 4629 537 4686 totum
560 4640 671 4703 genus
697 4613 894 4691 humanum
917 4626 964 4695 sit
990 4630 1109 4700 subie-
1160 4626 1294 4699 David:
1323 4626 1371 4699 Ut
1389 4629 1475 4694 serat
1496 4624 1614 4692 oninis
1640 4636 1752 4701 terra,
1777 4622 1874 4711 quod
1902 4637 1957 4692 est
1970 4624 2166 4721 Dominari

122 4732 217 4787 ctum
241 4718 495 4786 mortietaliis
516 4719 801 4790 calamitatibus?
852 4724 1111 4822 Deindequare
1158 4727 1287 4799 Deus
1278 4756 1316 4799 m
1342 4727 1465 4799 lsraiil.
1525 4723 1573 4795 Et
1596 4721 1762 4791 lcremiae
1785 4720 1859 4793 14..
1888 4723 1951 4795 Tu
1973 4729 2166 4801 antemio

120 4815 280 4890 Ecclesia
312 4820 423 4908 magis
455 4840 664 4891 aerumnosa
690 4822 754 4909 sit,
804 4849 910 4917 quam
949 4830 1012 4900 alii
1043 4830 1110 4904 ho-
1160 4833 1265 4902 nobis
1288 4832 1517 4912 esDomine,
1543 4840 1578 4895 et
1602 4848 1731 4893 nomen
1755 4826 2134 4903 tuuminrocatumest

122 4921 250 4994 mines·
1159 4957 1367 5025 supernos,
1393 4957 1437 5001 ne
1461 4882 1685 5019 deielinqnas
1708 4948 1785 4998 nos.

223 5021 345 5093 Prima
361 5045 464 5092 cansa
480 5036 532 5093 est
544 5025 669 5095 mortis
693 5040 728 5095 ει
751 5033 993 5104 communium
1017 5039 1109 5107 cala-
1246 5035 1340 5106 ·Hae
1357 5059 1493 5118 causae,
1508 5054 1616 5123 qnare
1632 5026 1789 5097 Ecclesia
1806 5052 1902 5099 crncr
1891 5031 2076 5109 subiecta
2087 5035 2134 5117 sit,

120 5123 285 5197 miratum
311 5125 350 5193 in
371 5139 446 5197 toto
471 5148 598 5215 genere
622 5124 801 5209 humano,
833 5130 952 5222 lapsus
975 5138 1111 5226 primo·
1160 5161 1298 5230 semper
1319 5141 1391 5208 sint
1413 5139 1450 5204 in
1474 5147 1685 5220 conspectu,
1718 5130 1926 5204 etaciamns
1942 5134 2059 5207 Deum
2081 5160 2133 5229 po-
2164 5222 2166 5227 Ι

123 5251 203 5295 rum
220 5241 428 5317 parentum,
453 5242 486 5299 et
502 5241 683 5320 peccatum
706 5234 801 5321 qnod
819 5253 1001 5307 nascentes
1024 5243 1110 5312 affc-
1161 5243 1294 5313 stnlare
1308 5239 1548 5310 obedientiam
1568 5234 1605 5300 in
1623 5231 1768 5323 poenis,
1795 5247 1829 5301 et
1846 5235 1885 5305 in
1901 5261 2025 5321 cruce,
2050 5238 2133 5310 inm
2164 5240 2166 5251 '

122 5329 245 5402 rimus.
277 5326 419 5399 Deinde
434 5329 663 5403 cumulantur
682 5354 819 5424 poenae
834 5340 1031 5423 actualibus
1047 5348 1109 5415 de·
1131 5400 1138 5422 .
1160 5346 1307 5415 dictum:
1325 5337 1654 5415 Humiliaminisub
1662 5335 1802 5428 potenti
1810 5361 1921 5409 manu
1930 5336 2011 5413 Dei.
2038 5340 2133 5413 trem
