4522 5782
78 162 149 237 ses
236 141 240 147 ’
541 156 1390 246 uutnutrtoruuvtuo.10tuu1s.
1456 166 1560 242 car.
1593 171 1657 247 vt.
2034 186 2109 277 tot

77 336 247 411 tuendum
271 344 351 421 est,
376 335 459 432 quia
484 334 683 433 superiores
707 361 782 407 non
804 353 930 410 curant
949 339 1064 410 studia
1117 338 1189 409 Dei
1203 362 1357 429 organa,
1383 353 1417 412 et
1432 341 1650 431 existimare,
1675 349 1769 443 qtrod
1786 347 1882 423 Deus
1902 356 2008 428 etiam
2030 363 2101 433 uti-

74 451 107 510 et
124 437 374 527 disciplinam,
418 460 540 508 rursus
571 451 751 508 secuturas
784 462 857 509 esse
888 443 1063 527 tenebras,
1116 441 1205 510 liora
1230 465 1291 532 per
1314 465 1372 511 cos
1395 466 1514 532 gerere
1539 448 1660 537 possit.
1695 432 1825 522 ‘Tales
1856 473 1937 529 sunt
1967 460 2099 548 Moses,

74 562 180 634 quare
198 533 264 608 hos
287 535 482 629 cophinos,
507 539 630 621 idest,
655 541 771 637 studia
786 556 818 611 et
838 543 1061 633 disciplinam
1114 541 1248 627 David,
1277 557 1309 613 et
1324 544 1476 629 similes,
1504 549 1565 638 qui
1582 553 1816 638 agnoscebant
1832 579 1929 627 suam
1947 563 2099 638 infirmi.

76 663 195 713 curare
212 636 425 732 Apostolos,
448 641 570 725 idest,
596 641 848 730 gubernatores
865 648 1060 735 oportebat.
1113 658 1238 728 tatem,
1286 646 1532 735 intelligebant
1559 674 1595 719 se
1629 676 1851 747 nequaquam
1882 685 1983 750 pares
2022 691 2098 741 esse

656 770 659 775 ·
1112 747 1211 815 oneri
1228 748 1509 834 gubernationis,
1536 764 1570 820 et
1587 765 1704 823 tamen
1720 773 1863 849 propter
1877 767 2096 842 vocationem

1112 871 1183 916 non
1203 862 1365 918 recusant
1380 851 1498 919 subire
1514 865 1645 922 tantam
1669 858 1817 943 molens,
1852 877 1887 934 et
1911 859 2002 938 hanc
2026 872 2095 942 fido

169 942 326 1017 Gratum
359 960 407 1016 est
439 946 649 1016 miraculum
677 947 922 1033 multitudini,
963 949 1057 1038 pasci
1109 950 1302 1034 sustinent,
1337 966 1517 1039 expectant
1540 956 1710 1026 attxilium
1732 983 1751 1027 a
1773 958 1866 1048 Deo,
1902 990 1976 1038 non
1999 971 2094 1042 iudi..

68 1047 139 1119 sinc
156 1070 226 1116 suo
244 1060 362 1117 sumtu
384 1047 522 1138 aliquo,
548 1061 582 1117 et
599 1043 657 1118 hie
673 1047 729 1118 vir
745 1043 808 1117 hac
823 1063 897 1119 arte
912 1050 1057 1118 videbo·
1109 1062 1189 1118 cant
1204 1074 1241 1119 se
1260 1050 1332 1119 suis
1353 1052 1508 1120 consiliis
1525 1069 1557 1124 et
1573 1057 1709 1129 viribus
1723 1084 1777 1130 res
1793 1076 1863 1132 tam
1879 1069 2093 1159 periculosas

67 1165 120 1219 tur
135 1149 314 1219 maximos
331 1149 501 1218 exereitus
516 1171 615 1236 posse
632 1144 840 1220 contrahere
862 1165 896 1220 et
918 1153 1056 1224 ducere.
1108 1174 1227 1241 regere
1241 1175 1351 1243 posse.
1401 1152 1470 1222 Sed
1486 1154 1515 1222 si
1531 1157 1616 1248 quid
1634 1159 1784 1232 feliciter
1805 1185 1950 1256 gerunt,
1974 1177 2091 1250 sciunt

14 1296 16 1315 .
67 1251 146 1321 ldeo
172 1253 365 1342 sperabant
391 1252 461 1318 iam
484 1249 584 1318 initia
606 1251 683 1318 sore
706 1252 782 1319 eius
802 1251 942 1341 imperii
959 1251 1055 1321 Mes·
1107 1275 1143 1321 se
1160 1248 1227 1321 Dei
1244 1253 1375 1321 auxilio
1395 1277 1530 1342 gerere,
1562 1282 1626 1328 nec
1649 1262 1849 1355 despiciunt
1867 1271 1934 1340 alia
1958 1299 2091 1365 organa

13 1380 16 1405 ÷
65 1354 144 1435 siae,
167 1353 269 1444 qrrod
287 1352 527 1420 somniabant:
556 1352 634 1421 ideo
652 1367 881 1441 concurrunt,
908 1367 941 1423 et
959 1349 1054 1423 hunc
1106 1350 1185 1426 Dei.
1237 1353 1356 1422 Moses
1377 1378 1450 1423 non
1465 1360 1612 1447 despicit
1642 1360 1761 1450 lnsue,
1793 1367 1908 1439 David
1930 1398 2002 1445 non
2025 1381 2090 1451 dc-

13 1462 16 1483 '
65 1453 288 1525 Nazarenum
305 1475 419 1541 regem
439 1453 677 1521 remmciaturi
701 1466 805 1531 sunt,
831 1467 865 1524 et
887 1455 1053 1535 coacturi,
1106 1454 1208 1545 spicit
1225 1451 1416 1537 lonathan,
1442 1458 1514 1527 imo
1531 1478 1743 1534 venerantur
1760 1491 1837 1549 eos,
1863 1497 1951 1564 quos
1968 1479 2090 1553 vident

13 1582 16 1623 t
66 1552 311 1646 ntimperium
336 1555 501 1643 accipiat,
529 1568 564 1626 et
585 1554 681 1641 regio
698 1553 841 1623 norrrine
863 1557 1052 1625 exercitum
1105 1557 1313 1624 sociosesse
1335 1556 1423 1626 tanti
1448 1558 1590 1634 laboris.
1648 1561 1805 1637 Humilis
1834 1586 1885 1642 est
1910 1574 2088 1669 lonathas,

13 1636 16 1723 l
65 1658 96 1726 in
110 1654 288 1724 ludaeam
305 1657 428 1737 ducat,
453 1678 517 1723 nec
540 1655 688 1723 dubium
707 1668 760 1724 est
777 1656 814 1723 in
834 1650 898 1725 hac
917 1657 1051 1727 delibe·
1106 1681 1179 1726 nou
1194 1658 1326 1747 appetit
1342 1682 1508 1747 reguum,
1534 1686 1614 1730 eum
1629 1666 1724 1737 videt
1740 1691 1775 1737 se
1791 1694 1864 1739 non
1887 1698 1960 1749 esse
1981 1666 2086 1753 voca'·

63 1759 220 1840 ratione,
249 1756 378 1823 multas
395 1751 649 1846 Prophetarum
674 1757 864 1827 sententias
882 1760 924 1826 de
943 1782 1051 1847 regno
1105 1771 1200 1842 tum,
1226 1760 1284 1826 sed
1303 1761 1410 1830 servit
1426 1761 1576 1831 fideliter
1591 1765 1628 1831 in
1642 1789 1705 1839 sua
1720 1773 1921 1860 vocatione,
1944 1804 2010 1852 noc
2027 1784 2085 1852 in-

63 1859 214 1930 Messiae
246 1856 412 1946 allegatas
446 1880 538 1938 esse,
585 1856 686 1926 euius
709 1858 956 1930 existimabant
986 1860 1050 1929 ali·
1104 1859 1200 1930 videt
1223 1857 1373 1943 Davidi,
1407 1886 1513 1954 quern
1538 1865 1634 1937 videt
1656 1872 1879 1960 antecellere,
1905 1892 1938 1949 et
1960 1885 2003 1952 ad
2028 1909 2086 1955 re„

64 1962 203 2053 quando
227 1959 312 2029 talia
336 1958 436 2026 initia
457 1960 552 2042 fore,
585 1960 644 2026 sed
662 1953 825 2028 Christus
841 1985 972 2029 novum
990 1986 1051 2052 pe·
1103 1984 1211 2050 gnum
1227 1977 1386 2031 vocatum
1405 1985 1498 2048 esse,
1523 1987 1560 2033 sc
1583 1991 1785 2062 quanquam
1812 1976 1884 2046 [ilio
1908 1984 1998 2071 regis
2023 2011 2084 2056 ex.

63 2061 321 2153 riculnmlugit
343 2084 434 2128 nova
457 2061 605 2131 ratione.
663 2058 778 2130 Antea
803 2076 986 2132 secesserat
1008 2086 1047 2132 ex
1103 2063 1212 2136 cluso.
1263 2059 1359 2130 Haec
1373 2063 1440 2134 fuit
1456 2088 1579 2154 magua
1595 2081 1629 2138 et
1646 2073 1817 2143 excellens
1839 2079 1952 2152 virtus
1968 2086 2004 2155 in
2021 2085 2082 2157 lo-

63 2164 233 2240 orbibus,
257 2162 396 2251 fugiens
413 2158 608 2244 Herodem,
636 2184 731 2231 nunc
751 2162 839 2250 lugit
856 2187 896 2231 ex
911 2165 1048 2233 deserto
1102 2158 1227 2241 notha,
1264 2164 1412 2255 obsequi
1443 2167 1618 2238 voluntati
1643 2170 1730 2255 Dei,
1767 2189 1800 2246 et
1831 2181 2006 2255 volentem
2037 2193 2083 2261 dc

63 2265 93 2333 io
121 2266 253 2346 rrrhes,
295 2264 355 2331 ubi
383 2264 512 2332 sciehat
540 2263 672 2352 populo
695 2287 769 2330 non
796 2265 940 2331 concedi
963 2266 1049 2334 tales
1102 2259 1314 2333 haereditate
1328 2265 1445 2352 regni,
1472 2292 1562 2360 qnae
1584 2270 1652 2360 ipsi
1667 2276 1783 2343 dehita
1801 2281 2003 2373 videbatur,
2028 2291 2082 2359 al.

62 2387 271 2447 concursus,
297 2378 359 2435 ant
375 2364 467 2433 ullos
486 2387 662 2433 sermones
679 2365 722 2432 de
738 2388 831 2433 novo
849 2388 939 2452 rege.
1101 2365 1165 2433 teri
1196 2369 1329 2436 cedere.
1398 2363 1500 2437 Hanc
1530 2394 1648 2440 veram
1677 2370 1909 2450 humilitatem
1940 2386 2080 2475 ignorat

157 2467 371 2537 (iurantem
388 2480 523 2534 recusat
540 2465 695 2552 recipere
719 2467 892 2554 regnum?
924 2467 1046 2557 Depo·
1100 2467 1272 2549 mundus,
1298 2491 1388 2559 quae
1411 2492 1474 2538 nec
1496 2473 1629 2561 appetit
1650 2476 1718 2546 alia
1734 2491 1828 2547 extra
1849 2490 2081 2580 vocationem,

64 2583 191 2639 uantur
207 2568 292 2635 illae
313 2567 464 2634 insulsae
483 2566 729 2657 cogitationes,
756 2571 850 2659 quod
869 2568 913 2636 sit
933 2569 1045 2638 virtus
1098 2581 1132 2636 et
1160 2568 1337 2637 vocationi
1361 2571 1578 2658 obtemperat
1606 2575 1686 2647 fide.
1745 2577 1809 2650 Est
1832 2584 1940 2670 igitur
1966 2593 2080 2664 victos

63 2673 178 2742 rivere
195 2670 237 2737 in
253 2667 414 2757 miseriis,
441 2669 560 2755 fugere
575 2689 659 2755 opes
675 2682 709 2737 et
725 2670 929 2758 potentiam,
956 2671 1045 2739 sicut
1098 2670 1212 2737 media
1230 2670 1323 2738 inter
1337 2664 1422 2738 haec
1444 2687 1614 2760 extrema,
1640 2677 1733 2748 inter
1749 2680 1946 2775 ignaviam,
1973 2706 2007 2765 et
2021 2719 2079 2763 ar..

63 2765 234 2843 blonachi
256 2768 394 2857 lingunt
421 2791 500 2837 suas
521 2767 673 2838 latebras
692 2783 725 2839 ct
739 2773 860 2839 sordes
879 2792 950 2841 esse
968 2795 1043 2840 ma·
1097 2772 1291 2860 rogantiam
1310 2795 1370 2839 seu
1386 2774 1598 2862 superbiam,

60 2895 158 2962 gnam
178 2870 368 2953 virtutem,
394 2882 428 2938 et
448 2869 582 2938 cultum
606 2868 693 2953 Dei,
718 2873 778 2940 sed
801 2874 936 2941 vocatio
961 2896 1039 2963 spe·
1197 2870 1340 2959 ignavia
1358 2888 1409 2943 est
1425 2877 1574 2945 desertio
1598 2879 1808 2969 vocationis,
1834 2903 1895 2959 aut
1911 2914 1952 2961 ex
1966 2893 2078 2967 simu.-

59 2986 178 3046 etetur.
242 2968 375 3040 Missus
403 2984 455 3041 est
477 2966 660 3056 Christus,
696 2985 833 3042 tantum
858 2987 897 3043 ut
921 2977 1042 3044 doceat
1095 2971 1200 3041 latioe
1230 2987 1263 3041 et
1288 2975 1539 3062 superstitione
1561 2993 1723 3069 appetere
1748 2991 1886 3075 sordes,
1928 3009 1968 3065 ut
1992 2995 2077 3068 Mo-

56 3070 313 3164 Evangelinm,
336 3086 370 3141 et
385 3072 445 3142 liat
468 3072 609 3142 victima
633 3095 697 3164 pro
720 3067 877 3143 humano
903 3097 1041 3164 genere,
1096 3067 1199 3142 nachi
1216 3075 1362 3146 ferirent.
1395 3074 1547 3148 Econtra
1565 3083 1777 3169 Arrogatttia
1795 3104 1845 3158 est
1863 3095 1994 3167 maiora
2013 3125 2076 3168 vo-

57 3200 121 3247 non
136 3190 179 3245 ut
194 3187 344 3264 occupet
358 3173 547 3272 imperium
570 3174 803 3245 mundanum.
853 3173 946 3246 Huic
960 3199 1042 3246 suae
1094 3175 1232 3244 catione
1248 3175 1316 3245 sibi
1340 3198 1496 3263 sumere,
1523 3181 1606 3248 item
1624 3184 1799 3258 conlidere
1815 3196 1968 3282 propriis
1985 3200 2076 3268 viri·

9 3296 11 3307 ·
56 3276 235 3348 vocationi
250 3277 488 3363 obtemperat,
521 3289 553 3345 et
577 3288 722 3366 propter
745 3271 837 3346 hanc
860 3301 934 3347 non
960 3302 1040 3367 per·
1092 3278 1177 3357 bus,
1211 3292 1246 3348 et
1267 3277 1335 3346 alia
1362 3300 1491 3366 organa
1513 3278 1581 3349 Dei
1602 3285 1796 3379 despicere,
1831 3295 1886 3361 vel
1908 3297 1957 3365 eis
1981 3298 2076 3370 invi..

54 3379 160 3450 mittit
177 3400 218 3448 sc
235 3375 439 3445 renuntiari
460 3398 590 3466 regem.
643 3373 789 3447 interim
805 3379 988 3469 profitetur
1003 3403 1040 3449 se
1092 3380 1196 3461 dere,
1235 3394 1275 3448 ut
1308 3379 1421 3468 Cain,
1462 3378 1628 3470 Goliath‚
1665 3385 1772 3470 Saul,
1804 3389 2006 3487 Antonius,
2040 3417 2076 3477 ot

52 3483 164 3551 multo
188 3479 305 3547 maius
328 3476 482 3548 officium
506 3499 641 3567 gerere,
676 3502 781 3570 quam
807 3482 959 3569 regium,
985 3480 1037 3549 vi·
1091 3479 1243 3548 maxima
1258 3503 1338 3569 pars
1355 3477 1552 3554 bominum.

54 3581 181 3650 delicet
203 3603 241 3649 sc
256 3603 329 3649 esse
350 3581 507 3649 datorem
532 3580 690 3649 iusticiae
705 3594 740 3649 et
755 3581 846 3651 vitae
867 3595 1038 3668 aeternae,
1193 3578 1318 3650 Gloria
1343 3599 1394 3652 est
1416 3606 1496 3652 vera
1518 3588 1726 3676 approbatio
1748 3597 1983 3672 conscientiae
2007 3629 2074 3676 no-

51 3696 87 3751 nt
103 3679 214 3754 toties
229 3696 310 3752 ante
323 3680 410 3754 dixi.
449 3679 635 3750 Haeserat
652 3681 763 3750 multo
781 3684 1038 3772 maiorgloria-
1090 3694 1198 3766 strae,
1220 3697 1253 3752 et
1274 3684 1514 3753 testimonium
1541 3688 1692 3759 aliorum
1714 3709 1805 3766 recte
1827 3701 2073 3793 iudicantium,
2139 3755 2145 3761 -

51 3785 118 3869 tio,
146 3805 256 3876 quam
281 3781 310 3849 si
333 3804 448 3870 regem
472 3804 508 3850 se
532 3780 707 3871 professus
730 3797 836 3861 esset,
859 3785 1036 3853 autetiam
1089 3784 1133 3851 de
1149 3778 1306 3853 honestis
1322 3785 1432 3857 factis.
1468 3784 1583 3858 Multa
1600 3804 1716 3862 autem
1733 3801 2071 3888 complectiturvcra

50 3907 201 3976 regnum
225 3883 510 3952 administrasset
563 3879 748 3952 Discamus
763 3883 871 3975 igitur
885 3886 971 3977 qnid
991 3886 1036 3956 sit
1089 3885 1295 3974 approbatio
1312 3900 1452 3954 nostrae
1466 3890 1711 3965 conscientiae.
1752 3895 1964 3972 Tuncenim
1983 3932 2070 3978 eon·

50 3989 187 4068 virtus,
221 4006 311 4077 quae
332 3996 477 4053 vocatur
501 3978 704 4064 humilitas,
748 3995 782 4053 et
804 4008 925 4054 rursus
949 3987 1034 4080 quid
1088 3985 1497 4073 scientiavereiudicat,
1523 4015 1602 4060 cum
1623 3999 1778 4085 agnoscit
1798 4024 1896 4070 suam
1918 4005 2070 4078 infirmi,-

49 4089 93 4161 sit
112 4085 252 4177 gloria,
290 4098 326 4157 et
345 4085 523 4178 quomodo
548 4087 595 4157 sit
619 4084 806 4176 fugienda,
845 4100 906 4157 aut
929 4111 1035 4184 appe-
1088 4100 1211 4166 tatem,
1244 4087 1344 4156 timet
1367 4086 1501 4175 Deum,
1535 4106 1708 4164 ettamen
1732 4103 1907 4171 vocationi
1932 4108 2070 4179 obtem.

49 4191 169 4261 unda,
1087 4201 1186 4280 perat
1202 4187 1289 4269 fide,
1313 4204 1346 4258 et
1360 4190 1450 4279 gerit
1465 4215 1522 4275 ea,
1548 4219 1638 4286 quae
1654 4201 1804 4285 postulat
1820 4207 1968 4291 vocatio,
1993 4235 2068 4283 non

151 4285 349 4359 Humilitas
372 4298 424 4356 est
446 4308 527 4355 vere
548 4287 673 4357 timere
692 4285 825 4373 Deum,
870 4303 904 4361 et
925 4312 1035 4381 agno-
1087 4288 1221 4380 appetit
1237 4290 1324 4373 alia,
1348 4304 1382 4360 el
1402 4295 1559 4380 ³8⁰⁰⁸⁰ll
1578 4317 1615 4364 ⁸⁰
1637 4299 1750 4368 lumi
1772 4301 1903 4391 ³⁰⁰⁰,
1930 4310 2068 4401 Sittio*

48 4415 143 4462 scere
157 4393 339 4484 propriam
356 4388 607 4473 infirmitatem,
629 4402 793 4459 ettamen
812 4390 849 4458 in
864 4391 933 4459 fide
949 4393 1033 4460 obe·
1085 4391 1225 4460 riantur
1254 4390 1420 4476 Samu'c‘l,
1457 4392 1590 4472 David,
1633 4396 1783 4486 Paulus,
1822 4404 1857 4475 id
1881 4423 1950 4490 est,
1985 4436 2066 4486 vera

48 4494 126 4564 dire
141 4491 321 4564 vocationi
334 4488 421 4570 Dei,
448 4503 482 4559 et
498 4503 677 4580 expectare
693 4492 737 4559 ab
761 4492 839 4581 ipso
863 4492 1033 4562 auxilium
1085 4492 1285 4562 testimonia
1302 4489 1432 4563 habent
1449 4495 1702 4584 conscientiae,
1727 4504 1843 4577 sciunt
1866 4531 1903 4579 sc
1920 4535 1993 4581 non
2007 4538 2065 4584 ra·
2087 4580 2092 4587 ,

47 4609 82 4669 et
95 4593 411 4686 gubernationem,
438 4614 504 4660 nec
518 4605 681 4681 appetere
696 4615 755 4676 ea,
782 4595 826 4661 ad
842 4589 1034 4684 quaelleus
1086 4593 1202 4680 puisse
1219 4595 1497 4678 dominationes,
1523 4600 1582 4665 sed
1598 4603 1773 4673 vocationi
1788 4608 2002 4695 obedivisse,
2030 4630 2064 4689 et

46 4721 122 4769 non
136 4708 261 4777 vocat,
286 4717 350 4763 nec
364 4691 439 4761 lieri
456 4691 698 4776 audaciorem,
726 4694 826 4785 quasi
843 4707 961 4763 nostra
977 4716 1034 4764 sa·
1085 4717 1159 4762 non
1174 4694 1352 4764 miscuisse
1368 4697 1521 4787 privatas
1541 4701 1768 4790 cupiditates,
1793 4721 1826 4778 et
1848 4736 1937 4804 qrrae
1952 4716 2064 4786 felici-

46 4799 203 4892 pientia,
228 4795 358 4867 nostris
380 4793 536 4878 viribus,
560 4816 614 4864 res
636 4817 780 4884 magnas
804 4810 840 4867 et
863 4797 1033 4866 salutares
1085 4809 1140 4865 ter
1160 4807 1359 4884 gesserunt,
1383 4795 1494 4868 aDeo
1513 4801 1706 4888 gubernata
1727 4831 1810 4878 esse.
1869 4810 1964 4886 Haec
1985 4819 2062 4908 glo,

258 805 412 881 Secessi!
431 809 470 878 in
490 818 646 879 montem
667 807 743 907 ipsc
762 808 877 887 solus.

46 4922 229 4993 mnus,
252 4898 313 4969 sed
330 4907 606 4983 verestatuere,
630 4897 725 4991 quod
744 4895 821 4969 Deo
842 4900 1032 4969 adiuvante
1084 4897 1157 4979 ria,
1183 4896 1221 4965 id
1237 4909 1306 4981 est,
1331 4891 1400 4969 boc
1420 4901 1663 4972 testimoninm
1683 4911 1918 4983 conscientiae
1934 4935 1984 4991 est
1998 4943 2062 5010 ap·
2131 4948 2135 4955 ’

47 5027 103 5076 m
128 5002 237 5074 utiles
265 5021 445 5088 geramus,
483 5021 670 5089 agnoscere
692 5013 727 5070 et
748 5001 893 5069 modum
917 4999 1032 5068 nostri
1083 5001 1284 5089 petendum.
1337 4996 1431 5086 Quia
1446 5000 1541 5072 Deus
1556 5005 1632 5077 vult
1652 5030 1718 5078 nos
1732 5012 1851 5083 vivere
1866 5016 1960 5087 bona
1976 5042 2064 5090 con·

47 5105 156 5184 doni,
183 5126 250 5173 nec
266 5100 443 5192 despicere
458 5098 529 5171 alia
550 5101 726 5192 membra,
753 5125 816 5192 per
832 5125 922 5196 quae
934 5099 1033 5172 Deus
1084 5098 1240 5170 scientia.
1290 5098 1369 5169 lmo
1384 5102 1519 5192 polluta
1537 5107 1746 5182 conscientia
1763 5137 1837 5184 non
1854 5130 1966 5206 potest
1980 5143 2061 5191 eum

46 5206 255 5288 ΝΜ,
279 5204 340 5274 „d
357 5202 476 5295 potius
498 5215 634 5293 potere,
667 5213 708 5271 ut
722 5199 820 5272 Deus
834 5203 938 5275 etiam
953 5225 1032 5272 cae-
1082 5199 1258 5272 invocare.
1307 5199 1377 5272 Sed
1396 5215 1512 5274 tamen
1531 5229 1603 5274 uon
1619 5212 1837 5286 confidamus
1851 5239 1916 5287 nos
1934 5214 2062 5292 habere

46 5324 142 5385 tuo·
163 5309 329 5390 adiuvet,
363 5317 399 5377 et
420 5302 503 5374 illos
523 5297 660 5386 honore
680 5302 837 5393 afficere,
862 5319 1032 5399 unquam
1083 5303 1406 5385 reconciliationem
1431 5307 1526 5446 {pud
1540 5303 1675 5398 Deum,
1707 5329 1854 5409 propter
1876 5313 1945 5396 hoc
1964 5323 2064 5396 testi.
