4522 5782
44 136 167 277 σιὼ
246 135 271 268 7⁸
370 190 473 269 ιιιιι.
527 190 563 268 a
592 186 961 295 inconsonum
986 155 1144 270 ne1'sr.
1171 189 1320 269 ιιιιιι
1347 188 1416 267 ιιι
1440 143 1801 270 santonenses.
1873 231 1878 240 =
2007 128 2106 269 tela

61 364 271 437 Transtulit
293 365 402 457 igitur
424 363 557 437 Paulus
579 369 729 438 verbum
748 365 919 437 usitatum
942 388 1059 437 sacer·
1107 364 1265 437 Ecclesia
1288 355 1379 437 mihi
1399 367 1673 439 communicavit
1696 367 1792 438 iuxta
1823 366 1997 439 rationem
2018 362 2103 439 llati

60 468 211 540 dotibus
231 469 278 538 ad
294 491 482 541 aerumnas
498 470 723 555 docentium,
760 491 850 562 quos
870 469 1058 561 praecipue
1109 483 1143 539 et
1164 464 1329 560 Accepti,
1366 470 1437 539 nisi
1460 492 1523 538 vos
1546 469 1624 538 soli.
1693 468 1913 560 Significat
1902 472 2012 562 agitur
2035 495 2102 561 ριο
2198 492 2200 502 ·

61 583 206 662 oportet
236 584 391 663 paratos
405 595 480 642 esse
512 573 558 642 ad
590 595 713 642 omnes
743 592 864 655 casus,
907 585 960 648 et
972 572 1058 642 scite
1108 571 1187 640 data
1203 571 1367 642 doctrina
1383 571 1538 642 vicissim
1556 543 1692 640 dandas
1709 595 1782 641 esse
1797 576 1993 657 mercedes
2010 573 2102 642 sicut

61 684 256 766 utramque
277 675 458 745 fortunam
482 687 576 745 recte
597 651 720 758 ferre,
746 697 822 743 non
846 673 1058 745 insolescere
1107 673 1331 743 verissimum
1355 688 1416 746 est
1483 673 1576 743 Cum
1599 688 1715 742 autem
1738 697 1850 744 venae
1871 676 1951 743 auri
1972 676 2011 743 in
2035 674 2101 744 illo

61 775 106 845 in
128 775 237 845 rebus
259 775 445 860 secundis,
489 798 555 847 nec
578 788 724 869 propter
744 777 909 845 adversas
931 799 953 846 a
978 772 1056 845 Deo
1106 774 1184 844 loco
1210 775 1362 862 fuerint,
1411 788 1689 846 consentaneum
1714 788 1782 860 est,
1823 778 1955 847 multos
1979 776 2100 861 luisse,
2164 797 2170 815 ¹

62 875 225 951 delicere.
285 875 364 949 Hoc
388 828 533 948 robur
521 902 561 946 ιιι
583 878 795 949 docentibus
816 877 998 968 postulant
1022 890 1057 948 et
1106 878 1168 970 qui
1192 889 1226 945 et
1249 892 1351 948 antea
1377 879 1485 949 idolis
1505 877 1616 948 multa
1641 877 1868 964 dedicarunt,
1901 878 1952 948 ita
1977 892 2100 971 postea
2165 924 2168 930 ,

61 975 188 1072 Moysi
211 977 326 1071 dicta,
362 979 401 1048 in
430 963 730 1072 descriptionibus
761 979 921 1051 tribuum
952 978 1055 1051 Dent
1106 1002 1186 1050 cum
1208 978 1382 1052 illuxisset
1407 981 1457 1049 eis
1475 985 1563 1049 ‘vera
1580 980 1625 1048 de
1643 976 1720 1049 Deo
1744 993 1778 1050 et
1799 977 2098 1073 deRedernptore

48 1079 151 1155 Μ..
177 1081 239 1173 qui
262 1081 353 1152 dixit
372 1083 463 1174 patri
479 1104 553 1161 suo
561 1094 595 1153 et
612 1082 833 1166 matrisuae,
858 1082 977 1152 nescio
994 1105 1056 1151 vos
1105 1081 1287 1166 doctrina,
1320 1079 1512 1153 contulisse
1531 1080 1672 1175 aliquid
1696 1083 1741 1152 ad
1765 1082 1963 1154 iuvandum
1987 1081 2098 1155 mini·

62 1195 130 1256 etc.
180 1178 232 1250 Hi
263 1184 470 1256 custodiunt
503 1184 687 1279 eloquium
723 1199 823 1254 tuum
852 1196 886 1254 et
913 1195 1054 1275 pactum
1105 1184 1251 1253 sterium
1277 1181 1478 1277 Evangelii.
1553 1229 1561 1249 .

56 1298 168 1356 tuum
184 1297 248 1355 etc.
301 1285 360 1355 Ad
378 1286 462 1357 talia
476 1301 661 1378 praecepta
676 1286 840 1376 congruit
855 1284 1054 1378 exemplum

62 1382 170 1457 Pauli
193 1381 261 1457 hoc
285 1387 365 1458 1000
388 1389 622 1481 propomam·
1205 1352 1299 1452 Usus
1314 1369 1365 1426 cst
1380 1353 1513 1426 Paulus
1529 1348 1587 1425 hic
1607 1353 1715 1425 verbo
1734 1350 1879 1448 ἀπέχω,
1905 1343 2003 1449 quod
2025 1354 2096 1427 suit

1030 1429 1032 1431 Ι
1105 1456 1274 1527 usitatum
1300 1457 1340 1526 in
1365 1456 1624 1541 contractibus,
1661 1456 1725 1526 ubi
1751 1458 1929 1528 fatebatur
1949 1458 1998 1540 is,
2031 1458 2097 1552 qui

166 1591 401 1687 Posteaquam
425 1608 542 1666 autem
559 1593 796 1686 suspicionem
813 1590 982 1663 avaritiae
997 1616 1053 1662 rc·

63 1693 215 1781 tutavit,
247 1697 377 1766 deinde
401 1709 542 1782 narrat,
575 1721 612 1768 se
634 1711 732 1789 grato
755 1695 876 1766 animo
898 1693 1125 1787 accipere

64 1817 216 1896 munus,
250 1810 285 1868 et
306 1798 429 1871 laudat
461 1813 612 1871 veterem
642 1822 765 1871 corum
795 1797 1054 1884 liberalitatem,

65 1898 153 1994 quia
176 1913 209 1969 et
232 1911 335 1971 autea
357 1915 522 1992 expertus
543 1903 589 1973 sit
610 1925 733 1972 eorum
756 1898 1053 1981 benevolentiam,

65 2002 113 2072 de
130 2023 199 2094 qua
218 2015 337 2072 tamen
352 2002 400 2073 ita
419 2003 596 2097 loquitur,
620 2018 661 2075 ut
674 2003 865 2095 significat,
892 2002 1054 2074 docenti-

66 2104 135 2174 bus
156 2105 352 2175 mercedem
374 2106 514 2192 deberi‚
539 2106 630 2179 sicut
650 2120 685 2178 et
706 2106 792 2176 alibi
813 2103 931 2200 inquit
945 2101 1052 2177 Rom.

15 2200 146 2305 ,15⁶
177 2203 354 2281 debitores
379 2207 464 2301 ipsis
488 2223 582 2284 sunt.
633 2205 687 2281 lta
712 2205 771 2283 hir
795 2206 927 2302 inquit:
953 2206 1052 2279 nulla
1475 2206 1571 2303 Θεῷ
1606 2196 1731 2288 δόξα.

1104 1661 1218 1750 recepi
1256 1662 1480 1752 persolutum
1520 1659 1698 1744 debitum,
1742 1665 1839 1730 unde
1874 1676 1927 1734 est
1959 1675 2094 1733 nomen
2145 1663 2158 1673 “

1103 1754 1224 1856 ἇποχή
1249 1787 1313 1854 pro
1338 1761 1543 1836 testimonio
1570 1762 1705 1854 accepti
1740 1762 1864 1839 debiti

1203 1893 1362 2005 Haecin
1386 1935 1587 2026 argumenti
1611 1933 1820 2005 recitatione
1844 1934 1939 2020 dixi,
1964 1946 2005 2005 ut
2027 1957 2092 2027 po-

1102 2050 1176 2109 stea
1193 2029 1347 2129 insignes
1361 2035 1528 2109 materiae
1543 2034 1752 2124 diligentius
1769 1986 2016 2111 observantur.

1105 1558 1265 1628 debitum
1281 1573 1477 1654 acceperat
1509 1581 1545 1627 se
1560 1581 1750 1649 recepisse
1785 1554 1931 1651 ἀπέχω,
1963 1559 2001 1630 id
2025 1572 2095 1645 cst,
2143 1599 2147 1608 ,
2243 1596 2248 1607 1
