<?xml version="1.0" encoding="UTF-8"?>
<!DOCTYPE html PUBLIC "-//W3C//DTD XHTML 1.0 Transitional//EN"
    "http://www.w3.org/TR/xhtml1/DTD/xhtml1-transitional.dtd">
<html xmlns="http://www.w3.org/1999/xhtml" xml:lang="en" lang="en">
 <head>
  <title>
</title>
<meta http-equiv="Content-Type" content="text/html;charset=utf-8" />
  <meta name='ocr-system' content='tesseract 3.04.00' />
  <meta name='ocr-capabilities' content='ocr_page ocr_carea ocr_par ocr_line ocrx_word'/>
</head>
<body>
  <div class='ocr_page' id='page_1' title='image "./corpusreformato01melagoog/corpusreformato01melagoog_0386.png"; bbox 0 0 4522 5782; ppageno 0'>
   <div class='ocr_carea' id='block_1_1' title="bbox 58 79 2097 229">
    <p class='ocr_par' dir='ltr' id='par_1_1' title="bbox 58 79 2097 229">
     <span class='ocr_line' id='line_1_1' title="bbox 58 79 2097 229; baseline 0.01 -41"><span class='ocrx_word' id='word_1_1' title='bbox 58 100 147 189; x_wconf 80' lang='lat' dir='ltr'><strong>aas</strong></span> <span class='ocrx_word' id='word_1_2' title='bbox 242 110 345 193; x_wconf 87' lang='lat' dir='ltr'><strong>xtu.</strong></span> <span class='ocrx_word' id='word_1_3' title='bbox 392 116 430 191; x_wconf 78' lang='lat' dir='ltr'><strong>a</strong></span> <span class='ocrx_word' id='word_1_4' title='bbox 454 110 820 192; x_wconf 78' lang='lat' dir='ltr'><strong>courmmsau</strong></span> <span class='ocrx_word' id='word_1_5' title='bbox 845 112 898 192; x_wconf 84' lang='lat' dir='ltr'><strong>ru</strong></span> <span class='ocrx_word' id='word_1_6' title='bbox 921 110 1076 193; x_wconf 82' lang='lat' dir='ltr'><strong>aetsr.</strong></span> <span class='ocrx_word' id='word_1_7' title='bbox 1100 110 1252 190; x_wconf 76' lang='lat' dir='ltr'><strong>neura</strong></span> <span class='ocrx_word' id='word_1_8' title='bbox 1276 109 1346 189; x_wconf 84' lang='lat' dir='ltr'><strong>so</strong></span> <span class='ocrx_word' id='word_1_9' title='bbox 1371 106 1635 193; x_wconf 81' lang='lat' dir='ltr'><strong>aousaos.</strong></span> <span class='ocrx_word' id='word_1_10' title='bbox 1681 112 1791 202; x_wconf 71' lang='lat' dir='ltr'><strong>&#39;cau</strong></span> <span class='ocrx_word' id='word_1_11' title='bbox 1817 79 1918 207; x_wconf 67' lang='lat' dir='ltr'><strong>xt&#39;v.</strong></span> <span class='ocrx_word' id='word_1_12' title='bbox 2020 128 2097 229; x_wconf 78' lang='lat' dir='ltr'><strong>rsa</strong></span> 
     </span>
    </p>
   </div>
   <div class='ocr_carea' id='block_1_2' title="bbox 23 272 2195 3540">
    <p class='ocr_par' dir='ltr' id='par_1_2' title="bbox 59 272 2093 791">
     <span class='ocr_line' id='line_1_2' title="bbox 59 272 2093 392; baseline 0.008 -35"><span class='ocrx_word' id='word_1_13' title='bbox 59 276 200 361; x_wconf 75' lang='lat' dir='ltr'><strong>tslihua</strong></span> <span class='ocrx_word' id='word_1_14' title='bbox 218 272 372 379; x_wconf 60' lang='lat' dir='ltr'><strong>tempii</strong></span> <span class='ocrx_word' id='word_1_15' title='bbox 394 286 665 381; x_wconf 83' lang='lat' dir='ltr'><strong>superstitiones</strong></span> <span class='ocrx_word' id='word_1_16' title='bbox 693 310 866 376; x_wconf 83' lang='lat' dir='ltr'><strong>crescere,</strong></span> <span class='ocrx_word' id='word_1_17' title='bbox 906 287 1055 360; x_wconf 90' lang='lat' dir='ltr'><strong>nonita</strong></span> <span class='ocrx_word' id='word_1_18' title='bbox 1109 286 1199 358; x_wconf 85' lang='lat' dir='ltr'><strong>facta</strong></span> <span class='ocrx_word' id='word_1_19' title='bbox 1225 292 1277 358; x_wconf 87' lang='lat' dir='ltr'><strong>e&#39;st</strong></span> <span class='ocrx_word' id='word_1_20' title='bbox 1299 286 1526 383; x_wconf 87' lang='lat' dir='ltr'><strong>constitutio,</strong></span> <span class='ocrx_word' id='word_1_21' title='bbox 1553 304 1644 385; x_wconf 78' lang='lat' dir='ltr'><strong>quae</strong></span> <span class='ocrx_word' id='word_1_22' title='bbox 1666 289 1832 385; x_wconf 90' lang='lat' dir='ltr'><strong>prohibet</strong></span> <span class='ocrx_word' id='word_1_23' title='bbox 1852 298 1993 392; x_wconf 86' lang='lat' dir='ltr'><strong>nuptias</strong></span> <span class='ocrx_word' id='word_1_24' title='bbox 2013 325 2093 377; x_wconf 86' lang='lat' dir='ltr'><strong>mo·</strong></span> 
     </span>
     <span class='ocr_line' id='line_1_3' title="bbox 61 385 2091 491; baseline 0.009 -32"><span class='ocrx_word' id='word_1_25' title='bbox 61 387 238 460; x_wconf 68' lang='lat' dir='ltr'><strong>uaioemur</strong></span> <span class='ocrx_word' id='word_1_26' title='bbox 255 385 429 460; x_wconf 88' lang='lat' dir='ltr'><strong>inhaere</strong></span> <span class='ocrx_word' id='word_1_27' title='bbox 446 392 636 486; x_wconf 83' lang='lat' dir='ltr'>synodum,</span> <span class='ocrx_word' id='word_1_28' title='bbox 660 405 701 462; x_wconf 95' lang='lat' dir='ltr'><strong>ut</strong></span> <span class='ocrx_word' id='word_1_29' title='bbox 717 391 869 461; x_wconf 89' lang='lat' dir='ltr'><strong>velimus</strong></span> <span class='ocrx_word' id='word_1_30' title='bbox 885 391 967 462; x_wconf 89' lang='lat' dir='ltr'><strong>illos</strong></span> <span class='ocrx_word' id='word_1_31' title='bbox 983 390 1052 465; x_wconf 86' lang='lat' dir='ltr'><strong>Ca·</strong></span> <span class='ocrx_word' id='word_1_32' title='bbox 1108 386 1232 460; x_wconf 90' lang='lat' dir='ltr'><strong>nachis</strong></span> <span class='ocrx_word' id='word_1_33' title='bbox 1255 404 1289 461; x_wconf 89' lang='lat' dir='ltr'><strong>et</strong></span> <span class='ocrx_word' id='word_1_34' title='bbox 1312 391 1527 482; x_wconf 81' lang='lat' dir='ltr'><strong>virginibus,</strong></span> <span class='ocrx_word' id='word_1_35' title='bbox 1553 417 1643 486; x_wconf 88' lang='lat' dir='ltr'><strong>quae</strong></span> <span class='ocrx_word' id='word_1_36' title='bbox 1663 411 1744 469; x_wconf 87' lang='lat' dir='ltr'><strong>vota</strong></span> <span class='ocrx_word' id='word_1_37' title='bbox 1766 399 1948 491; x_wconf 88' lang='lat' dir='ltr'><strong>feceruut,</strong></span> <span class='ocrx_word' id='word_1_38' title='bbox 1974 417 2010 476; x_wconf 85' lang='lat' dir='ltr'><strong>et</strong></span> <span class='ocrx_word' id='word_1_39' title='bbox 2029 428 2091 476; x_wconf 84' lang='lat' dir='ltr'><strong>cx·</strong></span> 
     </span>
     <span class='ocr_line' id='line_1_4' title="bbox 65 490 2092 601; baseline 0.008 -40"><span class='ocrx_word' id='word_1_40' title='bbox 65 510 183 561; x_wconf 87' lang='lat' dir='ltr'><strong>uoues</strong></span> <span class='ocrx_word' id='word_1_41' title='bbox 197 504 260 562; x_wconf 93' lang='lat' dir='ltr'><strong>aut</strong></span> <span class='ocrx_word' id='word_1_42' title='bbox 280 493 477 583; x_wconf 87' lang='lat' dir='ltr'><strong>approbare</strong></span> <span class='ocrx_word' id='word_1_43' title='bbox 492 505 553 563; x_wconf 86' lang='lat' dir='ltr'><strong>aut</strong></span> <span class='ocrx_word' id='word_1_44' title='bbox 569 494 765 569; x_wconf 90' lang='lat' dir='ltr'><strong>restituere.</strong></span> <span class='ocrx_word' id='word_1_45' title='bbox 815 493 888 564; x_wconf 89' lang='lat' dir='ltr'><strong>Nec</strong></span> <span class='ocrx_word' id='word_1_46' title='bbox 913 508 1056 586; x_wconf 88' lang='lat' dir='ltr'><strong>propte-</strong></span> <span class='ocrx_word' id='word_1_47' title='bbox 1107 492 1344 565; x_wconf 89' lang='lat' dir='ltr'><strong>communicat</strong></span> <span class='ocrx_word' id='word_1_48' title='bbox 1365 494 1451 564; x_wconf 88' lang='lat' dir='ltr'><strong>tales</strong></span> <span class='ocrx_word' id='word_1_49' title='bbox 1474 490 1720 568; x_wconf 67' lang='lat' dir='ltr'><strong>contrahentes</strong></span> <span class='ocrx_word' id='word_1_50' title='bbox 1745 505 1940 592; x_wconf 87' lang='lat' dir='ltr'><strong>connubia,</strong></span> <span class='ocrx_word' id='word_1_51' title='bbox 1977 530 2092 601; x_wconf 88' lang='lat' dir='ltr'><strong>quan·</strong></span> 
     </span>
     <span class='ocr_line' id='line_1_5' title="bbox 66 592 2091 691; baseline 0.004 -28"><span class='ocrx_word' id='word_1_52' title='bbox 66 592 373 664; x_wconf 80' lang='lat' dir='ltr'><strong>rea·tlissentimus</strong></span> <span class='ocrx_word' id='word_1_53' title='bbox 391 618 411 664; x_wconf 88' lang='lat' dir='ltr'><strong>a</strong></span> <span class='ocrx_word' id='word_1_54' title='bbox 429 595 544 665; x_wconf 85' lang='lat' dir='ltr'><strong>veteri</strong></span> <span class='ocrx_word' id='word_1_55' title='bbox 559 593 733 676; x_wconf 75' lang='lat' dir='ltr'>Ecclesia,</span> <span class='ocrx_word' id='word_1_56' title='bbox 760 596 952 666; x_wconf 79' lang='lat' dir='ltr'>retinemus</span> <span class='ocrx_word' id='word_1_57' title='bbox 966 596 1053 667; x_wconf 88' lang='lat' dir='ltr'><strong>arti·</strong></span> <span class='ocrx_word' id='word_1_58' title='bbox 1105 616 1212 685; x_wconf 87' lang='lat' dir='ltr'><strong>quam</strong></span> <span class='ocrx_word' id='word_1_59' title='bbox 1239 595 1337 665; x_wconf 82' lang='lat' dir='ltr'>addit</span> <span class='ocrx_word' id='word_1_60' title='bbox 1361 595 1637 687; x_wconf 81' lang='lat' dir='ltr'><strong>mitigationem,</strong></span> <span class='ocrx_word' id='word_1_61' title='bbox 1671 623 1772 691; x_wconf 92' lang='lat' dir='ltr'><strong>posse</strong></span> <span class='ocrx_word' id='word_1_62' title='bbox 1797 619 1831 678; x_wconf 87' lang='lat' dir='ltr'><strong>et</strong></span> <span class='ocrx_word' id='word_1_63' title='bbox 1853 600 1922 679; x_wconf 79' lang='lat' dir='ltr'><strong>hoe</strong></span> <span class='ocrx_word' id='word_1_64' title='bbox 1944 606 2091 679; x_wconf 76' lang='lat' dir='ltr'><strong>concedi</strong></span> 
     </span>
     <span class='ocr_line' id='line_1_6' title="bbox 64 694 1442 791; baseline 0.002 -26"><span class='ocrx_word' id='word_1_65' title='bbox 64 694 166 765; x_wconf 85' lang='lat' dir='ltr'><strong>culos</strong></span> <span class='ocrx_word' id='word_1_66' title='bbox 193 695 323 791; x_wconf 87' lang='lat' dir='ltr'><strong>synodi</strong></span> <span class='ocrx_word' id='word_1_67' title='bbox 352 696 399 765; x_wconf 92' lang='lat' dir='ltr'><strong>de</strong></span> <span class='ocrx_word' id='word_1_68' title='bbox 426 696 674 790; x_wconf 75' lang='lat' dir='ltr'><strong>dogmatibus,</strong></span> <span class='ocrx_word' id='word_1_69' title='bbox 717 721 807 791; x_wconf 89' lang='lat' dir='ltr'><strong>qnae</strong></span> <span class='ocrx_word' id='word_1_70' title='bbox 836 700 980 791; x_wconf 80' lang='lat' dir='ltr'>proprie</span> <span class='ocrx_word' id='word_1_71' title='bbox 1006 700 1053 769; x_wconf 90' lang='lat' dir='ltr'><strong>ad</strong></span> <span class='ocrx_word' id='word_1_72' title='bbox 1104 695 1238 767; x_wconf 90' lang='lat' dir='ltr'><strong>iudicio</strong></span> <span class='ocrx_word' id='word_1_73' title='bbox 1264 695 1442 789; x_wconf 84' lang='lat' dir='ltr'><strong>Episcopi.</strong></span> 
     </span>
    </p>

    <p class='ocr_par' dir='ltr' id='par_1_3' title="bbox 65 791 2195 1094">
     <span class='ocr_line' id='line_1_7' title="bbox 65 791 2195 892; baseline 0.007 -25"><span class='ocrx_word' id='word_1_74' title='bbox 65 791 262 867; x_wconf 77' lang='lat' dir='ltr'><strong>Ecclesiam</strong></span> <span class='ocrx_word' id='word_1_75' title='bbox 292 798 483 890; x_wconf 72' lang='lat' dir='ltr'><strong>pertinent.</strong></span> <span class='ocrx_word' id='word_1_76' title='bbox 533 797 700 870; x_wconf 90' lang='lat' dir='ltr'><strong>Caeterae</strong></span> <span class='ocrx_word' id='word_1_77' title='bbox 730 823 821 891; x_wconf 88' lang='lat' dir='ltr'><strong>quae</strong></span> <span class='ocrx_word' id='word_1_78' title='bbox 846 817 930 872; x_wconf 89' lang='lat' dir='ltr'><strong>sunt</strong></span> <span class='ocrx_word' id='word_1_79' title='bbox 955 816 1053 871; x_wconf 88' lang='lat' dir='ltr'><strong>extra</strong></span> <span class='ocrx_word' id='word_1_80' title='bbox 1205 795 1338 881; x_wconf 87' lang='lat' dir='ltr'><strong>Verum</strong></span> <span class='ocrx_word' id='word_1_81' title='bbox 1354 800 1465 872; x_wconf 88' lang='lat' dir='ltr'><strong>multa</strong></span> <span class='ocrx_word' id='word_1_82' title='bbox 1482 801 1627 892; x_wconf 90' lang='lat' dir='ltr'><strong>politica</strong></span> <span class='ocrx_word' id='word_1_83' title='bbox 1642 803 1778 877; x_wconf 90' lang='lat' dir='ltr'><strong>utiliter</strong></span> <span class='ocrx_word' id='word_1_84' title='bbox 1793 820 1878 880; x_wconf 90' lang='lat' dir='ltr'><strong>tunc</strong></span> <span class='ocrx_word' id='word_1_85' title='bbox 1899 808 2091 882; x_wconf 90' lang='lat' dir='ltr'><strong>constituta</strong></span> <span class='ocrx_word' id='word_1_86' title='bbox 2192 836 2195 843; x_wconf 93' lang='lat'>·</span> 
     </span>
     <span class='ocr_line' id='line_1_8' title="bbox 65 897 2090 996; baseline 0.006 -28"><span class='ocrx_word' id='word_1_87' title='bbox 65 898 120 969; x_wconf 82' lang='lat' dir='ltr'><strong>vel</strong></span> <span class='ocrx_word' id='word_1_88' title='bbox 141 912 270 971; x_wconf 88' lang='lat' dir='ltr'><strong>contra</strong></span> <span class='ocrx_word' id='word_1_89' title='bbox 297 901 446 971; x_wconf 70' lang='lat' dir='ltr'><strong>verbum</strong></span> <span class='ocrx_word' id='word_1_90' title='bbox 469 897 555 983; x_wconf 91' lang='lat' dir='ltr'><strong>Dei,</strong></span> <span class='ocrx_word' id='word_1_91' title='bbox 601 926 675 971; x_wconf 92' lang='lat' dir='ltr'><strong>non</strong></span> <span class='ocrx_word' id='word_1_92' title='bbox 700 902 880 993; x_wconf 81' lang='lat' dir='ltr'><strong>pertinent</strong></span> <span class='ocrx_word' id='word_1_93' title='bbox 907 905 953 973; x_wconf 89' lang='lat' dir='ltr'><strong>ad</strong></span> <span class='ocrx_word' id='word_1_94' title='bbox 981 900 1052 975; x_wconf 86' lang='lat' dir='ltr'><strong>Ec·</strong></span> <span class='ocrx_word' id='word_1_95' title='bbox 1104 913 1206 983; x_wconf 92' lang='lat' dir='ltr'><strong>sunt,</strong></span> <span class='ocrx_word' id='word_1_96' title='bbox 1230 924 1275 970; x_wconf 92' lang='lat' dir='ltr'><strong>ne</strong></span> <span class='ocrx_word' id='word_1_97' title='bbox 1290 900 1453 994; x_wconf 83' lang='lat' dir='ltr'><strong>Episcopi</strong></span> <span class='ocrx_word' id='word_1_98' title='bbox 1470 904 1536 996; x_wconf 89' lang='lat' dir='ltr'><strong>ipsi</strong></span> <span class='ocrx_word' id='word_1_99' title='bbox 1560 919 1720 977; x_wconf 89' lang='lat' dir='ltr'><strong>tenerent</strong></span> <span class='ocrx_word' id='word_1_100' title='bbox 1742 912 2090 983; x_wconf 78' lang='lat' dir='ltr'><strong>administrationem</strong></span> 
     </span>
     <span class='ocr_line' id='line_1_9' title="bbox 66 1001 2089 1094; baseline 0.011 -33"><span class='ocrx_word' id='word_1_101' title='bbox 66 1001 222 1072; x_wconf 64' lang='lat' dir='ltr'><strong>deuiam.</strong></span> <span class='ocrx_word' id='word_1_102' title='bbox 1104 1001 1309 1072; x_wconf 79' lang='lat' dir='ltr'><strong>facultatum</strong></span> <span class='ocrx_word' id='word_1_103' title='bbox 1335 1005 1665 1094; x_wconf 88' lang='lat' dir='ltr'><strong>ecclesiasticarum,</strong></span> <span class='ocrx_word' id='word_1_104' title='bbox 1692 1012 1753 1079; x_wconf 88' lang='lat' dir='ltr'><strong>sed</strong></span> <span class='ocrx_word' id='word_1_105' title='bbox 1773 1026 1814 1083; x_wconf 93' lang='lat' dir='ltr'><strong>ut</strong></span> <span class='ocrx_word' id='word_1_106' title='bbox 1828 1009 2005 1085; x_wconf 83' lang='lat' dir='ltr'><strong>Ecclesiae</strong></span> <span class='ocrx_word' id='word_1_107' title='bbox 2023 1008 2089 1084; x_wconf 83' lang='lat' dir='ltr'><strong>ha·</strong></span> 
     </span>
    </p>

    <p class='ocr_par' dir='ltr' id='par_1_4' title="bbox 62 1097 2123 1994">
     <span class='ocr_line' id='line_1_10' title="bbox 171 1097 2088 1202; baseline 0.006 -29"><span class='ocrx_word' id='word_1_108' title='bbox 171 1097 535 1178; x_wconf 73' lang='lat' dir='ltr'><strong>AnnoDominidlld.</strong></span> <span class='ocrx_word' id='word_1_109' title='bbox 562 1103 1051 1202; x_wconf 86' lang='lat' dir='ltr'><strong>Constantinopolitanasyn·</strong></span> <span class='ocrx_word' id='word_1_110' title='bbox 1103 1104 1228 1175; x_wconf 88' lang='lat' dir='ltr'><strong>herent</strong></span> <span class='ocrx_word' id='word_1_111' title='bbox 1250 1101 1494 1176; x_wconf 90' lang='lat' dir='ltr'><strong>Oeconomos:</strong></span> <span class='ocrx_word' id='word_1_112' title='bbox 1520 1112 1668 1202; x_wconf 86' lang='lat' dir='ltr'><strong>nequis</strong></span> <span class='ocrx_word' id='word_1_113' title='bbox 1693 1111 1794 1200; x_wconf 88' lang='lat' dir='ltr'><strong>plura</strong></span> <span class='ocrx_word' id='word_1_114' title='bbox 1816 1116 2011 1186; x_wconf 90' lang='lat' dir='ltr'><strong>ministeria</strong></span> <span class='ocrx_word' id='word_1_115' title='bbox 2036 1130 2088 1186; x_wconf 86' lang='lat' dir='ltr'><strong>ta-</strong></span> 
     </span>
     <span class='ocr_line' id='line_1_11' title="bbox 72 1200 2087 1302; baseline 0.007 -26"><span class='ocrx_word' id='word_1_116' title='bbox 72 1206 163 1277; x_wconf 87' lang='lat' dir='ltr'><strong>odus</strong></span> <span class='ocrx_word' id='word_1_117' title='bbox 184 1200 427 1278; x_wconf 82' lang='lat' dir='ltr'><strong>sThcodoaio</strong></span> <span class='ocrx_word' id='word_1_118' title='bbox 448 1219 639 1278; x_wconf 85' lang='lat' dir='ltr'><strong>convocata</strong></span> <span class='ocrx_word' id='word_1_119' title='bbox 662 1221 733 1293; x_wconf 87' lang='lat' dir='ltr'><strong>cst,</strong></span> <span class='ocrx_word' id='word_1_120' title='bbox 758 1209 797 1276; x_wconf 88' lang='lat' dir='ltr'><strong>in</strong></span> <span class='ocrx_word' id='word_1_121' title='bbox 816 1232 884 1302; x_wconf 88' lang='lat' dir='ltr'><strong>qua</strong></span> <span class='ocrx_word' id='word_1_122' title='bbox 902 1209 1053 1299; x_wconf 83' lang='lat' dir='ltr'><strong>praefuit</strong></span> <span class='ocrx_word' id='word_1_123' title='bbox 1103 1220 1221 1277; x_wconf 85' lang='lat' dir='ltr'><strong>neret:</strong></span> <span class='ocrx_word' id='word_1_124' title='bbox 1255 1206 1360 1288; x_wconf 91' lang='lat' dir='ltr'><strong>item,</strong></span> <span class='ocrx_word' id='word_1_125' title='bbox 1384 1232 1430 1278; x_wconf 91' lang='lat' dir='ltr'><strong>ne</strong></span> <span class='ocrx_word' id='word_1_126' title='bbox 1450 1210 1530 1301; x_wconf 92' lang='lat' dir='ltr'><strong>quis</strong></span> <span class='ocrx_word' id='word_1_127' title='bbox 1544 1208 1621 1280; x_wconf 90' lang='lat' dir='ltr'><strong>siue</strong></span> <span class='ocrx_word' id='word_1_128' title='bbox 1636 1215 1833 1286; x_wconf 90' lang='lat' dir='ltr'><strong>ministerio</strong></span> <span class='ocrx_word' id='word_1_129' title='bbox 1849 1218 2087 1291; x_wconf 82' lang='lat' dir='ltr'><strong>ordinaretur.</strong></span> 
     </span>
     <span class='ocr_line' id='line_1_12' title="bbox 67 1304 2088 1414; baseline 0.005 -34"><span class='ocrx_word' id='word_1_130' title='bbox 67 1304 269 1401; x_wconf 80' lang='lat' dir='ltr'><strong>Episcopus</strong></span> <span class='ocrx_word' id='word_1_131' title='bbox 319 1308 734 1400; x_wconf 79' lang='lat' dir='ltr'><strong>constantinopolitanus</strong></span> <span class='ocrx_word' id='word_1_132' title='bbox 746 1328 763 1400; x_wconf 72' lang='lat'><strong>&#39;,</strong></span> <span class='ocrx_word' id='word_1_133' title='bbox 813 1312 1050 1381; x_wconf 84' lang='lat' dir='ltr'><strong>controversia</strong></span> <span class='ocrx_word' id='word_1_134' title='bbox 1102 1307 1191 1377; x_wconf 90' lang='lat' dir='ltr'><strong>Item</strong></span> <span class='ocrx_word' id='word_1_135' title='bbox 1207 1321 1246 1377; x_wconf 90' lang='lat' dir='ltr'><strong>ut</strong></span> <span class='ocrx_word' id='word_1_136' title='bbox 1263 1309 1301 1377; x_wconf 91' lang='lat' dir='ltr'><strong>in</strong></span> <span class='ocrx_word' id='word_1_137' title='bbox 1323 1310 1472 1399; x_wconf 80' lang='lat' dir='ltr'><strong>singulis</strong></span> <span class='ocrx_word' id='word_1_138' title='bbox 1495 1312 1690 1402; x_wconf 89' lang='lat' dir='ltr'><strong>provinciis</strong></span> <span class='ocrx_word' id='word_1_139' title='bbox 1705 1312 1874 1414; x_wconf 87' lang='lat' dir='ltr'><strong>Episcopi</strong></span> <span class='ocrx_word' id='word_1_140' title='bbox 1896 1320 2088 1413; x_wconf 88' lang='lat' dir='ltr'><strong>quotannis</strong></span> 
     </span>
     <span class='ocr_line' id='line_1_13' title="bbox 66 1408 2087 1513; baseline 0.006 -34"><span class='ocrx_word' id='word_1_141' title='bbox 66 1408 184 1500; x_wconf 68' lang='lat' dir='ltr'><strong>pravis</strong></span> <span class='ocrx_word' id='word_1_142' title='bbox 205 1410 399 1481; x_wconf 88' lang='lat' dir='ltr'><strong>diiudicata</strong></span> <span class='ocrx_word' id='word_1_143' title='bbox 422 1423 474 1481; x_wconf 89' lang='lat' dir='ltr'><strong>est</strong></span> <span class='ocrx_word' id='word_1_144' title='bbox 498 1414 543 1481; x_wconf 93' lang='lat' dir='ltr'><strong>de</strong></span> <span class='ocrx_word' id='word_1_145' title='bbox 563 1411 701 1503; x_wconf 82' lang='lat' dir='ltr'><strong>Spiritu</strong></span> <span class='ocrx_word' id='word_1_146' title='bbox 718 1427 861 1503; x_wconf 88' lang='lat' dir='ltr'><strong>sancto,</strong></span> <span class='ocrx_word' id='word_1_147' title='bbox 887 1415 982 1506; x_wconf 88' lang='lat' dir='ltr'><strong>quad</strong></span> <span class='ocrx_word' id='word_1_148' title='bbox 1007 1413 1052 1483; x_wconf 91' lang='lat' dir='ltr'><strong>sit</strong></span> <span class='ocrx_word' id='word_1_149' title='bbox 1101 1414 1335 1496; x_wconf 81' lang='lat' dir='ltr'><strong>conveniant,</strong></span> <span class='ocrx_word' id='word_1_150' title='bbox 1369 1427 1403 1483; x_wconf 91' lang='lat' dir='ltr'><strong>et</strong></span> <span class='ocrx_word' id='word_1_151' title='bbox 1426 1416 1580 1507; x_wconf 78' lang='lat' dir='ltr'><strong>synodos</strong></span> <span class='ocrx_word' id='word_1_152' title='bbox 1602 1409 1755 1489; x_wconf 88' lang='lat' dir='ltr'><strong>habeant</strong></span> <span class='ocrx_word' id='word_1_153' title='bbox 1776 1421 1820 1489; x_wconf 89' lang='lat' dir='ltr'><strong>de</strong></span> <span class='ocrx_word' id='word_1_154' title='bbox 1841 1420 2087 1513; x_wconf 86' lang='lat' dir='ltr'><strong>praesentibus</strong></span> 
     </span>
     <span class='ocr_line' id='line_1_14' title="bbox 63 1506 1562 1606; baseline 0.006 -26"><span class='ocrx_word' id='word_1_155' title='bbox 63 1534 215 1604; x_wconf 76' lang='lat' dir='ltr'><strong>pennus</strong></span> <span class='ocrx_word' id='word_1_156' title='bbox 231 1514 424 1605; x_wconf 87' lang='lat' dir='ltr'><strong>procedens</strong></span> <span class='ocrx_word' id='word_1_157' title='bbox 440 1536 459 1582; x_wconf 89' lang='lat' dir='ltr'><strong>a</strong></span> <span class='ocrx_word' id='word_1_158' title='bbox 475 1527 573 1604; x_wconf 88' lang='lat' dir='ltr'><strong>patre</strong></span> <span class='ocrx_word' id='word_1_159' title='bbox 590 1528 624 1585; x_wconf 90' lang='lat' dir='ltr'><strong>et</strong></span> <span class='ocrx_word' id='word_1_160' title='bbox 639 1513 732 1599; x_wconf 83' lang='lat' dir='ltr'><strong>tilio,</strong></span> <span class='ocrx_word' id='word_1_161' title='bbox 759 1527 793 1585; x_wconf 90' lang='lat' dir='ltr'><strong>et</strong></span> <span class='ocrx_word' id='word_1_162' title='bbox 816 1515 861 1585; x_wconf 93' lang='lat' dir='ltr'><strong>sit</strong></span> <span class='ocrx_word' id='word_1_163' title='bbox 875 1515 990 1606; x_wconf 90' lang='lat' dir='ltr'><strong>Deus,</strong></span> <span class='ocrx_word' id='word_1_164' title='bbox 1016 1529 1051 1588; x_wconf 89' lang='lat' dir='ltr'><strong>et</strong></span> <span class='ocrx_word' id='word_1_165' title='bbox 1101 1506 1278 1582; x_wconf 83' lang='lat' dir='ltr'><strong>Ecclesiae</strong></span> <span class='ocrx_word' id='word_1_166' title='bbox 1300 1515 1562 1589; x_wconf 88' lang='lat' dir='ltr'><strong>controversiis.</strong></span> 
     </span>
     <span class='ocr_line' id='line_1_15' title="bbox 64 1611 2085 1713; baseline 0.003 -26"><span class='ocrx_word' id='word_1_167' title='bbox 64 1611 797 1702; x_wconf 82' lang='lat' dir='ltr'><strong>rectedamnatisuntEnnomiusetalii,</strong></span> <span class='ocrx_word' id='word_1_168' title='bbox 822 1617 886 1709; x_wconf 92' lang='lat' dir='ltr'><strong>qni</strong></span> <span class='ocrx_word' id='word_1_169' title='bbox 908 1632 1050 1690; x_wconf 87' lang='lat' dir='ltr'><strong>contra·</strong></span> <span class='ocrx_word' id='word_1_170' title='bbox 1203 1611 1299 1684; x_wconf 87' lang='lat' dir='ltr'><strong>llaec</strong></span> <span class='ocrx_word' id='word_1_171' title='bbox 1330 1616 1431 1687; x_wconf 89' lang='lat' dir='ltr'><strong>utilia</strong></span> <span class='ocrx_word' id='word_1_172' title='bbox 1467 1618 1606 1687; x_wconf 88' lang='lat' dir='ltr'><strong>decreta</strong></span> <span class='ocrx_word' id='word_1_173' title='bbox 1639 1622 1857 1713; x_wconf 91' lang='lat' dir='ltr'><strong>synodorum</strong></span> <span class='ocrx_word' id='word_1_174' title='bbox 1891 1621 2085 1693; x_wconf 85' lang='lat' dir='ltr'><strong>adversarii</strong></span> 
     </span>
     <span class='ocr_line' id='line_1_16' title="bbox 62 1712 2087 1814; baseline 0.004 -27"><span class='ocrx_word' id='word_1_175' title='bbox 62 1715 368 1790; x_wconf 75' lang='lat' dir='ltr'><strong>rimrsenserant.</strong></span> <span class='ocrx_word' id='word_1_176' title='bbox 418 1715 513 1790; x_wconf 88' lang='lat' dir='ltr'><strong>Sunt</strong></span> <span class='ocrx_word' id='word_1_177' title='bbox 535 1730 569 1788; x_wconf 89' lang='lat' dir='ltr'><strong>et</strong></span> <span class='ocrx_word' id='word_1_178' title='bbox 589 1719 733 1809; x_wconf 87' lang='lat' dir='ltr'><strong>politica</strong></span> <span class='ocrx_word' id='word_1_179' title='bbox 756 1721 926 1811; x_wconf 87' lang='lat' dir='ltr'><strong>quaedam</strong></span> <span class='ocrx_word' id='word_1_180' title='bbox 951 1721 1047 1789; x_wconf 89' lang='lat' dir='ltr'><strong>ordi.</strong></span> <span class='ocrx_word' id='word_1_181' title='bbox 1100 1712 1345 1802; x_wconf 90' lang='lat' dir='ltr'><strong>dissimulant,</strong></span> <span class='ocrx_word' id='word_1_182' title='bbox 1370 1742 1410 1787; x_wconf 90' lang='lat' dir='ltr'><strong>ac</strong></span> <span class='ocrx_word' id='word_1_183' title='bbox 1426 1719 1568 1787; x_wconf 90' lang='lat' dir='ltr'><strong>interim</strong></span> <span class='ocrx_word' id='word_1_184' title='bbox 1586 1719 1653 1788; x_wconf 90' lang='lat' dir='ltr'><strong>alia</strong></span> <span class='ocrx_word' id='word_1_185' title='bbox 1671 1722 1802 1792; x_wconf 87' lang='lat' dir='ltr'><strong>leviora</strong></span> <span class='ocrx_word' id='word_1_186' title='bbox 1819 1725 2018 1814; x_wconf 89' lang='lat' dir='ltr'><strong>proferunt,</strong></span> <span class='ocrx_word' id='word_1_187' title='bbox 2043 1738 2087 1796; x_wconf 86' lang='lat' dir='ltr'><strong>ut</strong></span> 
     </span>
     <span class='ocr_line' id='line_1_17' title="bbox 62 1815 2123 1916; baseline 0.01 -38"><span class='ocrx_word' id='word_1_188' title='bbox 62 1830 164 1903; x_wconf 74' lang='lat' dir='ltr'><strong>mu,</strong></span> <span class='ocrx_word' id='word_1_189' title='bbox 208 1840 256 1888; x_wconf 74' lang='lat' dir='ltr'><strong>ne</strong></span> <span class='ocrx_word' id='word_1_190' title='bbox 276 1815 445 1911; x_wconf 74' lang='lat' dir='ltr'><strong>Episcopi</strong></span> <span class='ocrx_word' id='word_1_191' title='bbox 466 1820 506 1889; x_wconf 83' lang='lat' dir='ltr'><strong>in</strong></span> <span class='ocrx_word' id='word_1_192' title='bbox 527 1821 653 1890; x_wconf 64' lang='lat' dir='ltr'><strong>alienis</strong></span> <span class='ocrx_word' id='word_1_193' title='bbox 674 1821 893 1892; x_wconf 77' lang='lat' dir='ltr'><strong>dioecesibus</strong></span> <span class='ocrx_word' id='word_1_194' title='bbox 913 1821 1048 1916; x_wconf 77' lang='lat' dir='ltr'><strong>aliquid</strong></span> <span class='ocrx_word' id='word_1_195' title='bbox 1101 1816 1291 1888; x_wconf 78' lang='lat' dir='ltr'><strong>videantur</strong></span> <span class='ocrx_word' id='word_1_196' title='bbox 1311 1821 1417 1890; x_wconf 78' lang='lat' dir='ltr'><strong>nobis</strong></span> <span class='ocrx_word' id='word_1_197' title='bbox 1439 1844 1618 1913; x_wconf 79' lang='lat' dir='ltr'><strong>opponere</strong></span> <span class='ocrx_word' id='word_1_198' title='bbox 1641 1824 1769 1894; x_wconf 79' lang='lat' dir='ltr'><strong>vetetis</strong></span> <span class='ocrx_word' id='word_1_199' title='bbox 1784 1823 1960 1896; x_wconf 76' lang='lat' dir='ltr'><strong>Ecclesiae</strong></span> <span class='ocrx_word' id='word_1_200' title='bbox 1981 1839 2084 1898; x_wconf 77' lang='lat' dir='ltr'><strong>aulo·</strong></span> <span class='ocrx_word' id='word_1_201' title='bbox 2119 1900 2123 1907; x_wconf 76' lang='grc'>,</span> 
     </span>
     <span class='ocr_line' id='line_1_18' title="bbox 63 1916 1252 1994; baseline 0.003 -3"><span class='ocrx_word' id='word_1_202' title='bbox 63 1919 326 1992; x_wconf 77' lang='lat' dir='ltr'><strong>administrent.</strong></span> <span class='ocrx_word' id='word_1_203' title='bbox 1100 1916 1252 1994; x_wconf 85' lang='lat' dir='ltr'><strong>ritatem.</strong></span> 
     </span>
    </p>

    <p class='ocr_par' dir='ltr' id='par_1_5' title="bbox 63 2017 2083 2828">
     <span class='ocr_line' id='line_1_19' title="bbox 166 2017 2080 2121; baseline 0.004 -30"><span class='ocrx_word' id='word_1_204' title='bbox 166 2017 277 2092; x_wconf 83' lang='lat' dir='ltr'><strong>Anno</strong></span> <span class='ocrx_word' id='word_1_205' title='bbox 292 2022 381 2095; x_wconf 70' lang='lat'><strong>483.</strong></span> <span class='ocrx_word' id='word_1_206' title='bbox 401 2018 583 2114; x_wconf 82' lang='lat' dir='ltr'><strong>Ephesius</strong></span> <span class='ocrx_word' id='word_1_207' title='bbox 604 2024 762 2121; x_wconf 85' lang='lat' dir='ltr'><strong>synodus</strong></span> <span class='ocrx_word' id='word_1_208' title='bbox 784 2038 976 2096; x_wconf 87' lang='lat' dir='ltr'><strong>convocata</strong></span> <span class='ocrx_word' id='word_1_209' title='bbox 997 2039 1048 2098; x_wconf 89' lang='lat' dir='ltr'><strong>est</strong></span> <span class='ocrx_word' id='word_1_210' title='bbox 1201 2019 1361 2094; x_wconf 86' lang='lat' dir='ltr'><strong>Fuerunt</strong></span> <span class='ocrx_word' id='word_1_211' title='bbox 1377 2022 1520 2094; x_wconf 91' lang='lat' dir='ltr'><strong>interim</strong></span> <span class='ocrx_word' id='word_1_212' title='bbox 1537 2036 1571 2094; x_wconf 90' lang='lat' dir='ltr'><strong>et</strong></span> <span class='ocrx_word' id='word_1_213' title='bbox 1586 2022 1677 2094; x_wconf 89' lang='lat' dir='ltr'><strong>aliae</strong></span> <span class='ocrx_word' id='word_1_214' title='bbox 1691 2026 1837 2119; x_wconf 87' lang='lat' dir='ltr'><strong>synodi,</strong></span> <span class='ocrx_word' id='word_1_215' title='bbox 1859 2051 1919 2099; x_wconf 90' lang='lat' dir='ltr'><strong>seu</strong></span> <span class='ocrx_word' id='word_1_216' title='bbox 1937 2028 2080 2118; x_wconf 83' lang='lat' dir='ltr'><strong>provin·</strong></span> 
     </span>
     <span class='ocr_line' id='line_1_20' title="bbox 65 2120 2083 2222; baseline 0.003 -27"><span class='ocrx_word' id='word_1_217' title='bbox 65 2122 250 2195; x_wconf 84' lang='lat' dir='ltr'><strong>aiuniore</strong></span> <span class='ocrx_word' id='word_1_218' title='bbox 272 2120 498 2210; x_wconf 87' lang='lat' dir='ltr'><strong>Theodosio,</strong></span> <span class='ocrx_word' id='word_1_219' title='bbox 542 2128 580 2196; x_wconf 93' lang='lat' dir='ltr'><strong>in</strong></span> <span class='ocrx_word' id='word_1_220' title='bbox 611 2151 679 2220; x_wconf 93' lang='lat' dir='ltr'><strong>qua</strong></span> <span class='ocrx_word' id='word_1_221' title='bbox 709 2128 862 2219; x_wconf 81' lang='lat' dir='ltr'><strong>praefuit</strong></span> <span class='ocrx_word' id='word_1_222' title='bbox 890 2123 1049 2222; x_wconf 87' lang='lat' dir='ltr'><strong>Cyrillus</strong></span> <span class='ocrx_word' id='word_1_223' title='bbox 1099 2120 1204 2193; x_wconf 86' lang='lat' dir='ltr'><strong>ciales</strong></span> <span class='ocrx_word' id='word_1_224' title='bbox 1224 2146 1285 2195; x_wconf 93' lang='lat' dir='ltr'><strong>sen</strong></span> <span class='ocrx_word' id='word_1_225' title='bbox 1306 2126 1582 2220; x_wconf 85' lang='lat' dir='ltr'><strong>frequentiores,</strong></span> <span class='ocrx_word' id='word_1_226' title='bbox 1615 2127 1807 2218; x_wconf 88' lang='lat' dir='ltr'><strong>inquibus</strong></span> <span class='ocrx_word' id='word_1_227' title='bbox 1839 2142 2083 2202; x_wconf 86' lang='lat' dir='ltr'><strong>convenerunt</strong></span> 
     </span>
     <span class='ocr_line' id='line_1_21' title="bbox 63 2223 2083 2327; baseline 0.004 -32"><span class='ocrx_word' id='word_1_228' title='bbox 63 2225 340 2311; x_wconf 77' lang='lat' dir='ltr'><strong>Alexandrinus,</strong></span> <span class='ocrx_word' id='word_1_229' title='bbox 391 2224 487 2298; x_wconf 83' lang='lat' dir='ltr'><strong>llaec</strong></span> <span class='ocrx_word' id='word_1_230' title='bbox 501 2232 659 2323; x_wconf 88' lang='lat' dir='ltr'><strong>synodus</strong></span> <span class='ocrx_word' id='word_1_231' title='bbox 671 2242 764 2301; x_wconf 87' lang='lat' dir='ltr'><strong>recte</strong></span> <span class='ocrx_word' id='word_1_232' title='bbox 778 2229 960 2301; x_wconf 84' lang='lat' dir='ltr'><strong>damnavit</strong></span> <span class='ocrx_word' id='word_1_233' title='bbox 974 2230 1048 2300; x_wconf 89' lang='lat' dir='ltr'><strong>Ne-</strong></span> <span class='ocrx_word' id='word_1_234' title='bbox 1099 2225 1295 2296; x_wconf 83' lang='lat' dir='ltr'><strong>vicinarum</strong></span> <span class='ocrx_word' id='word_1_235' title='bbox 1312 2229 1574 2321; x_wconf 89' lang='lat' dir='ltr'><strong>provinciarum</strong></span> <span class='ocrx_word' id='word_1_236' title='bbox 1591 2223 1769 2320; x_wconf 84' lang='lat' dir='ltr'><strong>Episcopi.</strong></span> <span class='ocrx_word' id='word_1_237' title='bbox 1796 2229 1896 2301; x_wconf 87' lang='lat' dir='ltr'><strong>Talis</strong></span> <span class='ocrx_word' id='word_1_238' title='bbox 1915 2231 1983 2303; x_wconf 85' lang='lat' dir='ltr'><strong>tuit</strong></span> <span class='ocrx_word' id='word_1_239' title='bbox 1998 2254 2083 2327; x_wconf 88' lang='lat' dir='ltr'><strong>syu-</strong></span> 
     </span>
     <span class='ocr_line' id='line_1_22' title="bbox 63 2324 2083 2421; baseline 0.002 -22"><span class='ocrx_word' id='word_1_240' title='bbox 63 2326 233 2413; x_wconf 82' lang='lat' dir='ltr'><strong>noriam,</strong></span> <span class='ocrx_word' id='word_1_241' title='bbox 257 2329 320 2421; x_wconf 91' lang='lat' dir='ltr'><strong>qui</strong></span> <span class='ocrx_word' id='word_1_242' title='bbox 336 2330 485 2417; x_wconf 79' lang='lat' dir='ltr'><strong>negabat</strong></span> <span class='ocrx_word' id='word_1_243' title='bbox 500 2333 538 2400; x_wconf 93' lang='lat' dir='ltr'><strong>in</strong></span> <span class='ocrx_word' id='word_1_244' title='bbox 554 2327 698 2404; x_wconf 89' lang='lat' dir='ltr'><strong>Christo</strong></span> <span class='ocrx_word' id='word_1_245' title='bbox 714 2333 855 2402; x_wconf 91' lang='lat' dir='ltr'><strong>unitum</strong></span> <span class='ocrx_word' id='word_1_246' title='bbox 876 2354 950 2401; x_wconf 88' lang='lat' dir='ltr'><strong>esse</strong></span> <span class='ocrx_word' id='word_1_247' title='bbox 966 2357 1046 2402; x_wconf 88' lang='lat' dir='ltr'><strong>ver·</strong></span> <span class='ocrx_word' id='word_1_248' title='bbox 1097 2329 1188 2396; x_wconf 91' lang='lat' dir='ltr'><strong>odus</strong></span> <span class='ocrx_word' id='word_1_249' title='bbox 1219 2324 1444 2399; x_wconf 85' lang='lat' dir='ltr'><strong>Antiochena</strong></span> <span class='ocrx_word' id='word_1_250' title='bbox 1477 2342 1559 2399; x_wconf 89' lang='lat' dir='ltr'><strong>aute</strong></span> <span class='ocrx_word' id='word_1_251' title='bbox 1581 2326 1770 2414; x_wconf 90' lang='lat' dir='ltr'><strong>Nicenam‚</strong></span> <span class='ocrx_word' id='word_1_252' title='bbox 1803 2345 1993 2403; x_wconf 87' lang='lat' dir='ltr'><strong>convocata</strong></span> <span class='ocrx_word' id='word_1_253' title='bbox 2018 2334 2083 2404; x_wconf 89' lang='lat' dir='ltr'><strong>ad·</strong></span> 
     </span>
     <span class='ocr_line' id='line_1_23' title="bbox 63 2423 2083 2524; baseline 0.003 -25"><span class='ocrx_word' id='word_1_254' title='bbox 63 2429 147 2500; x_wconf 88' lang='lat' dir='ltr'><strong>hum</strong></span> <span class='ocrx_word' id='word_1_255' title='bbox 174 2423 352 2500; x_wconf 88' lang='lat' dir='ltr'><strong>humanae</strong></span> <span class='ocrx_word' id='word_1_256' title='bbox 378 2445 525 2502; x_wconf 88' lang='lat' dir='ltr'><strong>naturae</strong></span> <span class='ocrx_word' id='word_1_257' title='bbox 549 2434 770 2504; x_wconf 88' lang='lat' dir='ltr'><strong>substantiali</strong></span> <span class='ocrx_word' id='word_1_258' title='bbox 799 2436 953 2519; x_wconf 91' lang='lat' dir='ltr'><strong>unione,</strong></span> <span class='ocrx_word' id='word_1_259' title='bbox 985 2435 1045 2504; x_wconf 88' lang='lat' dir='ltr'><strong>sed</strong></span> <span class='ocrx_word' id='word_1_260' title='bbox 1098 2450 1219 2498; x_wconf 88' lang='lat' dir='ltr'><strong>versus</strong></span> <span class='ocrx_word' id='word_1_261' title='bbox 1235 2428 1522 2516; x_wconf 89' lang='lat' dir='ltr'><strong>Samosatenum,</strong></span> <span class='ocrx_word' id='word_1_262' title='bbox 1536 2454 1637 2524; x_wconf 90' lang='lat' dir='ltr'><strong>qnae</strong></span> <span class='ocrx_word' id='word_1_263' title='bbox 1660 2431 1718 2521; x_wconf 91' lang='lat' dir='ltr'><strong>pie</strong></span> <span class='ocrx_word' id='word_1_264' title='bbox 1739 2445 1773 2503; x_wconf 90' lang='lat' dir='ltr'><strong>et</strong></span> <span class='ocrx_word' id='word_1_265' title='bbox 1788 2447 1881 2505; x_wconf 90' lang='lat' dir='ltr'><strong>recte</strong></span> <span class='ocrx_word' id='word_1_266' title='bbox 1900 2435 2083 2507; x_wconf 88' lang='lat' dir='ltr'><strong>damnavit</strong></span> 
     </span>
     <span class='ocr_line' id='line_1_24' title="bbox 63 2528 2083 2631; baseline 0.002 -28"><span class='ocrx_word' id='word_1_267' title='bbox 63 2544 202 2603; x_wconf 79' lang='lat' dir='ltr'><strong>tautum</strong></span> <span class='ocrx_word' id='word_1_268' title='bbox 225 2532 346 2602; x_wconf 83' lang='lat' dir='ltr'><strong>adesse</strong></span> <span class='ocrx_word' id='word_1_269' title='bbox 367 2536 538 2618; x_wconf 87' lang='lat' dir='ltr'><strong>verbum,</strong></span> <span class='ocrx_word' id='word_1_270' title='bbox 564 2548 597 2604; x_wconf 88' lang='lat' dir='ltr'><strong>et</strong></span> <span class='ocrx_word' id='word_1_271' title='bbox 618 2530 818 2606; x_wconf 90' lang='lat' dir='ltr'><strong>inhabitare</strong></span> <span class='ocrx_word' id='word_1_272' title='bbox 835 2536 872 2604; x_wconf 91' lang='lat' dir='ltr'><strong>in</strong></span> <span class='ocrx_word' id='word_1_273' title='bbox 891 2531 1046 2605; x_wconf 89' lang='lat' dir='ltr'><strong>hnmana</strong></span> <span class='ocrx_word' id='word_1_274' title='bbox 1097 2528 1318 2602; x_wconf 84' lang='lat' dir='ltr'><strong>Samosateni</strong></span> <span class='ocrx_word' id='word_1_275' title='bbox 1334 2533 1563 2624; x_wconf 88' lang='lat' dir='ltr'><strong>impietatem.</strong></span> <span class='ocrx_word' id='word_1_276' title='bbox 1613 2530 1713 2602; x_wconf 84' lang='lat' dir='ltr'><strong>Talis</strong></span> <span class='ocrx_word' id='word_1_277' title='bbox 1730 2534 1814 2605; x_wconf 88' lang='lat' dir='ltr'><strong>item</strong></span> <span class='ocrx_word' id='word_1_278' title='bbox 1836 2537 1903 2605; x_wconf 88' lang='lat' dir='ltr'><strong>fuit</strong></span> <span class='ocrx_word' id='word_1_279' title='bbox 1925 2537 2083 2631; x_wconf 84' lang='lat' dir='ltr'><strong>synodus</strong></span> 
     </span>
     <span class='ocr_line' id='line_1_25' title="bbox 64 2628 2080 2728; baseline 0.002 -25"><span class='ocrx_word' id='word_1_280' title='bbox 64 2645 190 2703; x_wconf 80' lang='lat' dir='ltr'><strong>natura</strong></span> <span class='ocrx_word' id='word_1_281' title='bbox 211 2634 309 2705; x_wconf 71' lang='lat' dir='ltr'><strong>velut</strong></span> <span class='ocrx_word' id='word_1_282' title='bbox 327 2628 500 2727; x_wconf 88' lang='lat' dir='ltr'><strong>hospitem</strong></span> <span class='ocrx_word' id='word_1_283' title='bbox 527 2637 565 2706; x_wconf 93' lang='lat' dir='ltr'><strong>in</strong></span> <span class='ocrx_word' id='word_1_284' title='bbox 591 2638 792 2724; x_wconf 90' lang='lat' dir='ltr'><strong>domicilio,</strong></span> <span class='ocrx_word' id='word_1_285' title='bbox 823 2651 864 2709; x_wconf 90' lang='lat' dir='ltr'><strong>ut</strong></span> <span class='ocrx_word' id='word_1_286' title='bbox 885 2638 937 2707; x_wconf 92' lang='lat' dir='ltr'><strong>ibi</strong></span> <span class='ocrx_word' id='word_1_287' title='bbox 958 2651 1046 2708; x_wconf 90' lang='lat' dir='ltr'><strong>esset</strong></span> <span class='ocrx_word' id='word_1_288' title='bbox 1098 2628 1316 2722; x_wconf 76' lang='lat' dir='ltr'><strong>Gangrensis</strong></span> <span class='ocrx_word' id='word_1_289' title='bbox 1333 2635 1371 2704; x_wconf 92' lang='lat' dir='ltr'><strong>in</strong></span> <span class='ocrx_word' id='word_1_290' title='bbox 1388 2631 1527 2705; x_wconf 89' lang='lat' dir='ltr'><strong>Galatia</strong></span> <span class='ocrx_word' id='word_1_291' title='bbox 1543 2647 1642 2703; x_wconf 87' lang='lat' dir='ltr'><strong>vetus</strong></span> <span class='ocrx_word' id='word_1_292' title='bbox 1659 2648 1691 2704; x_wconf 91' lang='lat' dir='ltr'><strong>et</strong></span> <span class='ocrx_word' id='word_1_293' title='bbox 1706 2658 1811 2727; x_wconf 90' lang='lat' dir='ltr'><strong>pura,</strong></span> <span class='ocrx_word' id='word_1_294' title='bbox 1826 2631 1933 2706; x_wconf 91' lang='lat' dir='ltr'><strong>habet</strong></span> <span class='ocrx_word' id='word_1_295' title='bbox 1946 2638 2080 2728; x_wconf 93' lang='lat' dir='ltr'><strong>optima</strong></span> 
     </span>
     <span class='ocr_line' id='line_1_26' title="bbox 65 2732 2082 2828; baseline 0.004 -29"><span class='ocrx_word' id='word_1_296' title='bbox 65 2732 196 2809; x_wconf 76' lang='lat' dir='ltr'><strong>effiux.</strong></span> <span class='ocrx_word' id='word_1_297' title='bbox 1097 2735 1234 2804; x_wconf 89' lang='lat' dir='ltr'><strong>decreta</strong></span> <span class='ocrx_word' id='word_1_298' title='bbox 1251 2750 1372 2806; x_wconf 90' lang='lat' dir='ltr'><strong>contra</strong></span> <span class='ocrx_word' id='word_1_299' title='bbox 1389 2734 1658 2827; x_wconf 85' lang='lat' dir='ltr'><strong>superstitiones</strong></span> <span class='ocrx_word' id='word_1_300' title='bbox 1670 2737 1714 2804; x_wconf 92' lang='lat' dir='ltr'><strong>de</strong></span> <span class='ocrx_word' id='word_1_301' title='bbox 1730 2736 1905 2828; x_wconf 78' lang='lat' dir='ltr'><strong>coniugio,</strong></span> <span class='ocrx_word' id='word_1_302' title='bbox 1921 2739 1965 2809; x_wconf 90' lang='lat' dir='ltr'><strong>de</strong></span> <span class='ocrx_word' id='word_1_303' title='bbox 1980 2740 2082 2826; x_wconf 80' lang='lat' dir='ltr'><strong>cibis,</strong></span> 
     </span>
    </p>

    <p class='ocr_par' dir='ltr' id='par_1_6' title="bbox 65 2832 2082 3340">
     <span class='ocr_line' id='line_1_27' title="bbox 149 2832 2082 2934; baseline 0.004 -30"><span class='ocrx_word' id='word_1_304' title='bbox 149 2832 250 2907; x_wconf 84' lang='lat' dir='ltr'><strong>Haec</strong></span> <span class='ocrx_word' id='word_1_305' title='bbox 262 2836 332 2908; x_wconf 91' lang='lat' dir='ltr'><strong>fuit</strong></span> <span class='ocrx_word' id='word_1_306' title='bbox 346 2838 466 2927; x_wconf 74' lang='lat' dir='ltr'><strong>magui</strong></span> <span class='ocrx_word' id='word_1_307' title='bbox 480 2841 651 2911; x_wconf 90' lang='lat' dir='ltr'><strong>momenti</strong></span> <span class='ocrx_word' id='word_1_308' title='bbox 676 2841 933 2912; x_wconf 88' lang='lat' dir='ltr'><strong>controversia:</strong></span> <span class='ocrx_word' id='word_1_309' title='bbox 961 2863 1044 2910; x_wconf 91' lang='lat' dir='ltr'><strong>nam</strong></span> <span class='ocrx_word' id='word_1_310' title='bbox 1097 2838 1141 2905; x_wconf 88' lang='lat' dir='ltr'><strong>de</strong></span> <span class='ocrx_word' id='word_1_311' title='bbox 1165 2833 1390 2928; x_wconf 89' lang='lat' dir='ltr'><strong>monachatu.</strong></span> <span class='ocrx_word' id='word_1_312' title='bbox 1442 2835 1489 2907; x_wconf 86' lang='lat' dir='ltr'><strong>Et</strong></span> <span class='ocrx_word' id='word_1_313' title='bbox 1512 2851 1656 2928; x_wconf 87' lang='lat' dir='ltr'><strong>apparet</strong></span> <span class='ocrx_word' id='word_1_314' title='bbox 1682 2833 1774 2907; x_wconf 90' lang='lat' dir='ltr'><strong>hanc</strong></span> <span class='ocrx_word' id='word_1_315' title='bbox 1796 2843 1972 2934; x_wconf 88' lang='lat' dir='ltr'><strong>synodum</strong></span> <span class='ocrx_word' id='word_1_316' title='bbox 1994 2862 2082 2911; x_wconf 90' lang='lat' dir='ltr'><strong>cou-</strong></span> 
     </span>
     <span class='ocr_line' id='line_1_28' title="bbox 65 2932 2082 3030; baseline 0.002 -25"><span class='ocrx_word' id='word_1_317' title='bbox 65 2934 100 3005; x_wconf 90' lang='lat' dir='ltr'><strong>in</strong></span> <span class='ocrx_word' id='word_1_318' title='bbox 112 2932 261 3008; x_wconf 88' lang='lat' dir='ltr'><strong>Christo</strong></span> <span class='ocrx_word' id='word_1_319' title='bbox 276 2962 358 3009; x_wconf 88' lang='lat' dir='ltr'><strong>vere</strong></span> <span class='ocrx_word' id='word_1_320' title='bbox 373 2954 407 3011; x_wconf 92' lang='lat' dir='ltr'><strong>et</strong></span> <span class='ocrx_word' id='word_1_321' title='bbox 422 2940 700 3013; x_wconf 86' lang='lat' dir='ltr'><strong>substantialiter</strong></span> <span class='ocrx_word' id='word_1_322' title='bbox 720 2944 840 3013; x_wconf 88' lang='lat' dir='ltr'><strong>unitae</strong></span> <span class='ocrx_word' id='word_1_323' title='bbox 854 2939 939 3014; x_wconf 86' lang='lat' dir='ltr'><strong>sunt</strong></span> <span class='ocrx_word' id='word_1_324' title='bbox 955 2945 1045 3011; x_wconf 90' lang='lat' dir='ltr'><strong>dnae</strong></span> <span class='ocrx_word' id='word_1_325' title='bbox 1095 2937 1232 3007; x_wconf 89' lang='lat' dir='ltr'><strong>venisse</strong></span> <span class='ocrx_word' id='word_1_326' title='bbox 1249 2953 1392 3030; x_wconf 91' lang='lat' dir='ltr'><strong>propter</strong></span> <span class='ocrx_word' id='word_1_327' title='bbox 1408 2937 1642 3023; x_wconf 87' lang='lat' dir='ltr'><strong>Montanum,</strong></span> <span class='ocrx_word' id='word_1_328' title='bbox 1667 2936 1910 3022; x_wconf 84' lang='lat' dir='ltr'><strong>Marcionem,</strong></span> <span class='ocrx_word' id='word_1_329' title='bbox 1936 2957 1969 3015; x_wconf 86' lang='lat' dir='ltr'><strong>et</strong></span> <span class='ocrx_word' id='word_1_330' title='bbox 1982 2942 2082 3013; x_wconf 90' lang='lat' dir='ltr'><strong>simi-</strong></span> 
     </span>
     <span class='ocr_line' id='line_1_29' title="bbox 65 3037 1954 3132; baseline 0.003 -23"><span class='ocrx_word' id='word_1_331' title='bbox 65 3050 221 3113; x_wconf 79' lang='lat' dir='ltr'><strong>uatum.</strong></span> <span class='ocrx_word' id='word_1_332' title='bbox 254 3037 327 3110; x_wconf 84' lang='lat' dir='ltr'><strong>Nec</strong></span> <span class='ocrx_word' id='word_1_333' title='bbox 342 3065 463 3113; x_wconf 87' lang='lat' dir='ltr'><strong>verum</strong></span> <span class='ocrx_word' id='word_1_334' title='bbox 480 3060 531 3113; x_wconf 87' lang='lat' dir='ltr'><strong>est</strong></span> <span class='ocrx_word' id='word_1_335' title='bbox 547 3039 738 3115; x_wconf 90' lang='lat' dir='ltr'><strong>humanam</strong></span> <span class='ocrx_word' id='word_1_336' title='bbox 754 3056 917 3114; x_wconf 86' lang='lat' dir='ltr'><strong>naturam</strong></span> <span class='ocrx_word' id='word_1_337' title='bbox 932 3044 1044 3112; x_wconf 89' lang='lat' dir='ltr'><strong>solam</strong></span> <span class='ocrx_word' id='word_1_338' title='bbox 1096 3039 1168 3121; x_wconf 89' lang='lat' dir='ltr'><strong>les,</strong></span> <span class='ocrx_word' id='word_1_339' title='bbox 1194 3042 1255 3132; x_wconf 92' lang='lat' dir='ltr'><strong>qui</strong></span> <span class='ocrx_word' id='word_1_340' title='bbox 1273 3041 1352 3109; x_wconf 91' lang='lat' dir='ltr'><strong>illas</strong></span> <span class='ocrx_word' id='word_1_341' title='bbox 1368 3041 1634 3131; x_wconf 89' lang='lat' dir='ltr'><strong>superstitiones</strong></span> <span class='ocrx_word' id='word_1_342' title='bbox 1651 3040 1753 3110; x_wconf 90' lang='lat' dir='ltr'><strong>valde</strong></span> <span class='ocrx_word' id='word_1_343' title='bbox 1769 3055 1954 3117; x_wconf 82' lang='lat' dir='ltr'><strong>auxerunt.</strong></span> 
     </span>
     <span class='ocr_line' id='line_1_30' title="bbox 65 3134 2079 3240; baseline 0.002 -29"><span class='ocrx_word' id='word_1_344' title='bbox 65 3162 135 3211; x_wconf 76' lang='lat' dir='ltr'><strong>asae</strong></span> <span class='ocrx_word' id='word_1_345' title='bbox 148 3134 352 3227; x_wconf 86' lang='lat' dir='ltr'><strong>Christum,</strong></span> <span class='ocrx_word' id='word_1_346' title='bbox 383 3168 422 3214; x_wconf 89' lang='lat' dir='ltr'><strong>ac</strong></span> <span class='ocrx_word' id='word_1_347' title='bbox 438 3147 658 3215; x_wconf 88' lang='lat' dir='ltr'><strong>domicilium</strong></span> <span class='ocrx_word' id='word_1_348' title='bbox 674 3169 747 3216; x_wconf 89' lang='lat' dir='ltr'><strong>esse</strong></span> <span class='ocrx_word' id='word_1_349' title='bbox 762 3146 862 3214; x_wconf 88' lang='lat' dir='ltr'><strong>verbi</strong></span> <span class='ocrx_word' id='word_1_350' title='bbox 878 3146 1046 3215; x_wconf 89' lang='lat' dir='ltr'><strong>assisten-</strong></span> <span class='ocrx_word' id='word_1_351' title='bbox 1198 3141 1343 3213; x_wconf 85' lang='lat' dir='ltr'><strong>Secutae</strong></span> <span class='ocrx_word' id='word_1_352' title='bbox 1360 3156 1443 3213; x_wconf 91' lang='lat' dir='ltr'><strong>suut</strong></span> <span class='ocrx_word' id='word_1_353' title='bbox 1458 3142 1547 3212; x_wconf 87' lang='lat' dir='ltr'><strong>aliae</strong></span> <span class='ocrx_word' id='word_1_354' title='bbox 1563 3142 1794 3231; x_wconf 88' lang='lat' dir='ltr'><strong>posteriores,</strong></span> <span class='ocrx_word' id='word_1_355' title='bbox 1815 3158 1854 3212; x_wconf 93' lang='lat' dir='ltr'><strong>ut</strong></span> <span class='ocrx_word' id='word_1_356' title='bbox 1875 3139 2079 3240; x_wconf 82' lang='lat' dir='ltr'><strong>Ancyrana,</strong></span> 
     </span>
     <span class='ocr_line' id='line_1_31' title="bbox 67 3238 2080 3340; baseline 0 -25"><span class='ocrx_word' id='word_1_357' title='bbox 67 3240 117 3315; x_wconf 81' lang='lat' dir='ltr'><strong>tia.</strong></span> <span class='ocrx_word' id='word_1_358' title='bbox 170 3238 262 3312; x_wconf 89' lang='lat' dir='ltr'><strong>Inde</strong></span> <span class='ocrx_word' id='word_1_359' title='bbox 282 3260 447 3315; x_wconf 83' lang='lat' dir='ltr'><strong>urserunt</strong></span> <span class='ocrx_word' id='word_1_360' title='bbox 475 3247 525 3338; x_wconf 91' lang='lat' dir='ltr'><strong>pii</strong></span> <span class='ocrx_word' id='word_1_361' title='bbox 549 3243 612 3317; x_wconf 88' lang='lat' dir='ltr'><strong>has</strong></span> <span class='ocrx_word' id='word_1_362' title='bbox 639 3249 771 3317; x_wconf 86' lang='lat' dir='ltr'><strong>formas</strong></span> <span class='ocrx_word' id='word_1_363' title='bbox 799 3247 969 3340; x_wconf 89' lang='lat' dir='ltr'><strong>loquendi</strong></span> <span class='ocrx_word' id='word_1_364' title='bbox 1000 3250 1044 3316; x_wconf 92' lang='lat' dir='ltr'><strong>de</strong></span> <span class='ocrx_word' id='word_1_365' title='bbox 1097 3266 1185 3334; x_wconf 91' lang='lat' dir='ltr'><strong>qnae</strong></span> <span class='ocrx_word' id='word_1_366' title='bbox 1201 3239 1306 3316; x_wconf 88' lang='lat' dir='ltr'><strong>habet</strong></span> <span class='ocrx_word' id='word_1_367' title='bbox 1322 3239 1413 3313; x_wconf 91' lang='lat' dir='ltr'><strong>hanc</strong></span> <span class='ocrx_word' id='word_1_368' title='bbox 1428 3243 1715 3315; x_wconf 88' lang='lat' dir='ltr'><strong>constitutionem</strong></span> <span class='ocrx_word' id='word_1_369' title='bbox 1732 3244 2013 3315; x_wconf 77' lang='lat' dir='ltr'><strong>memorabilemz</strong></span> <span class='ocrx_word' id='word_1_370' title='bbox 2039 3244 2080 3318; x_wconf 83' lang='lat' dir='ltr'><strong>Si</strong></span> 
     </span>
    </p>

    <p class='ocr_par' dir='ltr' id='par_1_7' title="bbox 23 3340 2080 3540">
     <span class='ocr_line' id='line_1_32' title="bbox 35 3340 2080 3441; baseline 0.002 -28"><span class='ocrx_word' id='word_1_371' title='bbox 35 3340 200 3417; x_wconf 74' lang='lat' dir='ltr'><strong>&#39;anime</strong></span> <span class='ocrx_word' id='word_1_372' title='bbox 215 3366 403 3435; x_wconf 87' lang='lat' dir='ltr'><strong>personae,</strong></span> <span class='ocrx_word' id='word_1_373' title='bbox 428 3344 543 3419; x_wconf 86' lang='lat' dir='ltr'><strong>Deum</strong></span> <span class='ocrx_word' id='word_1_374' title='bbox 559 3373 632 3419; x_wconf 88' lang='lat' dir='ltr'><strong>esse</strong></span> <span class='ocrx_word' id='word_1_375' title='bbox 655 3363 796 3434; x_wconf 89' lang='lat' dir='ltr'><strong>natum,</strong></span> <span class='ocrx_word' id='word_1_376' title='bbox 822 3372 962 3441; x_wconf 89' lang='lat' dir='ltr'><strong>passum</strong></span> <span class='ocrx_word' id='word_1_377' title='bbox 979 3364 1044 3423; x_wconf 88' lang='lat' dir='ltr'><strong>etc.</strong></span> <span class='ocrx_word' id='word_1_378' title='bbox 1096 3342 1248 3415; x_wconf 90' lang='lat' dir='ltr'><strong>Diaconi</strong></span> <span class='ocrx_word' id='word_1_379' title='bbox 1270 3347 1548 3416; x_wconf 86' lang='lat' dir='ltr'><strong>inordinatione</strong></span> <span class='ocrx_word' id='word_1_380' title='bbox 1569 3370 1641 3414; x_wconf 92' lang='lat' dir='ltr'><strong>non</strong></span> <span class='ocrx_word' id='word_1_381' title='bbox 1661 3345 1887 3434; x_wconf 84' lang='lat' dir='ltr'><strong>promiserint</strong></span> <span class='ocrx_word' id='word_1_382' title='bbox 1910 3371 1948 3417; x_wconf 89' lang='lat' dir='ltr'><strong>se</strong></span> <span class='ocrx_word' id='word_1_383' title='bbox 1965 3348 2080 3418; x_wconf 86' lang='lat' dir='ltr'><strong>victu·</strong></span> 
     </span>
     <span class='ocr_line' id='line_1_33' title="bbox 23 3438 2079 3540; baseline 0 -21"><span class='ocrx_word' id='word_1_384' title='bbox 23 3470 39 3503; x_wconf 70' lang='lat' dir='ltr'><strong>t</strong></span> <span class='ocrx_word' id='word_1_385' title='bbox 64 3438 139 3519; x_wconf 68' lang='lat' dir='ltr'><strong>Etsi</strong></span> <span class='ocrx_word' id='word_1_386' title='bbox 158 3456 278 3517; x_wconf 88' lang='lat' dir='ltr'><strong>autem</strong></span> <span class='ocrx_word' id='word_1_387' title='bbox 292 3444 475 3519; x_wconf 87' lang='lat' dir='ltr'><strong>Nestorius</strong></span> <span class='ocrx_word' id='word_1_388' title='bbox 496 3453 645 3540; x_wconf 84' lang='lat' dir='ltr'><strong>negabat</strong></span> <span class='ocrx_word' id='word_1_389' title='bbox 659 3474 695 3520; x_wconf 86' lang='lat' dir='ltr'><strong>se</strong></span> <span class='ocrx_word' id='word_1_390' title='bbox 716 3472 796 3520; x_wconf 92' lang='lat' dir='ltr'><strong>cum</strong></span> <span class='ocrx_word' id='word_1_391' title='bbox 816 3454 1045 3521; x_wconf 82' lang='lat' dir='ltr'><strong>Samosateno</strong></span> <span class='ocrx_word' id='word_1_392' title='bbox 1097 3469 1156 3517; x_wconf 93' lang='lat' dir='ltr'><strong>ros</strong></span> <span class='ocrx_word' id='word_1_393' title='bbox 1172 3447 1340 3527; x_wconf 88' lang='lat' dir='ltr'><strong>coelibes,</strong></span> <span class='ocrx_word' id='word_1_394' title='bbox 1356 3448 1535 3517; x_wconf 87' lang='lat' dir='ltr'><strong>retinendi</strong></span> <span class='ocrx_word' id='word_1_395' title='bbox 1551 3461 1633 3516; x_wconf 88' lang='lat' dir='ltr'><strong>sunt</strong></span> <span class='ocrx_word' id='word_1_396' title='bbox 1650 3447 1687 3515; x_wconf 93' lang='lat' dir='ltr'><strong>in</strong></span> <span class='ocrx_word' id='word_1_397' title='bbox 1702 3448 1925 3530; x_wconf 87' lang='lat' dir='ltr'><strong>ministeriis,</strong></span> <span class='ocrx_word' id='word_1_398' title='bbox 1942 3449 2079 3519; x_wconf 89' lang='lat' dir='ltr'><strong>etiamsi</strong></span> 
     </span>
    </p>
   </div>
   <div class='ocr_carea' id='block_1_3' title="bbox 64 3546 2203 3644">
    <p class='ocr_par' dir='ltr' id='par_1_8' title="bbox 64 3546 2203 3644">
     <span class='ocr_line' id='line_1_34' title="bbox 64 3546 2203 3644; baseline -0 -23"><span class='ocrx_word' id='word_1_399' title='bbox 64 3546 207 3633; x_wconf 73' lang='lat' dir='ltr'><strong>mure,</strong></span> <span class='ocrx_word' id='word_1_400' title='bbox 228 3560 346 3619; x_wconf 89' lang='lat' dir='ltr'><strong>tamen</strong></span> <span class='ocrx_word' id='word_1_401' title='bbox 362 3552 520 3640; x_wconf 90' lang='lat' dir='ltr'><strong>suspicor</strong></span> <span class='ocrx_word' id='word_1_402' title='bbox 538 3576 618 3622; x_wconf 89' lang='lat' dir='ltr'><strong>eum</strong></span> <span class='ocrx_word' id='word_1_403' title='bbox 636 3577 674 3622; x_wconf 92' lang='lat' dir='ltr'><strong>re</strong></span> <span class='ocrx_word' id='word_1_404' title='bbox 689 3555 763 3644; x_wconf 90' lang='lat' dir='ltr'><strong>ipsa</strong></span> <span class='ocrx_word' id='word_1_405' title='bbox 778 3552 871 3621; x_wconf 92' lang='lat' dir='ltr'><strong>idem</strong></span> <span class='ocrx_word' id='word_1_406' title='bbox 887 3554 1046 3639; x_wconf 90' lang='lat' dir='ltr'><strong>sensisse,</strong></span> <span class='ocrx_word' id='word_1_407' title='bbox 1096 3561 1216 3640; x_wconf 86' lang='lat' dir='ltr'><strong>postea</strong></span> <span class='ocrx_word' id='word_1_408' title='bbox 1232 3552 1368 3620; x_wconf 91' lang='lat' dir='ltr'><strong>ducunt</strong></span> <span class='ocrx_word' id='word_1_409' title='bbox 1386 3573 1531 3621; x_wconf 84' lang='lat' dir='ltr'><strong>uxores:</strong></span> <span class='ocrx_word' id='word_1_410' title='bbox 1566 3551 1624 3617; x_wconf 91' lang='lat' dir='ltr'><strong>sed</strong></span> <span class='ocrx_word' id='word_1_411' title='bbox 1644 3549 1672 3617; x_wconf 89' lang='lat' dir='ltr'><strong>si</strong></span> <span class='ocrx_word' id='word_1_412' title='bbox 1692 3549 1938 3639; x_wconf 86' lang='lat' dir='ltr'><strong>promiserint,</strong></span> <span class='ocrx_word' id='word_1_413' title='bbox 1963 3564 2081 3641; x_wconf 88' lang='lat' dir='ltr'><strong>etpo-</strong></span> <span class='ocrx_word' id='word_1_414' title='bbox 2197 3636 2203 3643; x_wconf 85' lang='lat'><strong>.</strong></span> 
     </span>
    </p>
   </div>
   <div class='ocr_carea' id='block_1_4' title="bbox 62 3648 2156 4252">
    <p class='ocr_par' dir='ltr' id='par_1_9' title="bbox 63 3648 2156 3838">
     <span class='ocr_line' id='line_1_35' title="bbox 65 3648 2080 3747; baseline 0.002 -29"><span class='ocrx_word' id='word_1_415' title='bbox 65 3648 123 3719; x_wconf 87' lang='lat' dir='ltr'><strong>ssd</strong></span> <span class='ocrx_word' id='word_1_416' title='bbox 145 3648 358 3739; x_wconf 89' lang='lat' dir='ltr'><strong>inspeciem</strong></span> <span class='ocrx_word' id='word_1_417' title='bbox 380 3653 484 3722; x_wconf 90' lang='lat' dir='ltr'><strong>aliter</strong></span> <span class='ocrx_word' id='word_1_418' title='bbox 506 3655 729 3747; x_wconf 88' lang='lat' dir='ltr'><strong>proposuisse</strong></span> <span class='ocrx_word' id='word_1_419' title='bbox 753 3668 852 3724; x_wconf 89' lang='lat' dir='ltr'><strong>vetus</strong></span> <span class='ocrx_word' id='word_1_420' title='bbox 877 3655 1044 3725; x_wconf 91' lang='lat' dir='ltr'><strong>delirium</strong></span> <span class='ocrx_word' id='word_1_421' title='bbox 1096 3658 1167 3720; x_wconf 77' lang='lat' dir='ltr'><strong>&#39;stea</strong></span> <span class='ocrx_word' id='word_1_422' title='bbox 1200 3664 1317 3722; x_wconf 87' lang='lat' dir='ltr'><strong>tamen</strong></span> <span class='ocrx_word' id='word_1_423' title='bbox 1348 3651 1513 3721; x_wconf 82' lang='lat' dir='ltr'><strong>eluxerint</strong></span> <span class='ocrx_word' id='word_1_424' title='bbox 1546 3650 1673 3720; x_wconf 82' lang='lat' dir='ltr'><strong>uxore&#39;s</strong></span> <span class='ocrx_word' id='word_1_425' title='bbox 1714 3651 1920 3720; x_wconf 86' lang='lat' dir='ltr'><strong>removendi</strong></span> <span class='ocrx_word' id='word_1_426' title='bbox 1952 3665 2080 3723; x_wconf 88' lang='lat' dir='ltr'><strong>sunta</strong></span> 
     </span>
     <span class='ocr_line' id='line_1_36' title="bbox 63 3748 2156 3838; baseline -0.001 -17"><span class='ocrx_word' id='word_1_427' title='bbox 63 3749 257 3821; x_wconf 79' lang='lat' dir='ltr'><strong>involucris</strong></span> <span class='ocrx_word' id='word_1_428' title='bbox 278 3765 421 3828; x_wconf 90' lang='lat' dir='ltr'><strong>tectum.</strong></span> <span class='ocrx_word' id='word_1_429' title='bbox 609 3808 616 3820; x_wconf 59' lang='lat'><strong>.</strong></span> <span class='ocrx_word' id='word_1_430' title='bbox 1094 3753 1305 3825; x_wconf 90' lang='lat' dir='ltr'><strong>ministerio.</strong></span> <span class='ocrx_word' id='word_1_431' title='bbox 1357 3749 1475 3822; x_wconf 83' lang='lat' dir='ltr'><strong>Habet</strong></span> <span class='ocrx_word' id='word_1_432' title='bbox 1507 3767 1541 3823; x_wconf 95' lang='lat' dir='ltr'><strong>et</strong></span> <span class='ocrx_word' id='word_1_433' title='bbox 1575 3751 1663 3820; x_wconf 91' lang='lat' dir='ltr'><strong>alios</strong></span> <span class='ocrx_word' id='word_1_434' title='bbox 1698 3748 1881 3838; x_wconf 75' lang='lat' dir='ltr'><strong>canones,</strong></span> <span class='ocrx_word' id='word_1_435' title='bbox 1907 3754 1951 3823; x_wconf 91' lang='lat' dir='ltr'><strong>de</strong></span> <span class='ocrx_word' id='word_1_436' title='bbox 1975 3753 2079 3823; x_wconf 86' lang='lat' dir='ltr'><strong>anuis</strong></span> <span class='ocrx_word' id='word_1_437' title='bbox 2152 3812 2156 3819; x_wconf 88' lang='lat'><strong>.</strong></span> 
     </span>
    </p>

    <p class='ocr_par' dir='ltr' id='par_1_10' title="bbox 62 3848 2079 4252">
     <span class='ocr_line' id='line_1_37' title="bbox 142 3848 2066 3951; baseline 0.001 -26"><span class='ocrx_word' id='word_1_438' title='bbox 142 3848 346 3928; x_wconf 71' lang='lat' dir='ltr'><strong>sanotae.</strong></span> <span class='ocrx_word' id='word_1_439' title='bbox 362 3851 662 3929; x_wconf 86' lang='lat' dir='ltr'><strong>Chalcedonensis</strong></span> <span class='ocrx_word' id='word_1_440' title='bbox 679 3858 836 3951; x_wconf 89' lang='lat' dir='ltr'><strong>synodus</strong></span> <span class='ocrx_word' id='word_1_441' title='bbox 851 3870 1042 3929; x_wconf 86' lang='lat' dir='ltr'><strong>convocata</strong></span> <span class='ocrx_word' id='word_1_442' title='bbox 1094 3854 1352 3944; x_wconf 87' lang='lat' dir='ltr'><strong>poenitentiae,</strong></span> <span class='ocrx_word' id='word_1_443' title='bbox 1380 3853 1595 3943; x_wconf 89' lang='lat' dir='ltr'><strong>periculosos</strong></span> <span class='ocrx_word' id='word_1_444' title='bbox 1621 3867 1655 3922; x_wconf 92' lang='lat' dir='ltr'><strong>et</strong></span> <span class='ocrx_word' id='word_1_445' title='bbox 1680 3853 1951 3942; x_wconf 88' lang='lat' dir='ltr'><strong>superstitiosos.</strong></span> <span class='ocrx_word' id='word_1_446' title='bbox 2064 3922 2066 3926; x_wconf 87' lang='lat'><strong>.</strong></span> 
     </span>
     <span class='ocr_line' id='line_1_38' title="bbox 63 3950 2079 4050; baseline 0 -27"><span class='ocrx_word' id='word_1_447' title='bbox 63 3964 112 4025; x_wconf 83' lang='lat' dir='ltr'><strong>cst</strong></span> <span class='ocrx_word' id='word_1_448' title='bbox 126 3974 147 4023; x_wconf 89' lang='lat' dir='ltr'><strong>a</strong></span> <span class='ocrx_word' id='word_1_449' title='bbox 163 3950 344 4025; x_wconf 81' lang='lat' dir='ltr'><strong>Martiano</strong></span> <span class='ocrx_word' id='word_1_450' title='bbox 364 3955 599 4050; x_wconf 83' lang='lat' dir='ltr'><strong>Imperatore,</strong></span> <span class='ocrx_word' id='word_1_451' title='bbox 633 3960 671 4027; x_wconf 91' lang='lat' dir='ltr'><strong>in</strong></span> <span class='ocrx_word' id='word_1_452' title='bbox 696 3982 765 4050; x_wconf 90' lang='lat' dir='ltr'><strong>qua</strong></span> <span class='ocrx_word' id='word_1_453' title='bbox 786 3972 879 4028; x_wconf 89' lang='lat' dir='ltr'><strong>recte</strong></span> <span class='ocrx_word' id='word_1_454' title='bbox 895 3962 1043 4030; x_wconf 86' lang='lat' dir='ltr'><strong>damna·</strong></span> <span class='ocrx_word' id='word_1_455' title='bbox 1195 3954 1397 4026; x_wconf 88' lang='lat' dir='ltr'><strong>Laodicena</strong></span> <span class='ocrx_word' id='word_1_456' title='bbox 1415 3969 1508 4025; x_wconf 88' lang='lat' dir='ltr'><strong>recte</strong></span> <span class='ocrx_word' id='word_1_457' title='bbox 1524 3956 1667 4024; x_wconf 89' lang='lat' dir='ltr'><strong>damnat</strong></span> <span class='ocrx_word' id='word_1_458' title='bbox 1683 3952 1918 4039; x_wconf 82' lang='lat' dir='ltr'><strong>Novatianos,</strong></span> <span class='ocrx_word' id='word_1_459' title='bbox 1943 3956 2004 4024; x_wconf 89' lang='lat' dir='ltr'><strong>sed</strong></span> <span class='ocrx_word' id='word_1_460' title='bbox 2021 3976 2079 4024; x_wconf 89' lang='lat' dir='ltr'><strong>er·</strong></span> 
     </span>
     <span class='ocr_line' id='line_1_39' title="bbox 62 4049 2079 4152; baseline 0 -27"><span class='ocrx_word' id='word_1_461' title='bbox 62 4070 114 4125; x_wconf 85' lang='lat' dir='ltr'><strong>tus</strong></span> <span class='ocrx_word' id='word_1_462' title='bbox 135 4049 403 4151; x_wconf 82' lang='lat' dir='ltr'><strong>estEutyches,</strong></span> <span class='ocrx_word' id='word_1_463' title='bbox 436 4060 499 4152; x_wconf 93' lang='lat' dir='ltr'><strong>qui</strong></span> <span class='ocrx_word' id='word_1_464' title='bbox 516 4061 656 4147; x_wconf 79' lang='lat' dir='ltr'><strong>negavit</strong></span> <span class='ocrx_word' id='word_1_465' title='bbox 672 4062 778 4131; x_wconf 90' lang='lat' dir='ltr'><strong>etiam</strong></span> <span class='ocrx_word' id='word_1_466' title='bbox 794 4063 883 4129; x_wconf 91' lang='lat' dir='ltr'><strong>duas</strong></span> <span class='ocrx_word' id='word_1_467' title='bbox 900 4074 1042 4133; x_wconf 88' lang='lat' dir='ltr'><strong>naturas</strong></span> <span class='ocrx_word' id='word_1_468' title='bbox 1095 4072 1148 4127; x_wconf 85' lang='lat' dir='ltr'><strong>rat</strong></span> <span class='ocrx_word' id='word_1_469' title='bbox 1170 4070 1293 4127; x_wconf 83' lang='lat' dir='ltr'><strong>taxans</strong></span> <span class='ocrx_word' id='word_1_470' title='bbox 1310 4059 1468 4147; x_wconf 77' lang='lat' dir='ltr'><strong>digamos</strong></span> <span class='ocrx_word' id='word_1_471' title='bbox 1493 4058 1598 4128; x_wconf 90' lang='lat' dir='ltr'><strong>etiam</strong></span> <span class='ocrx_word' id='word_1_472' title='bbox 1620 4055 1749 4141; x_wconf 89' lang='lat' dir='ltr'><strong>laicos,</strong></span> <span class='ocrx_word' id='word_1_473' title='bbox 1775 4056 1873 4125; x_wconf 92' lang='lat' dir='ltr'><strong>iubet</strong></span> <span class='ocrx_word' id='word_1_474' title='bbox 1896 4080 1956 4125; x_wconf 94' lang='lat' dir='ltr'><strong>eos</strong></span> <span class='ocrx_word' id='word_1_475' title='bbox 1979 4056 2079 4148; x_wconf 88' lang='lat' dir='ltr'><strong>prius</strong></span> 
     </span>
     <span class='ocr_line' id='line_1_40' title="bbox 63 4150 2078 4252; baseline 0 -27"><span class='ocrx_word' id='word_1_476' title='bbox 63 4154 98 4225; x_wconf 93' lang='lat' dir='ltr'><strong>in</strong></span> <span class='ocrx_word' id='word_1_477' title='bbox 108 4150 275 4242; x_wconf 73' lang='lat' dir='ltr'><strong>Christe,</strong></span> <span class='ocrx_word' id='word_1_478' title='bbox 301 4182 342 4229; x_wconf 90' lang='lat' dir='ltr'><strong>ac</strong></span> <span class='ocrx_word' id='word_1_479' title='bbox 361 4162 546 4231; x_wconf 82' lang='lat' dir='ltr'><strong>contendit</strong></span> <span class='ocrx_word' id='word_1_480' title='bbox 560 4163 672 4252; x_wconf 89' lang='lat' dir='ltr'><strong>ipsam</strong></span> <span class='ocrx_word' id='word_1_481' title='bbox 691 4162 789 4231; x_wconf 88' lang='lat' dir='ltr'><strong>verbi</strong></span> <span class='ocrx_word' id='word_1_482' title='bbox 805 4175 968 4232; x_wconf 89' lang='lat' dir='ltr'><strong>naturam</strong></span> <span class='ocrx_word' id='word_1_483' title='bbox 987 4164 1042 4231; x_wconf 89' lang='lat' dir='ltr'><strong>di·</strong></span> <span class='ocrx_word' id='word_1_484' title='bbox 1095 4158 1213 4250; x_wconf 90' lang='lat' dir='ltr'><strong>puniri</strong></span> <span class='ocrx_word' id='word_1_485' title='bbox 1230 4184 1335 4251; x_wconf 90' lang='lat' dir='ltr'><strong>quam</strong></span> <span class='ocrx_word' id='word_1_486' title='bbox 1352 4158 1641 4229; x_wconf 86' lang='lat' dir='ltr'><strong>admittanturad</strong></span> <span class='ocrx_word' id='word_1_487' title='bbox 1658 4157 1968 4242; x_wconf 73' lang='lat' dir='ltr'><strong>communionem,</strong></span> <span class='ocrx_word' id='word_1_488' title='bbox 1993 4180 2078 4249; x_wconf 89' lang='lat' dir='ltr'><strong>pro-</strong></span> 
     </span>
    </p>
   </div>
   <div class='ocr_carea' id='block_1_5' title="bbox 63 4256 2192 4355">
    <p class='ocr_par' dir='ltr' id='par_1_11' title="bbox 63 4256 2192 4355">
     <span class='ocr_line' id='line_1_41' title="bbox 63 4256 2192 4355; baseline 0 -27"><span class='ocrx_word' id='word_1_489' title='bbox 63 4256 191 4331; x_wconf 80' lang='lat' dir='ltr'><strong>riuitus</strong></span> <span class='ocrx_word' id='word_1_490' title='bbox 214 4259 381 4347; x_wconf 88' lang='lat' dir='ltr'><strong>missam,</strong></span> <span class='ocrx_word' id='word_1_491' title='bbox 409 4263 540 4332; x_wconf 90' lang='lat' dir='ltr'><strong>editam</strong></span> <span class='ocrx_word' id='word_1_492' title='bbox 567 4287 640 4334; x_wconf 89' lang='lat' dir='ltr'><strong>esse</strong></span> <span class='ocrx_word' id='word_1_493' title='bbox 663 4287 726 4355; x_wconf 93' lang='lat' dir='ltr'><strong>per</strong></span> <span class='ocrx_word' id='word_1_494' title='bbox 748 4264 944 4354; x_wconf 79' lang='lat' dir='ltr'><strong>virginem,</strong></span> <span class='ocrx_word' id='word_1_495' title='bbox 978 4287 1043 4333; x_wconf 92' lang='lat' dir='ltr'><strong>nec</strong></span> <span class='ocrx_word' id='word_1_496' title='bbox 1093 4256 1193 4330; x_wconf 89' lang='lat' dir='ltr'><strong>hibet</strong></span> <span class='ocrx_word' id='word_1_497' title='bbox 1209 4263 1313 4330; x_wconf 87' lang='lat' dir='ltr'><strong>etiam</strong></span> <span class='ocrx_word' id='word_1_498' title='bbox 1330 4261 1544 4348; x_wconf 87' lang='lat' dir='ltr'><strong>baptismum</strong></span> <span class='ocrx_word' id='word_1_499' title='bbox 1567 4272 1644 4351; x_wconf 90' lang='lat' dir='ltr'><strong>post</strong></span> <span class='ocrx_word' id='word_1_500' title='bbox 1661 4261 1748 4327; x_wconf 89' lang='lat' dir='ltr'><strong>duas</strong></span> <span class='ocrx_word' id='word_1_501' title='bbox 1764 4259 1976 4348; x_wconf 89' lang='lat' dir='ltr'><strong>septimanas</strong></span> <span class='ocrx_word' id='word_1_502' title='bbox 1990 4282 2078 4353; x_wconf 88' lang='lat' dir='ltr'><strong>qua·</strong></span> <span class='ocrx_word' id='word_1_503' title='bbox 2184 4316 2192 4327; x_wconf 83' lang='lat'><strong>.</strong></span> 
     </span>
    </p>
   </div>
   <div class='ocr_carea' id='block_1_6' title="bbox 50 4355 2089 5374">
    <p class='ocr_par' dir='ltr' id='par_1_12' title="bbox 50 4355 2089 5374">
     <span class='ocr_line' id='line_1_42' title="bbox 62 4355 2079 4453; baseline 0 -22"><span class='ocrx_word' id='word_1_504' title='bbox 62 4358 240 4431; x_wconf 83' lang='lat' dir='ltr'><strong>tluasesse</strong></span> <span class='ocrx_word' id='word_1_505' title='bbox 264 4375 408 4433; x_wconf 87' lang='lat' dir='ltr'><strong>naturas</strong></span> <span class='ocrx_word' id='word_1_506' title='bbox 431 4363 560 4436; x_wconf 86' lang='lat' dir='ltr'><strong>unitas.</strong></span> <span class='ocrx_word' id='word_1_507' title='bbox 622 4364 775 4436; x_wconf 82' lang='lat' dir='ltr'><strong>Videtur</strong></span> <span class='ocrx_word' id='word_1_508' title='bbox 798 4378 834 4437; x_wconf 92' lang='lat' dir='ltr'><strong>et</strong></span> <span class='ocrx_word' id='word_1_509' title='bbox 856 4359 915 4435; x_wconf 92' lang='lat' dir='ltr'><strong>hic</strong></span> <span class='ocrx_word' id='word_1_510' title='bbox 936 4388 1043 4435; x_wconf 92' lang='lat' dir='ltr'><strong>reno-</strong></span> <span class='ocrx_word' id='word_1_511' title='bbox 1093 4363 1319 4450; x_wconf 80' lang='lat' dir='ltr'><strong>dragesimae.</strong></span> <span class='ocrx_word' id='word_1_512' title='bbox 1371 4364 1515 4433; x_wconf 82' lang='lat' dir='ltr'><strong>Caetera</strong></span> <span class='ocrx_word' id='word_1_513' title='bbox 1545 4359 1687 4453; x_wconf 89' lang='lat' dir='ltr'><strong>politica</strong></span> <span class='ocrx_word' id='word_1_514' title='bbox 1716 4374 1799 4431; x_wconf 90' lang='lat' dir='ltr'><strong>sunt</strong></span> <span class='ocrx_word' id='word_1_515' title='bbox 1829 4355 1996 4441; x_wconf 89' lang='lat' dir='ltr'><strong>honesta,</strong></span> <span class='ocrx_word' id='word_1_516' title='bbox 2038 4374 2079 4432; x_wconf 93' lang='lat' dir='ltr'><strong>ut</strong></span> 
     </span>
     <span class='ocr_line' id='line_1_43' title="bbox 60 4455 2078 4561; baseline -0.001 -28"><span class='ocrx_word' id='word_1_517' title='bbox 60 4482 155 4533; x_wconf 80' lang='lat' dir='ltr'><strong>rasse</strong></span> <span class='ocrx_word' id='word_1_518' title='bbox 180 4462 350 4534; x_wconf 87' lang='lat' dir='ltr'><strong>delirium</strong></span> <span class='ocrx_word' id='word_1_519' title='bbox 377 4463 618 4548; x_wconf 88' lang='lat' dir='ltr'><strong>Samosateni,</strong></span> <span class='ocrx_word' id='word_1_520' title='bbox 661 4470 720 4538; x_wconf 90' lang='lat' dir='ltr'><strong>sed</strong></span> <span class='ocrx_word' id='word_1_521' title='bbox 754 4467 825 4537; x_wconf 89' lang='lat' dir='ltr'><strong>alio</strong></span> <span class='ocrx_word' id='word_1_522' title='bbox 854 4466 1041 4537; x_wconf 83' lang='lat' dir='ltr'><strong>involucro</strong></span> <span class='ocrx_word' id='word_1_523' title='bbox 1093 4487 1172 4532; x_wconf 90' lang='lat' dir='ltr'><strong>cum</strong></span> <span class='ocrx_word' id='word_1_524' title='bbox 1188 4460 1354 4561; x_wconf 91' lang='lat' dir='ltr'><strong>prohibet</strong></span> <span class='ocrx_word' id='word_1_525' title='bbox 1379 4463 1522 4554; x_wconf 89' lang='lat' dir='ltr'><strong>nuptias</strong></span> <span class='ocrx_word' id='word_1_526' title='bbox 1545 4486 1624 4531; x_wconf 91' lang='lat' dir='ltr'><strong>cum</strong></span> <span class='ocrx_word' id='word_1_527' title='bbox 1642 4455 1836 4533; x_wconf 87' lang='lat' dir='ltr'><strong>haereticis.</strong></span> <span class='ocrx_word' id='word_1_528' title='bbox 1877 4459 2078 4557; x_wconf 87' lang='lat' dir='ltr'><strong>Haecsyn-</strong></span> 
     </span>
     <span class='ocr_line' id='line_1_44' title="bbox 59 4559 2002 4664; baseline 0.001 -29"><span class='ocrx_word' id='word_1_529' title='bbox 59 4565 288 4659; x_wconf 82' lang='lat' dir='ltr'><strong>propositum.</strong></span> <span class='ocrx_word' id='word_1_530' title='bbox 361 4564 440 4639; x_wconf 84' lang='lat' dir='ltr'><strong>lloc</strong></span> <span class='ocrx_word' id='word_1_531' title='bbox 484 4568 657 4640; x_wconf 89' lang='lat' dir='ltr'><strong>iudicium</strong></span> <span class='ocrx_word' id='word_1_532' title='bbox 713 4568 840 4664; x_wconf 91' lang='lat' dir='ltr'><strong>synodi</strong></span> <span class='ocrx_word' id='word_1_533' title='bbox 889 4568 1041 4639; x_wconf 90' lang='lat' dir='ltr'><strong>laudan·</strong></span> <span class='ocrx_word' id='word_1_534' title='bbox 1092 4567 1182 4636; x_wconf 92' lang='lat' dir='ltr'><strong>odus</strong></span> <span class='ocrx_word' id='word_1_535' title='bbox 1199 4589 1272 4633; x_wconf 92' lang='lat' dir='ltr'><strong>non</strong></span> <span class='ocrx_word' id='word_1_536' title='bbox 1289 4566 1395 4654; x_wconf 79' lang='lat' dir='ltr'><strong>longo</strong></span> <span class='ocrx_word' id='word_1_537' title='bbox 1414 4564 1601 4633; x_wconf 90' lang='lat' dir='ltr'><strong>intervallo</strong></span> <span class='ocrx_word' id='word_1_538' title='bbox 1615 4576 1732 4632; x_wconf 88' lang='lat' dir='ltr'><strong>secuta</strong></span> <span class='ocrx_word' id='word_1_539' title='bbox 1749 4575 1801 4632; x_wconf 91' lang='lat' dir='ltr'><strong>est</strong></span> <span class='ocrx_word' id='word_1_540' title='bbox 1819 4559 2002 4639; x_wconf 89' lang='lat' dir='ltr'><strong>Nicenam.</strong></span> 
     </span>
     <span class='ocr_line' id='line_1_45' title="bbox 57 4662 2089 4757; baseline -0 -21"><span class='ocrx_word' id='word_1_541' title='bbox 57 4665 138 4737; x_wconf 83' lang='lat' dir='ltr'><strong>tltttu</strong></span> <span class='ocrx_word' id='word_1_542' title='bbox 172 4678 237 4740; x_wconf 88' lang='lat' dir='ltr'><strong>est.</strong></span> <span class='ocrx_word' id='word_1_543' title='bbox 1194 4664 1271 4737; x_wconf 85' lang='lat' dir='ltr'><strong>Sub</strong></span> <span class='ocrx_word' id='word_1_544' title='bbox 1284 4663 1448 4736; x_wconf 88' lang='lat' dir='ltr'><strong>Honorio</strong></span> <span class='ocrx_word' id='word_1_545' title='bbox 1465 4664 1681 4754; x_wconf 87' lang='lat' dir='ltr'><strong>Imperatore</strong></span> <span class='ocrx_word' id='word_1_546' title='bbox 1696 4662 1943 4757; x_wconf 82' lang='lat' dir='ltr'><strong>¹fuitToletttna</strong></span> <span class='ocrx_word' id='word_1_547' title='bbox 1960 4665 2089 4756; x_wconf 80' lang='lat' dir='ltr'><strong>prima·</strong></span> 
     </span>
     <span class='ocr_line' id='line_1_46' title="bbox 151 4758 2078 4863; baseline -0.004 -21"><span class='ocrx_word' id='word_1_548' title='bbox 151 4758 340 4842; x_wconf 81' lang='lat' dir='ltr'><strong>Caeterum</strong></span> <span class='ocrx_word' id='word_1_549' title='bbox 356 4786 537 4843; x_wconf 87' lang='lat' dir='ltr'><strong>creverant</strong></span> <span class='ocrx_word' id='word_1_550' title='bbox 554 4773 623 4842; x_wconf 90' lang='lat' dir='ltr'><strong>iam</strong></span> <span class='ocrx_word' id='word_1_551' title='bbox 639 4772 677 4842; x_wconf 92' lang='lat' dir='ltr'><strong>in</strong></span> <span class='ocrx_word' id='word_1_552' title='bbox 692 4766 848 4842; x_wconf 80' lang='lat' dir='ltr'><strong>Ecclesia</strong></span> <span class='ocrx_word' id='word_1_553' title='bbox 865 4765 1040 4842; x_wconf 87' lang='lat' dir='ltr'><strong>humanae</strong></span> <span class='ocrx_word' id='word_1_554' title='bbox 1093 4770 1268 4863; x_wconf 89' lang='lat' dir='ltr'><strong>synodus,</strong></span> <span class='ocrx_word' id='word_1_555' title='bbox 1312 4791 1403 4858; x_wconf 91' lang='lat' dir='ltr'><strong>quae</strong></span> <span class='ocrx_word' id='word_1_556' title='bbox 1437 4767 1595 4837; x_wconf 90' lang='lat' dir='ltr'><strong>continet</strong></span> <span class='ocrx_word' id='word_1_557' title='bbox 1626 4764 1737 4835; x_wconf 88' lang='lat' dir='ltr'><strong>multa</strong></span> <span class='ocrx_word' id='word_1_558' title='bbox 1761 4766 1874 4854; x_wconf 89' lang='lat' dir='ltr'><strong>capita</strong></span> <span class='ocrx_word' id='word_1_559' title='bbox 1904 4767 2005 4837; x_wconf 91' lang='lat' dir='ltr'><strong>utilia</strong></span> <span class='ocrx_word' id='word_1_560' title='bbox 2033 4766 2078 4834; x_wconf 84' lang='lat' dir='ltr'><strong>de</strong></span> 
     </span>
     <span class='ocr_line' id='line_1_47' title="bbox 57 4866 2076 4969; baseline -0.003 -28"><span class='ocrx_word' id='word_1_561' title='bbox 57 4867 274 4943; x_wconf 81' lang='lat' dir='ltr'><strong>traditiones.</strong></span> <span class='ocrx_word' id='word_1_562' title='bbox 326 4868 410 4943; x_wconf 90' lang='lat' dir='ltr'><strong>ldeo</strong></span> <span class='ocrx_word' id='word_1_563' title='bbox 440 4875 578 4969; x_wconf 90' lang='lat' dir='ltr'><strong>aliquas</strong></span> <span class='ocrx_word' id='word_1_564' title='bbox 608 4873 750 4944; x_wconf 84' lang='lat' dir='ltr'><strong>addidit·</strong></span> <span class='ocrx_word' id='word_1_565' title='bbox 769 4866 854 4941; x_wconf 88' lang='lat' dir='ltr'><strong>haec</strong></span> <span class='ocrx_word' id='word_1_566' title='bbox 882 4876 1039 4967; x_wconf 91' lang='lat' dir='ltr'><strong>synodus</strong></span> <span class='ocrx_word' id='word_1_567' title='bbox 1091 4871 1264 4942; x_wconf 85' lang='lat' dir='ltr'><strong>doctrina.</strong></span> <span class='ocrx_word' id='word_1_568' title='bbox 1313 4866 1404 4937; x_wconf 91' lang='lat' dir='ltr'><strong>Nam</strong></span> <span class='ocrx_word' id='word_1_569' title='bbox 1428 4868 1486 4958; x_wconf 91' lang='lat' dir='ltr'><strong>pie</strong></span> <span class='ocrx_word' id='word_1_570' title='bbox 1510 4882 1666 4938; x_wconf 90' lang='lat' dir='ltr'><strong>recenset</strong></span> <span class='ocrx_word' id='word_1_571' title='bbox 1688 4867 1855 4938; x_wconf 88' lang='lat' dir='ltr'><strong>articulos</strong></span> <span class='ocrx_word' id='word_1_572' title='bbox 1870 4870 1914 4937; x_wconf 92' lang='lat' dir='ltr'><strong>de</strong></span> <span class='ocrx_word' id='word_1_573' title='bbox 1937 4866 2076 4961; x_wconf 76' lang='lat' dir='ltr'><strong>diviui-</strong></span> 
     </span>
     <span class='ocr_line' id='line_1_48' title="bbox 56 4963 2078 5063; baseline -0.003 -20"><span class='ocrx_word' id='word_1_574' title='bbox 56 4969 197 5043; x_wconf 72' lang='lat' dir='ltr'><strong>vitiosas</strong></span> <span class='ocrx_word' id='word_1_575' title='bbox 220 4972 509 5060; x_wconf 87' lang='lat' dir='ltr'><strong>constitutiones,</strong></span> <span class='ocrx_word' id='word_1_576' title='bbox 541 5001 616 5046; x_wconf 90' lang='lat' dir='ltr'><strong>non</strong></span> <span class='ocrx_word' id='word_1_577' title='bbox 634 4978 678 5045; x_wconf 93' lang='lat' dir='ltr'><strong>de</strong></span> <span class='ocrx_word' id='word_1_578' title='bbox 700 4974 943 5063; x_wconf 73' lang='lat' dir='ltr'><strong>dogmatibus,</strong></span> <span class='ocrx_word' id='word_1_579' title='bbox 977 4976 1037 5044; x_wconf 89' lang='lat' dir='ltr'><strong>sed</strong></span> <span class='ocrx_word' id='word_1_580' title='bbox 1090 4984 1160 5042; x_wconf 87' lang='lat' dir='ltr'><strong>tate</strong></span> <span class='ocrx_word' id='word_1_581' title='bbox 1183 4984 1219 5042; x_wconf 87' lang='lat' dir='ltr'><strong>et</strong></span> <span class='ocrx_word' id='word_1_582' title='bbox 1235 4970 1370 5040; x_wconf 91' lang='lat' dir='ltr'><strong>naturis</strong></span> <span class='ocrx_word' id='word_1_583' title='bbox 1385 4963 1537 5055; x_wconf 89' lang='lat' dir='ltr'><strong>Christi,</strong></span> <span class='ocrx_word' id='word_1_584' title='bbox 1562 4985 1595 5042; x_wconf 90' lang='lat' dir='ltr'><strong>et</strong></span> <span class='ocrx_word' id='word_1_585' title='bbox 1611 4968 1700 5040; x_wconf 90' lang='lat' dir='ltr'><strong>alios</strong></span> <span class='ocrx_word' id='word_1_586' title='bbox 1716 4969 1897 5061; x_wconf 83' lang='lat' dir='ltr'><strong>quasdam.</strong></span> <span class='ocrx_word' id='word_1_587' title='bbox 1949 4967 2078 5037; x_wconf 82' lang='lat' dir='ltr'><strong>Postea</strong></span> 
     </span>
     <span class='ocr_line' id='line_1_49' title="bbox 56 5064 2078 5167; baseline 0 -28"><span class='ocrx_word' id='word_1_588' title='bbox 56 5070 97 5143; x_wconf 87' lang='lat' dir='ltr'><strong>de</strong></span> <span class='ocrx_word' id='word_1_589' title='bbox 109 5075 325 5147; x_wconf 74' lang='lat' dir='ltr'><strong>ceremoniis</strong></span> <span class='ocrx_word' id='word_1_590' title='bbox 341 5089 375 5147; x_wconf 91' lang='lat' dir='ltr'><strong>et</strong></span> <span class='ocrx_word' id='word_1_591' title='bbox 390 5079 544 5150; x_wconf 89' lang='lat' dir='ltr'><strong>cultibus</strong></span> <span class='ocrx_word' id='word_1_592' title='bbox 561 5093 655 5149; x_wconf 86' lang='lat' dir='ltr'><strong>extra</strong></span> <span class='ocrx_word' id='word_1_593' title='bbox 676 5076 907 5167; x_wconf 84' lang='lat' dir='ltr'><strong>scripturam,</strong></span> <span class='ocrx_word' id='word_1_594' title='bbox 934 5089 967 5146; x_wconf 93' lang='lat' dir='ltr'><strong>et</strong></span> <span class='ocrx_word' id='word_1_595' title='bbox 983 5089 1037 5145; x_wconf 87' lang='lat' dir='ltr'><strong>ta·</strong></span> <span class='ocrx_word' id='word_1_596' title='bbox 1089 5074 1262 5166; x_wconf 88' lang='lat' dir='ltr'><strong>quaedam</strong></span> <span class='ocrx_word' id='word_1_597' title='bbox 1289 5073 1412 5143; x_wconf 86' lang='lat' dir='ltr'><strong>attexit</strong></span> <span class='ocrx_word' id='word_1_598' title='bbox 1429 5072 1571 5162; x_wconf 88' lang='lat' dir='ltr'><strong>politica</strong></span> <span class='ocrx_word' id='word_1_599' title='bbox 1600 5086 1633 5144; x_wconf 92' lang='lat' dir='ltr'><strong>et</strong></span> <span class='ocrx_word' id='word_1_600' title='bbox 1661 5069 1875 5139; x_wconf 89' lang='lat' dir='ltr'><strong>ceremonias</strong></span> <span class='ocrx_word' id='word_1_601' title='bbox 1897 5069 1942 5139; x_wconf 92' lang='lat' dir='ltr'><strong>de</strong></span> <span class='ocrx_word' id='word_1_602' title='bbox 1960 5064 2078 5140; x_wconf 90' lang='lat' dir='ltr'><strong>chris·</strong></span> 
     </span>
     <span class='ocr_line' id='line_1_50' title="bbox 52 5164 2075 5268; baseline -0.004 -20"><span class='ocrx_word' id='word_1_603' title='bbox 52 5196 130 5247; x_wconf 82' lang='lat' dir='ltr'><strong>meu</strong></span> <span class='ocrx_word' id='word_1_604' title='bbox 147 5172 270 5248; x_wconf 88' lang='lat' dir='ltr'><strong>adhuc</strong></span> <span class='ocrx_word' id='word_1_605' title='bbox 284 5191 367 5248; x_wconf 89' lang='lat' dir='ltr'><strong>suut</strong></span> <span class='ocrx_word' id='word_1_606' title='bbox 383 5182 654 5251; x_wconf 87' lang='lat' dir='ltr'><strong>verecundiores</strong></span> <span class='ocrx_word' id='word_1_607' title='bbox 671 5172 737 5247; x_wconf 92' lang='lat' dir='ltr'><strong>hae</strong></span> <span class='ocrx_word' id='word_1_608' title='bbox 753 5176 1036 5263; x_wconf 88' lang='lat' dir='ltr'><strong>constitutiones,</strong></span> <span class='ocrx_word' id='word_1_609' title='bbox 1089 5189 1202 5260; x_wconf 89' lang='lat' dir='ltr'><strong>mate,</strong></span> <span class='ocrx_word' id='word_1_610' title='bbox 1229 5188 1263 5245; x_wconf 91' lang='lat' dir='ltr'><strong>et</strong></span> <span class='ocrx_word' id='word_1_611' title='bbox 1284 5173 1448 5247; x_wconf 87' lang='lat' dir='ltr'><strong>devotis.</strong></span> <span class='ocrx_word' id='word_1_612' title='bbox 1485 5171 1581 5245; x_wconf 87' lang='lat' dir='ltr'><strong>Haec</strong></span> <span class='ocrx_word' id='word_1_613' title='bbox 1598 5173 1757 5268; x_wconf 91' lang='lat' dir='ltr'><strong>synodus</strong></span> <span class='ocrx_word' id='word_1_614' title='bbox 1771 5164 1937 5261; x_wconf 88' lang='lat' dir='ltr'><strong>prohibet</strong></span> <span class='ocrx_word' id='word_1_615' title='bbox 1952 5172 2075 5241; x_wconf 88' lang='lat' dir='ltr'><strong>diaco·</strong></span> 
     </span>
     <span class='ocr_line' id='line_1_51' title="bbox 50 5269 2078 5374; baseline -0.004 -22"><span class='ocrx_word' id='word_1_616' title='bbox 50 5300 154 5370; x_wconf 80' lang='lat' dir='ltr'><strong>quam</strong></span> <span class='ocrx_word' id='word_1_617' title='bbox 170 5279 265 5351; x_wconf 87' lang='lat' dir='ltr'><strong>aliae</strong></span> <span class='ocrx_word' id='word_1_618' title='bbox 279 5292 399 5372; x_wconf 88' lang='lat' dir='ltr'><strong>postea</strong></span> <span class='ocrx_word' id='word_1_619' title='bbox 413 5296 527 5359; x_wconf 87' lang='lat' dir='ltr'><strong>natae.</strong></span> <span class='ocrx_word' id='word_1_620' title='bbox 581 5280 624 5353; x_wconf 91' lang='lat' dir='ltr'><strong>ln</strong></span> <span class='ocrx_word' id='word_1_621' title='bbox 643 5277 710 5351; x_wconf 90' lang='lat' dir='ltr'><strong>hac</strong></span> <span class='ocrx_word' id='word_1_622' title='bbox 726 5279 863 5374; x_wconf 92' lang='lat' dir='ltr'><strong>synodo</strong></span> <span class='ocrx_word' id='word_1_623' title='bbox 880 5278 1034 5372; x_wconf 89' lang='lat' dir='ltr'><strong>primum</strong></span> <span class='ocrx_word' id='word_1_624' title='bbox 1056 5337 1062 5348; x_wconf 88' lang='lat'><strong>.</strong></span> <span class='ocrx_word' id='word_1_625' title='bbox 1087 5299 1154 5347; x_wconf 88' lang='lat' dir='ltr'><strong>noa</strong></span> <span class='ocrx_word' id='word_1_626' title='bbox 1170 5269 1271 5349; x_wconf 87' lang='lat' dir='ltr'><strong>evehi</strong></span> <span class='ocrx_word' id='word_1_627' title='bbox 1290 5277 1335 5346; x_wconf 90' lang='lat' dir='ltr'><strong>ad</strong></span> <span class='ocrx_word' id='word_1_628' title='bbox 1349 5299 1479 5347; x_wconf 89' lang='lat' dir='ltr'><strong>munus</strong></span> <span class='ocrx_word' id='word_1_629' title='bbox 1494 5272 1712 5370; x_wconf 89' lang='lat' dir='ltr'><strong>presbyteri,</strong></span> <span class='ocrx_word' id='word_1_630' title='bbox 1736 5272 1766 5343; x_wconf 92' lang='lat' dir='ltr'><strong>si</strong></span> <span class='ocrx_word' id='word_1_631' title='bbox 1783 5294 1856 5342; x_wconf 90' lang='lat' dir='ltr'><strong>non</strong></span> <span class='ocrx_word' id='word_1_632' title='bbox 1873 5273 2078 5347; x_wconf 86' lang='lat' dir='ltr'><strong>abstineant</strong></span> 
     </span>
    </p>
   </div>
   <div class='ocr_carea' id='block_1_7' title="bbox 0 0 2266 5782">
    <p class='ocr_par' dir='ltr' id='par_1_13' title="bbox 0 0 2266 5782">
     <span class='ocr_line' id='line_1_52' title="bbox 0 0 2266 5782; baseline 0 0"><span class='ocrx_word' id='word_1_633' title='bbox 0 0 2266 5782; x_wconf 95' lang='lat' dir='ltr'><strong> </strong></span> 
     </span>
    </p>
   </div>
  </div>
 </body>
</html>
