4522 5782
390 216 474 293 xtt.
522 213 818 321 manuario
844 217 894 292 ut
920 213 1348 299 evasuroatvus.
1402 217 1622 301 canxtt.
1949 210 2029 302 aaa
2134 190 2138 195 ’

86 407 304 465 rontemnere
317 393 499 464 ministros
512 391 709 483 Evangelii,
735 405 769 462 et
784 392 900 481 ipsum
916 393 987 460 mi·
1040 416 1106 461 nec
1136 413 1219 463 suas
1239 394 1472 465 revtilationes'
1495 396 1572 467 sine
1601 397 1820 468 testimoniis
1831 401 1969 491 magnis
1982 394 2026 474 ‘et

86 498 206 581 rium,
231 497 323 567 sicut
340 495 472 566 Paulus
487 496 630 587 ineptit:¹
655 495 848 585 Apostolos
863 490 987 564 haberi
1040 495 1143 564 certis
1159 497 1346 586 proponit,
1375 498 1451 567 vult
1467 498 1571 567 iidem
1596 522 1670 568 non
1694 503 1930 572 esseddbiam
1946 504 2025 592 opi·

86 596 315 684 astharmatis,
333 622 405 692 quo
420 592 511 667 nihil
527 597 766 667 detestabilius
782 597 852 665 dici
863 610 986 686 potest.
1039 597 1201 682 nionem,
1227 598 1288 665 setl
1305 598 1408 665 certis
1424 599 1634 668 testimoniis
1648 612 1830 671 accensam
1844 605 2024 675 et'conhr*

86 722 180 770 ersus
219 696 305 770 baec
346 700 456 790 impia
497 699 627 768 iudicia
663 698 791 768 mundi
822 693 986 767 Christus
1039 710 1270 783 matamesse,
1297 698 2025 797 ideosuntetlitamiracttla,qnaeosten·

88 815 182 873 rmat
204 825 270 870 nos
294 803 415 870 multis
438 800 558 885 dictis,
589 824 629 869 ac
650 799 987 890 praecipitatame·
1039 801 1164 868 dereut
1193 801 1425 888 praesentiam
1455 816 1603 872 naturae
1633 803 1906 895 omnipotentis,
1941 820 2026 878 arsut

86 952 94 984 ,
119 924 162 973 ac
185 916 347 973 tueamur
364 901 549 991 Evangelii
573 902 775 980 ministros,
806 913 848 971 ut
867 898 986 970 Lucae
1038 900 1151 970 additi
1168 914 1379 992 spectatores
1393 916 1427 973 et
1443 915 1546 973 testes
1560 905 1684 990 multi,
1710 922 1751 978 ut
1775 906 1812 975 in
1830 909 2024 988 nativitate,

109 1000 187 1093 Qui
205 1027 267 1073 vos
283 1004 399 1088 audit,
433 1028 490 1072 me
512 1002 630 1082 audit,
664 1002 729 1097 qui
753 1022 817 1072 vos
841 1003 986 1092 spernit,
1038 1002 1234 1092 baptismo,
1258 1003 1465 1074 ascensione
1481 1001 1626 1080 Christi.
1679 1004 1802 1077 luhas
1821 1010 2025 1101 patefactio-

86 1106 221 1199 pernit.
278 1100 471 1176 EtMatth.
494 1106 569 1176 1o.:
601 1100 675 1192 Qui
696 1102 833 1173 dederit
858 1117 983 1193 potum
1039 1124 1100 1171 nes
1122 1126 1263 1194 semper
1283 1103 1323 1173 in
1348 1104 1574 1176 invocatione
1604 1108 1825 1191 intueamur,
1867 1135 1912 1180 ue
1934 1112 2026 1184 sicut

86 1207 195 1278 euni
215 1230 256 1276 ex
281 1205 440 1275 minimis
467 1207 560 1289 istis,
603 1219 749 1296 propter
776 1206 986 1288 doctrinam,
1037 1198 1274 1273 Ethuicorum
1295 1206 1405 1275 animi
1429 1209 1649 1298 vagabantur
1670 1206 1898 1309 dubitantem!
1924 1213 2026 1306 quid,

86 1309 199 1379 sdico
217 1311 337 1394 vobis,
363 1331 437 1378 non
452 1311 573 1399 perdet
589 1307 784 1376 mercedem
802 1329 924 1387 suam,
950 1318 986 1376 et
1038 1327 1103 1374 cur
1130 1305 1360 1392 invocarent,
1399 1331 1447 1376 an
1469 1311 1739 1398 exaudirentur,
1779 1313 1830 1385 ita
1855 1327 1889 1383 et
1910 1315 2025 1386 nostri

96 1405 328 1481 ·'l'hessa.ult.
345 1410 491 1479 dicitur:
525 1406 674 1502 Eesqni
692 1421 859 1501 praesunt
883 1407 986 1475 vohis
1037 1417 1229 1495 vagentur,
1261 1421 1296 1479 et
1309 1408 1472 1479 amittant
1489 1408 1626 1492 Deum,
1657 1436 1740 1502 ergo
1765 1413 1868 1484 illum
1894 1428 2026 1487 statuas

86 1512 217 1598 emino,
250 1512 386 1600 diligite
408 1508 635 1595 excellenter,
662 1524 807 1601 propter
829 1508 985 1578 officium
1038 1529 1119 1577 vere
1146 1529 1220 1576 esse
1237 1505 1373 1590 Deum,
1405 1525 1586 1581 aeternum
1613 1529 1766 1605 patrem,
1801 1517 2024 1588 conditorem

86 1616 253 1703 lsserunt.
309 1611 420 1683 Norat
443 1612 575 1683 Paulus
600 1633 722 1682 sensus
744 1610 884 1703 populi,
922 1609 985 1703 qni
1037 1631 1179 1693 rerum,
1204 1632 1285 1679 cum
1299 1612 1373 1680 filio
1392 1608 1470 1680 lesu
1485 1609 1650 1698 Christo,
1676 1629 1709 1684 et
1725 1614 1881 1705 Spiritu,
1905 1619 1968 1712 qui
1988 1641 2025 1687 se

86 1738 99 1783 e
124 1714 264 1784 fastidit
290 1716 471 1793 doctores,
515 1726 549 1783 et
570 1713 719 1793 [levibus
743 1712 986 1782 occasionibus
1038 1709 1201 1802 patefecit
1223 1710 1330 1781 misso
1354 1707 1422 1782 hoc
1443 1713 1536 1800 lilio,
1559 1729 1644 1786 nato
1668 1740 1711 1786 ex
1725 1718 1880 1806 virgine,
1905 1720 2022 1789 cruci·

86 1815 145 1900 tis,
169 1839 230 1884 eos
250 1817 398 1895 excutit,
430 1816 601 1885 adversus
622 1810 708 1885 haec
731 1814 869 1884 fastidia
885 1812 982 1884 Pau·
1037 1813 1105 1881 bro
1121 1826 1159 1882 et
1170 1814 1378 1899 tenacitate,
1403 1828 1439 1886 et
1455 1840 1559 1908 quem
1575 1840 1704 1909 magna
1726 1820 1918 1890 multitudo
1937 1822 2026 1892 vidit

86 1919 201 1988 studet
231 1917 380 1988 excitare
411 1931 448 1987 et
482 1917 691 1987 confirmare
726 1915 984 1995 benevolentia,
1037 1936 1202 1983 revocare
1229 1913 1404 1985 Lazarum
1427 1939 1468 1986 ex
1501 1932 1615 1988 morte
1645 1932 1711 1989 etc.
1779 1919 1861 1990 Non
1895 1924 2026 2011 cogites

106 2042 185 2088 non
209 2019 324 2089 solum
349 2042 423 2088 non
444 2018 599 2089 admittit
621 2018 751 2088 iniusta
775 2018 876 2102 odia,
921 2018 982 2085 sed
1037 2012 1158 2084 Deum
1179 2014 1286 2087 inane
1309 2040 1443 2087 nomen
1465 2041 1558 2104 esse,
1591 2042 1655 2090 nec
1679 2042 1717 2091 se
1739 2020 1869 2093 frustra
1893 2026 2027 2113 patefe-

86 2146 99 2189 a
114 2121 236 2213 aliqua
253 2120 344 2198 levia
366 2120 590 2191 incommoda
611 2121 650 2189 in
665 2119 872 2189 doctoribus
893 2130 985 2188 recte
1037 2117 1143 2200 cisse,
1170 2120 1231 2186 sed
1247 2118 1328 2188 ideo
1346 2141 1383 2188 se
1396 2120 1607 2209 patefecisse,
1631 2136 1672 2193 ut
1686 2134 1873 2193 testaretur
1885 2147 1922 2193 se
1938 2148 2023 2197 vere

86 2222 216 2308 atibus,
241 2237 274 2293 et
288 2224 365 2291 sine
382 2223 604 2311 turpitudine
623 2221 827 2291 viventibus
847 2219 984 2310 placide
1038 2218 1128 2287 velle
1142 2222 1320 2289 exaudire.
1369 2217 1446 2291 Hac
1459 2222 1588 2291 liducia
1609 2226 1752 2293 accedas
1775 2226 1819 2292 ad
1843 2220 1939 2297 haenc
1963 2250 2025 2318 pa·

86 2334 144 2404 at,
169 2337 204 2394 et
226 2327 404 2393 condonat
427 2324 602 2393 functioni
626 2339 660 2395 et
680 2322 860 2393 communi
885 2334 983 2391 tran·
1037 2319 1198 2390 tefactum
1218 2319 1357 2402 Deum,
1396 2336 1438 2395 et.
1457 2323 1648 2415 experieris
1669 2325 1904 2416 precationem
1928 2340 2025 2399 tuam

87 2426 176 2495 itati.
229 2423 326 2495 llaec
340 2426 453 2493 officia
471 2426 527 2514 pia
542 2447 621 2513 erga
644 2425 827 2494 ministros
851 2423 984 2512 signifi·
1037 2445 1110 2489 non
1132 2421 1209 2491 fore
1234 2423 1385 2497 irritam.
1436 2422 1598 2496 Primum
1619 2426 1728 2513 igitur
1749 2426 1786 2494 in
1811 2422 1877 2496 hac
1901 2451 2025 2509 narra,-

86 2528 376 2616 :congerentem
392 2528 498 2614 pedes
521 2526 641 2596 effuso.
694 2524 831 2605 Maria,
864 2526 984 2605 idest,
1036 2522 1154 2608 tione,
1180 2547 1243 2594 seu
1259 2524 1298 2595 in
1315 2550 1443 2616 pompa
1459 2526 1638 2614 ingressus
1653 2529 1690 2596 in
1705 2528 1829 2598 urbem
1848 2527 2025 2625 lerosoly-

86 2628 153 2699 esia
185 2629 340 2696 auditrix
370 2628 472 2716 ungit
506 2627 629 2714 pedes,
670 2627 707 2695 id
731 2640 801 2712 est,
831 2628 927 2696 fovet
950 2638 984 2695 et
1035 2648 1148 2708 mam,
1181 2620 1251 2697 hoe
1272 2627 1500 2718 praecipuum
1525 2629 1712 2698 consilium
1731 2626 1797 2697 Dei
1819 2632 2025 2703 memineri-

86 2754 117 2801 tr
154 2731 337 2798 ministros
355 2725 562 2817 Evangelii,
603 2742 638 2799 et
668 2728 906 2797 ntiuisterinm
937 2728 983 2796 ad
1035 2748 1135 2810 mets,
1159 2731 1255 2820 quod
1270 2730 1346 2800 vult
1361 2744 1477 2801 extare
1491 2730 1711 2817 testimonia,
1746 2733 1841 2825 quod
1865 2755 1903 2803 se
1926 2748 2025 2826 pate·

86 2832 310 2903 iadoctrinae
327 2831 495 2915 coelestis,
522 2827 836 2915 utConstantiuua‚
861 2825 984 2899 Theo·
1035 2828 1169 2902 fecerit.
2028 2892 2030 2897 .

86 2958 135 3015 es,
162 2950 195 3005 et
213 2934 314 3024 pauci
331 2932 392 3002 alii
408 2933 455 3024 pii
472 2934 726 3022 gubernatores
740 2932 924 3016 foverunt,
949 2944 984 3003 et
1140 2925 1279 3000 Deinde
1293 2931 1367 3022 ipsa
1382 2956 1511 3025 pompa
1530 2932 1645 3023 imago
1667 2945 1719 3005 est
1736 2933 1939 3005 dulcissima
1954 2932 2026 3006 Ec-

86 3050 160 3107 runt
173 3039 345 3118 doctores,
368 3047 402 3104 et
419 3035 534 3104 studia
551 3034 745 3116 doctrinae,
773 3033 809 3100 id
826 3033 982 3102 officium
1036 3029 1173 3105 clesiae.
1224 3030 1461 3105 Personarum
1479 3058 1607 3124 genera
1623 3050 1774 3128 quatuor
1789 3052 1892 3122 stant,
1917 3031 2024 3111 chria
2111 3026 2115 3033 ¹

86 3139 157 3231 splo
181 3132 289 3206 buius
311 3131 482 3206 historiae
501 3131 671 3207 Christus·
688 3128 753 3203 bac
778 3133 985 3204 laudatione
1036 3146 1128 3217 stus,
1158 3131 1343 3223 Apostoli,
1375 3139 1527 3228 populus
1551 3138 1717 3226 credens,
1762 3150 1797 3208 et
1818 3139 2024 3214 adversarii.

86 3264 104 3310 s
131 3240 368 3313 commendat.
425 3236 472 3308 Et
494 3261 536 3307 ex
558 3233 627 3307 hoc
653 3248 835 3326 unguento
866 3237 984 3305 suavis
1035 3232 1083 3303 Hi
1106 3238 1235 3321 gradus
1261 3259 1399 3327 semper
1422 3240 1460 3306 in
1477 3236 1637 3308 Ecclesia
1657 3239 1906 3311 considerandi
1929 3255 2025 3322 sunt,

86 3355 138 3415 ἐί
158 3340 352 3430 fragrantia
378 3340 417 3409 in
444 3353 553 3411 totam
584 3342 730 3409 demum
758 3337 984 3424 diffunditur,
1035 3331 1199 3421 Christus
1227 3336 1322 3408 filius
1344 3336 1415 3408 Dei
1436 3340 1562 3411 missus
1591 3352 1661 3424 est,
1698 3353 1738 3411 ut
1762 3340 1860 3411 lieret
1882 3340 2024 3411 victima

86 3456 120 3531 t,
150 3438 386 3531 Evangelium
409 3443 516 3514 latius
536 3455 770 3535 propagatur,
803 3439 986 3529 colligitur
1035 3462 1100 3530 pro
1124 3432 1350 3521 hominibus,
1389 3442 1452 3511 dat
1475 3437 1709 3531 Evangelium
1732 3466 1814 3512 suae
1834 3438 2026 3529 Ecclesiae,

86 3546 171 3633 ssia,
195 3546 320 3617 crescit
341 3567 424 3618 vera
439 3544 619 3616 invocatio
634 3540 722 3629 Dei,
746 3555 782 3614 et
802 3542 892 3613 aliae
907 3540 983 3611 vir·
1036 3552 1071 3610 et
1082 3540 1307 3612 medentibus
1318 3544 1429 3614 donat
1444 3542 1688 3613 remissionem
1705 3558 1942 3635 peccatorum,
1967 3568 2024 3614 re-

86 3668 104 3721 t,
136 3726 139 3731 ¹
1037 3641 1137 3713 ducit
1159 3662 1220 3713 eos
1241 3644 1286 3714 ad
1311 3657 1493 3715 aeteruum
1516 3659 1673 3737 patrem,
1706 3658 1741 3716 et
1762 3646 1823 3717 dat
1847 3645 2023 3739 Spiritum

207 3810 393 3889 aare
409 3810 521 3887 a,
537 3807 679 3899 aa
1036 3743 1931 3941 taeseatzaatraathtsate
1947 3767 2022 3918 ‘at

98 3946 252 4047 Aliquae
265 3965 348 4025 sunt
368 3952 406 4021 in
420 3948 618 4039 Evangelio
639 3972 807 4041 pompae,
832 3963 874 4022 ut
896 3972 984 4021 con-
1036 3944 1187 4017 Messias
1204 3950 1566 4041 regnum-somniant,
1596 3950 1656 4019 sed
1677 3973 1733 4021 res
1754 3962 1946 4043 aeternas,
1964 3942 2023 4021 iu-

86 4054 378 4144 usAugelorum,
403 4050 609 4136 Pastorum,
635 4048 836 4138 Magorum,
861 4074 983 4123 reeens
1035 4048 1172 4118 stiriam
1194 4065 1229 4122 et
1252 4052 1360 4122 vitam
1386 4065 1565 4122 aeternam
1587 4051 1707 4137 affert,
1738 4050 1788 4121 sic
1809 4042 2023 4121 describitur

103 4150 266 4236 Christo,
299 4155 382 4223 item
408 4154 571 4222 miranda
594 4152 762 4222 revelatio
784 4154 983 4223 divinitatis
1035 4149 1184 4222 Messias
1199 4151 1239 4223 in
1255 4153 1318 4225 illo
1335 4154 1411 4245 ipso
1432 4177 1506 4244 cap
1519 4148 1732 4237 Zachariae,
1763 4152 1860 4244 quod
1884 4148 1945 4223 bic
1969 4152 2021 4222 ci·

86 4258 245 4351 taptismo
266 4252 402 4326 Cltristi
426 4270 460 4328 et
481 4255 680 4325 testimonia
704 4252 867 4342 loannis,
896 4256 982 4327 item
1034 4265 1147 4322 tatur:
1174 4253 1235 4326 'l‘u
1250 4281 1391 4351 quoque
1407 4257 1445 4323 in
1462 4255 1634 4342 sanguiue
1647 4254 1844 4324 testamenti
1862 4254 1915 4323 tui
1930 4255 2021 4323 emi·

86 4382 189 4431 ursus
205 4361 249 4429 ad
264 4358 564 4428 resuscitationem
578 4355 716 4427 Lazari.
768 4354 856 4427 Item
871 4359 982 4427 comi·
1034 4353 1109 4423 sisti
1135 4356 1273 4427 vinctos
1296 4361 1340 4427 de
1363 4359 1461 4439 lacu,
1493 4357 1531 4423 in
1556 4380 1626 4447 quo
1649 4378 1723 4423 non
1746 4369 1798 4426 est
1820 4378 1931 4449 aqua,
1956 4371 2027 4430 etc..

86 4462 237 4554 tpopuli
251 4461 428 4554 sequentis
441 4455 642 4543 Christum,
680 4458 767 4529 etei
792 4483 983 4529 occurren·
1036 4453 1076 4523 ld
1103 4471 1171 4542 est,
1210 4457 1308 4528 Deus
1336 4457 1607 4549 promissionem
1634 4457 1755 4540 dedit,
1789 4481 1894 4547 quam
1918 4472 2021 4528 vocat

86 4588 137 4633 ern
152 4563 342 4634 frondibus
360 4563 557 4652 palmarum
573 4574 607 4631 et
623 4560 739 4645 oleae,
760 4559 845 4630 item
861 4585 983 4631 ascen·
1034 4569 1304 4644 testamcutum,
1329 4574 1360 4628 et
1378 4561 1412 4626 id
1431 4559 1508 4628 vult
1522 4556 1692 4646 sanguine
1707 4556 1858 4627 Messiae
1879 4559 2020 4637 sanciri,

86 4660 211 4736 Christi
242 4665 280 4733 in
309 4664 458 4734 coelum.
516 4659 594 4731 Hae
621 4684 771 4754 pompae
791 4675 825 4732 et
849 4663 982 4731 similes
1035 4654 1101 4728 hoc
1122 4662 1291 4751 sanguine
1311 4658 1464 4729 Messiae
1485 4661 1564 4728 fuso
1587 4660 1711 4729 educet
1737 4659 1873 4727 vitsctos
1894 4656 2020 4741 ela'cu,

86 4762 272 4837 cshabent
300 4789 408 4836 unam
440 4786 598 4848 causam,
630 4767 725 4855 quod
748 4760 844 4833 Deus
868 4764 981 4835 voluit
1033 4761 1161 4847 idest,
1195 4762 1326 4831 abolita
1357 4776 1471 4829 morte
1501 4761 1661 4831 restituet
1689 4760 1797 4829 vitam
1827 4774 2016 4831 aeternam.

86 4892 114 4937 te
126 4884 217 4939 certa
235 4882 268 4937 et
283 4866 465 4935 manifesta
489 4865 712 4956 testimonia,
744 4890 834 4958 quae
861 4882 982 4936 osten·
1033 4860 1196 4956 Denique
1221 4858 1312 4932 hatte
1333 4863 1555 4953 praecipuam
1579 4872 1764 4952 personam
1781 4859 1962 4932 Christum
1979 4860 2017 4931 in

86 4966 313 5040 ntChristum
326 4969 438 5038 hlium
456 4967 652 5035 exhibitum
671 4990 755 5037 esse.
789 4965 866 5036 Etsi
884 4969 978 5036 enim
1033 4959 1101 5034 ltoe
1117 4965 1314 5053 spectaculo
1331 4988 1469 5034 necesse
1485 4978 1535 5034 est
1551 4964 1870 5049 maximeagnosei,
1895 4977 1929 5033 et
1943 4962 2019 5031 elus

88 5073 128 5141 sti
141 5074 230 5142 facta
247 5096 321 5140 uon
339 5072 390 5140 sic
411 5070 599 5139 incurrunt
618 5068 828 5137 inomnium
846 5071 979 5153 oculos,
1033 5064 1201 5137 beneficia
1228 5066 1399 5157 intelligi,
1447 5090 1538 5159 quae
1561 5087 1663 5156 saepe
1693 5064 1780 5134 alibi
1802 5088 2018 5135 commemo·

86 5172 246 5251 lexandri.
272 5168 552 5243 atrtGCaesaris
565 5169 804 5258 expeditiones
818 5172 979 5241 omnium
1031 5182 1168 5242 rantur.

86 5272 150 5343 ium
162 5275 275 5345 oculis
292 5262 505 5351 cernuntur,
529 5270 692 5340 omnium
717 5295 802 5339 voce
818 5286 852 5342 et
867 5273 980 5343 literis
1131 5268 1216 5341 Post
1243 5266 1424 5341 Christum
1454 5264 1619 5360 Apostoli
1653 5266 1942 5355 considerentur,
1978 5268 2018 5343 id

86 5376 235 5461 beantur,
267 5391 387 5449 tamen
412 5371 508 5446 Deus
528 5396 602 5444 uon
623 5375 700 5444 vult
722 5371 879 5463 ignorari
894 5394 979 5462 sese,
1029 5384 1098 5461 est,
1123 5372 1277 5444 ministri
1290 5371 1473 5462 Evattgelii
1484 5423 1497 5457 ,
1524 5367 1561 5440 bi
1577 5373 1620 5440 ad
1634 5366 1818 5441 Christum
1835 5374 2015 5445 adducunt
