4522 5782
38 174 116 255 sos
184 108 194 121 ⁸
314 178 418 261 xus.
467 184 503 258 a.
528 181 831 262 maranno
854 182 1011 263 uersu.
1037 180 1186 257 rann
1211 112 1572 263 auttoatettos,
1621 182 1729 261 car.
1752 187 1870 279 ur.¹
1981 170 2080 275 'sss

77 412 89 429 ..
145 348 384 450 Quanquam,
415 369 457 430 ut
481 350 584 431 anua
617 357 713 445 dixi,
752 358 964 431 concinnius
988 367 1040 429 est
1061 370 1065 393 ¹
1089 350 1290 423 testimonia
1316 353 1361 423 de
1381 346 1448 423 hac
1472 353 1631 440 iusticia,
1675 383 1781 455 quaro
1800 365 1953 443 adducet
1977 364 2076 441 Mes·

43 455 273 547 interpretari
303 456 477 529 iusticiam
508 460 762 552 sempiternam
795 463 842 532 de
869 483 1039 532 consum·
1086 455 1165 523 siet·
2036 530 2073 547 ..

42 569 141 629 mato
157 559 351 645 beneficio,
377 584 449 654 quo
474 558 827 653 comprehenduntur
854 577 890 634 et
913 560 1038 633 remis-
1188 552 1258 627 Sed
1283 580 1347 625 cur
1372 557 1477 630 dicit:
1502 555 1547 628 ln
1567 558 1666 651 lege?
1698 555 1879 637 Osiander
1900 594 1973 640 non
1997 572 2075 645 vult

41 660 433 739 310,01vie200g2m0‚
483 662 531 735 Εῑ
553 664 698 756 quidem
711 665 841 738 Dante}
864 663 1038 735 ‚imutihi
1085 654 1235 746 intelligi
1266 658 1397 727 librum
1429 658 1538 729 Moisi
1579 678 1613 733 et
1645 662 1773 756 scripta
1798 665 2072 762 Prophetarum,

42 784 206 853 ,xpe-0⁸00
219 763 642 837 nomtngfflmiuiouem
659 780 881 858 pecatorum
891 761 1037 836 hiem.
1084 760 1145 826 sed
1161 759 1305 856 proprie
1324 760 1454 848 legem:
1481 762 1527 833 sit
1541 761 1588 832 ita
1603 786 1698 836 sane.
1750 764 1842 839 Nam
1858 784 1893 841 et
1910 773 2073 846 victimae

41 862 114 934 bi„
140 860 402 935 Ρηρῃῑῑωιῐο
425 865 588 953 finietur,
621 882 802 959 pecatum
830 867 1034 958 obgtgnabi.
1084 859 1122 927 in
1140 859 1215 950 lege
1234 860 1480 950 significabant
1496 864 1675 934 victimam
1693 867 1805 939 filium
1821 870 1911 958 Dei,
1929 874 2072 946 etPau-

40 978 122 1054 mr,
150 964 188 1034 id
213 979 285 1050 231,
319 967 524 1047 claudetur,
558 993 604 1039 ng
624 993 690 1039 „03
716 984 873 1050 accuses,
899 983 934 1040 ,a
951 993 1034 1061 pro.
1083 961 1139 1030 lus
1153 962 1287 1053 inquit:
1315 961 1413 1031 Finis
1436 964 1520 1054 legis
1543 963 1788 1056 esthristus,
1812 976 1907 1065 quod
1931 999 2005 1045 non
2027 981 2071 1047 de

43 1065 190 1158 piciatiu
210 1067 268 1138 liet
293 1091 359 1158 pro
382 1068 582 1161 iniquitate.
643 1064 1034 1164 Aedeindesequitur‘:
1083 1065 1295 1132 ceremoniis
1327 1078 1463 1135 tantum
1487 1067 1638 1154 dicitur,
1677 1073 1737 1140 sed
1769 1075 1813 1143 de
1841 1076 1917 1166 lege
1939 1081 2067 1150 morali

43 1167 256 1239 Monesen
271 1168 408 1242 iusticia
423 1172 657 1263 sempiterna,
683 1197 774 1265 quae
789 1172 964 1263 significat
976 1196 1034 1242 re·
1082 1187 1234 1259 q¹¹⁰q¹100
1285 1162 1370 1234 ¹0²⁰
1388 1168 1441 1236 ¹²¹
1454 1170 1599 1239 m⁰¹i¹l³
1614 1173 1835 1263 Pl⁰¹¹¹¹¹lss⁸l⁸
1861 1193 1934 1264 ‘⁸¹2
1959 1194 1998 1250 ¹¹2
2014 1205 2071 1252 ³¹·

42 1268 271 1352 missionem,
312 1272 355 1342 de
380 1296 450 1365 qua
474 1275 573 1366 prius
601 1274 756 1359 dixerat,
793 1298 869 1347 nou
894 1287 1033 1346 tantum
1081 1280 1164 1356 guat
1187 1280 1385 1358 peccatum,
1417 1282 1452 1339 et
1473 1275 1638 1342 ostendat
1658 1298 1783 1345 ornnes
1799 1271 1967 1350 'homines
1990 1305 2070 1352 reos

40 1392 112 1441 m
125 1372 323 1463 pmii,
339 1371 432 1444 vim
448 1374 606 1461 honum,
631 1378 692 1446 „d
719 1376 862 1447 initium
881 1398 955 1445 me
973 1399 1034 1444 aa.
1081 1390 1174 1448 esse,
1201 1381 1242 1437 ut
1257 1366 1390 1439 Paulus
1404 1370 1541 1465 inquit:
1569 1371 1755 1447 Conclusit
1768 1401 1892 1449 omnes
1909 1385 1976 1451 sub
1990 1408 2072 1475 pec-

41 1484 163 1545 cem„
185 1472 311 1547 ..tucia
330 1488 366 1547 α
387 1474 492 1548 vim,
558 1475 738 1569 Loquitur
768 1500 851 1568 0130
876 1480 921 1548 de
945 1499 1032 1547 con·
1080 1482 1208 1539 catum
1268 1466 1333 1540 Est
1364 1470 1473 1561 igitur
1494 1474 1551 1543 lex
1576 1477 1839 1564 testimonium,
1875 1488 1972 1575 quod
1996 1509 2070 1554 narn
2104 1510 2117 1519 ·

41 1568 223 1649 nuncto
239 1576 423 1649 beneficio.
474 1577 530 1649 Ac
554 1580 779 1651 manifestum
804 1592 873 1663 est,
900 1601 1033 1647 nomen
1080 1569 1191 1641 simus
1213 1570 1297 1640 iusti
1320 1572 1401 1661 legi.
1460 1571 1582 1661 Quare
1597 1600 1737 1647 necesse
1761 1594 1813 1651 est
1837 1605 1910 1653 esse
1934 1588 2072 1656 media-

41 1688 203 1747 seternae
229 1677 388 1750 iustieise
410 1679 544 1772 opponi
572 1680 734 1752 iusticias
749 1703 918 1774 operum,
941 1703 1033 1774 quae
1080 1683 1193 1741 torem
1218 1686 1253 1741 et
1276 1674 1566 1765 propiciatorem,
1598 1692 1743 1770 propter
1765 1705 1870 1773 quem
1894 1687 1999 1757 detur
2014 1714 2071 1759 re-

41 1773 351 1852 dainieeumbae
374 1780 653 1872 corpor-aliciae,
1080 1774 1202 1843 missio
1233 1790 1476 1866 peccatorum,
1509 1773 1555 1849 Et
1587 1803 1666 1847 cnm
1694 1781 1749 1851 lex
1772 1806 1845 1853 non
1869 1786 1916 1857 sit
1938 1787 2073 1860 frustra
2180 1774 2186 1795 ¹
2215 1840 2224 1857 .

303 1943 312 1965 ⁰
569 1946 577 1964 υ
939 1945 946 1966 ,
1078 1875 1322 1959 lata,necesse
1338 1891 1389 1948 est
1406 1878 1544 1949 restitui
1560 1893 1800 1964 naturam,ut
1819 1885 1878 1957 fiat
1896 1886 1962 1961 lex.
2015 1893 2069 1962 lta

100 1940 372 2018 Tsssll'mimmm
395 1938 537 2018 habim
560 1970 600 2018 Μ
617 1944 695 2043 ¹⁶8⁶
718 1954 750 2018 ἰ
766 1940 975 2046 P'0Phd'5·
1077 1970 1242 2049 Christus
1263 1992 1315 2047 est
1334 1978 1416 2047 finis
1436 1979 1543 2068 legis,
1568 1981 1721 2068 scilicet,
1748 1987 1836 2056 dans
1860 1993 2070 2062 reconcilia-

148 2078 316 2155 Diximus
338 2083 513 2156 iusticiam
535 2082 602 2157 Dei
632 2078 701 2155 boc
730 2084 811 2154 loco
835 2084 1030 2155 necessario
1078 2079 1234 2163 tionem,
1266 2094 1451 2172 postquam
1476 2082 1532 2151 lex
1552 2082 1642 2150 iram
1658 2087 1831 2176 ostendit,
1865 2092 1948 2182 quia
1973 2090 2071 2164 Deus

42 2182 194 2275 intelligi
224 2186 431 2275 promissam
460 2199 606 2278 propter
643 2185 890 2259 mediatorem:
938 2180 1032 2256 hane
1077 2203 1152 2249 non
1169 2183 1245 2252 vutt
1262 2203 1327 2252 nos
1347 2183 1385 2249 in
1403 2197 1517 2252 morte
1534 2206 1695 2270 manere,
1713 2187 1809 2257 irnxta
1824 2190 1980 2266 dictum:
2009 2194 2071 2265 Vi-

43 2286 90 2361 ,52
103 2308 204 2357 mm,
217 2287 256 2357 i„
271 2281 467 2377 Evangelio
490 2287 674 2358 manifest„
690 2288 900 2378 praedicari,
1076 2305 1122 2350 vo
1138 2304 1222 2372 ego,
1249 2283 1337 2353 dicit
1352 2281 1548 2368 Dominus,
1582 2286 1666 2355 nolo
1688 2305 1837 2359 mortem
1865 2297 2069 2383 peccatoris.

140 2385 214 2459 seg
228 2403 344 2479 pomp
356 2389 482 2458 0153,st
509 2386 600 2459 cum
621 2411 760 2480 ,emper
783 2391 890 2461 suerit
905 2387 1029 2460 Eccle-
1074 2378 1140 2455 Est
1156 2398 1190 2454 et
1205 2384 1389 2455 restitutor
1397 2385 1484 2474 legis
1492 2380 1669 2472 Christus,
1684 2410 1765 2459 cum
1778 2394 1959 2466 resuscitat
1968 2410 2001 2468 et
2011 2401 2073 2472 dat

10 2512 16 2521 .
42 2490 100 2571 ὼ,
115 2512 259 2561 mm
275 2503 326 2560 „g
342 2485 434 2560 hanc
456 2490 631 2561 sufficiam
655 2506 688 2561 ρ(
704 2489 868 2562 pmibu,
885 2507 919 2562 οι
938 2491 1029 2561 Pro.
1074 2485 1182 2557 vitam
1193 2499 1380 2571 aeternam,
1394 2485 1433 2554 in
1451 2511 1520 2578 qua
1530 2486 1625 2559 Deus
1640 2490 1833 2564 eritomnia
1841 2493 1877 2562 in
1889 2498 2067 2571 omnibus.

10 2588 157 2757 ppbetis
173 2605 293 2663 uotam
308 2591 432 2662 luisse:
466 2593 634 2684 etregula
653 2617 734 2664 vera
760 2608 833 2679 est,
866 2592 1028 2664 Primum
1176 2587 1295 2658 Simul
1318 2600 1435 2658 autem
1459 2590 1587 2661 refutet
1609 2588 1742 2661 Paulus
1764 2596 1911 2666 stultum
1936 2614 1970 2669 et
1988 2625 2070 2691 per-

42 2695 209 2791 quodque
223 2692 443 2764 verissimum
467 2708 529 2768 cst.
1018 2712 1021 2719 ’
1073 2689 1247 2760 niciosum
1265 2713 1421 2759 errorem
1438 2689 1605 2771 illorum,
1631 2695 1692 2785 qui
1711 2695 1908 2783 finxerunt,
1936 2703 2064 2773 ordine

138 2792 237 2865 fluit
264 2795 473 2880 omioni,
514 2808 764 2877 „mecm-131,
796 2797 853 2866 vel
878 2821 1028 2888 occupa.
1074 2792 1113 2860 in
1136 2814 1264 2882 genere
1286 2786 1443 2860 humano
1463 2804 1533 2862 tres
1557 2793 1665 2862 fuisse
1680 2795 1792 2884 leges,
1817 2799 1945 2889 Legem
1961 2819 2066 2874 natu·
2153 2882 2155 2886 Α

10 2896 149 2978 ,ιίοηῂ
189 2897 314 2967 inserit
345 2892 431 2967 haec
451 2897 579 2977 verba,
615 2897 745 2989 quibus
767 2899 930 2968 adfirmat
952 2923 1026 2968 non
1074 2918 1152 2979 rae,
1178 2891 1372 2962 Mosaicam
1398 2906 1433 2963 et
1455 2894 1705 2984 evangelicam.
1756 2894 1802 2969 Et
1819 2893 1981 2975 homines
1998 2907 2069 2976 sal·

42 2999 153 3071 solutu
185 3011 307 3069 notam
338 2998 446 3069 fuisse
484 2994 577 3069 banc
611 2997 787 3069 iusticiam
819 2999 1026 3090 promissam
1074 3009 1173 3065 vatos
1199 3017 1272 3063 esse
1295 2993 1456 3087 quolibet
1484 3007 1642 3088 tempore
1679 2999 1846 3090 operibus
1870 3003 1987 3095 legum
2010 3010 2066 3080 sui

41 3116 184 3195 propter
206 3100 457 3186 mediatorem,
494 3102 554 3171 sed
581 3100 661 3170 idco
681 3096 878 3191 Prophetas
903 3125 1027 3171 omnes
1073 3096 1257 3188 temporis.

15 3203 162 3293 panissas
194 3224 287 3288 esse,
326 3215 361 3273 et
386 3201 627 3272 confirmatam
658 3225 780 3272 eorum
806 3203 1027 3272 vocationem
1175 3194 1254 3267 Hae
1274 3197 1403 3270 stultae
1431 3197 1704 3288 imaginationes
1734 3200 1819 3272 inde
1849 3221 1946 3278 ortae
1972 3224 2068 3295 srsnt,

10 3374 17 3381 ,
41 3302 239 3377 illustribus
261 3291 460 3384 miraculis,
493 3317 533 3374 ut
557 3305 601 3374 de
625 3297 691 3374 bac
716 3304 952 3395 promissione
974 3320 1026 3375 te·
1074 3301 1171 3393 quod
1198 3300 1387 3370 discrimen
1413 3299 1501 3389 legis
1526 3316 1560 3371 et
1586 3297 1772 3392 Evangelii
1802 3305 1962 3396 ignotum
1986 3313 2066 3385 luit.

11 3418 253 3487 pamm,
277 3405 369 3475 ,ficut
383 3404 508 3476 petru,
523 3403 656 3497 inqut„
681 3401 776 3475 Huic
797 3429 920 3475 omnes
938 3404 1026 3475 Pro.
1073 3400 1220 3473 Necesse
1240 3416 1291 3474 est
1306 3402 1434 3491 igitur,
1460 3402 1679 3472 notissimam
1706 3427 1779 3475 esse
1805 3433 1926 3479 vocem
1951 3410 2067 3501 Pauli,

10 3536 24 3557 -
41 3502 162 3599 phetae
185 3505 429 3581 testimonium
453 3501 651 3598 perhibent.
710 3503 902 3599 Emplrasis
917 3507 1027 3596 igitur
1074 3502 1215 3575 lustitia
1236 3500 1324 3588 Dei,
1350 3504 1514 3575 videlicet
1536 3506 1707 3595 promissa
1729 3524 1873 3601 propter
1889 3515 2062 3585 mediato-

40 3606 74 3680 in
95 3604 169 3681 hoc
200 3609 279 3679 loco
303 3609 340 3678 in
358 3609 531 3678 vocabulo
554 3607 749 3678 testimonii
771 3608 1027 3695 consideretur,
1073 3628 1167 3686 rem,
1193 3606 1271 3675 sine
1289 3606 1364 3696 lege
1382 3607 1762 3691 manifestaturus&
1781 3614 1979 3685 testimonia
1999 3612 2065 3687 ba-

10 3702 68 3785 3aet
89 3711 181 3781 inde
204 3731 318 3803 usque
341 3712 387 3779 ab
412 3710 517 3780 initio
540 3707 687 3780 Petrum
710 3723 744 3779 ct
766 3705 1025 3802 Prophetarum
1074 3707 1133 3778 bet
1170 3701 1373 3798 prophetica
1406 3708 1572 3777 omnibus
1604 3712 1842 3800 temporibus,
1901 3716 2063 3789 videlicet

15 3808 237 3887 ‘doctrinam
257 3812 459 3881 vocationes
474 3826 508 3882 et
524 3809 693 3880 miracula
709 3810 923 3882 intueamur.
1073 3810 1111 3878 iu
1132 3808 1366 3899 promissione
1390 3810 1540 3897 gratiae,
1567 3811 1696 3880 tradita
1715 3809 1814 3880 Adae
1835 3830 1868 3886 et
1884 3814 2065 3895 Abrahae.

136 3911 301 3983 Primum
328 3914 373 3982 ad
397 3909 513 3981 Adam
538 3912 631 3981 edita
654 3925 706 3981 est
727 3913 931 4002 promissio:
959 3916 1023 3985 Se·
1074 3910 1174 3981 Sicut
1190 3923 1306 3980 autem
1322 3934 1393 3980 una
1410 3925 1443 3980 et
1459 3914 1579 3980 eadem
1591 3925 1642 3983 est
1655 3913 1830 4002 sapientia
1847 3917 1884 3987 iu
1895 3914 1969 3990 lieo
1987 3922 2064 3991 dis-

26 4034 118 4091 tucu
140 4013 303 4085 mulieris
335 4013 556 4086 conculcabit
581 4023 686 4105 caput
713 4017 897 4105 serpentis.
955 4013 1026 4085 Po·
1073 4034 1222 4082 cemens
1246 4027 1358 4093 recta,
1392 4027 1514 4082 etnon
1531 4027 1644 4085 rectus⁴
1689 4012 1749 4084 Sic
1776 4015 1814 4083 in
1838 4021 1936 4086 omni
1951 4037 2064 4092 aeter·
2210 4036 2217 4047 ·

21 4134 104 4193 ⁸tea
137 4118 184 4188 asl
210 4111 411 4188 Abraham:
455 4113 498 4187 ln
523 4114 657 4186 semine
684 4128 747 4186 tuo
770 4117 1026 4187 benedicentur
1074 4117 1186 4185 nitate
1215 4115 1337 4182 eadem
1362 4128 1413 4183 est
1434 4114 1490 4183 lex
1521 4112 1686 4198 moralis,
1718 4139 1809 4206 quae
1842 4121 1879 4188 in
1903 4115 2062 4194 Ecclesia

23 4242 160 4292 omnes
184 4230 316 4309 gentes.
367 4212 416 4288 Et
442 4213 549 4288 lacob
571 4216 707 4308 inquit:
737 4215 822 4288 ,Non
845 4220 1026 4289 auferetur
1072 4215 1240 4286 omnibus
1263 4217 1484 4305 temporibus
1506 4214 1650 4307 repetita
1675 4227 1746 4301 est,
1777 4241 1850 4288 non
1877 4234 1963 4294 trane
1987 4227 2063 4315 pri.

20 4337 215 4417 sceptru-
239 4343 260 4390 a
283 4317 390 4403 luda,
433 4320 547 4390 donec
581 4317 719 4387 venerit
750 4314 874 4403 sitoh,
914 4333 949 4389 et
980 4321 1024 4387 ad
1072 4340 1171 4387 mum
1193 4315 1312 4388 doceri
1342 4318 1475 4407 coepit,
1507 4340 1587 4385 curu
1617 4317 1654 4384 in
1688 4333 1808 4389 moute
1835 4320 1937 4394 Sinai
1969 4325 2062 4399 inter

17 4412 132 4499 bunc
144 4434 265 4513 gentes
281 4424 602 4510 congregabuntur.
642 4414 690 4489 Et
706 4419 813 4492 Deut.
835 4423 909 4494 ta:
934 4419 1025 4491 Pro-
1072 4441 1200 4509 magna
1217 4420 1387 4489 miracula
1412 4419 1554 4487 recitata
1570 4431 1634 4489 est.

17 4525 180 4617 phetam
208 4522 385 4595 suscitabo
416 4523 467 4594 eis
494 4546 536 4594 ex
566 4520 736 4593 iratribus
768 4524 874 4608 meis,
923 4523 1023 4592 simi·
1172 4519 1313 4592 Rursus
1330 4520 1434 4590 ctiam
1450 4520 1633 4590 sciendum
1648 4533 1709 4603 est,
1724 4521 1867 4592 tunicam
1887 4549 1961 4597 esse
1976 4555 2060 4622 pro.

18 4624 103 4703 lem
129 4627 197 4700 tui.
1070 4622 1277 4694 missionem
1308 4621 1458 4709 gratiae,
1493 4646 1582 4712 quae
1607 4622 1744 4701 statim,
1779 4649 1858 4694 cram
1882 4630 1999 4699 Adam
2025 4649 2060 4706 et

135 4726 279 4801 Deinde
313 4727 351 4797 in
381 4723 530 4797 Psalmis
563 4733 598 4794 et
633 4724 794 4796 omnium
825 4720 1023 4815 Propheta·
1074 4722 1150 4792 Eva
1164 4726 1425 4815 reciperentur,
1452 4724 1587 4812 prolata
1612 4736 1663 4793 est
1680 4749 1721 4792 ex
1737 4726 1819 4795 sinu
1845 4734 1978 4801 aeterni
1998 4759 2059 4826 pa.

18 4854 115 4909 eum
132 4830 274 4922 scriptis
297 4829 408 4919 magis
428 4824 612 4918 perspicua
634 4824 836 4896 testimonia
857 4842 957 4910 siant,
983 4840 1023 4897 ut
1072 4826 1135 4894 tris
1150 4850 1213 4917 per
1228 4825 1356 4894 filium:
1383 4823 1512 4895 Semen
1534 4823 1692 4893 mulieris
1708 4829 1932 4918 conculcabit
1954 4852 2058 4925 capnt

19 4926 162 5011 Enisa
190 4926 269 5003 bb:
302 4930 450 5022 Agnitio
481 4926 573 4996 servi
601 4927 672 4996 mei
702 4927 785 4997 iusti
820 4926 1024 4999 iustificabit
1071 4928 1255 5017 serpentis.
1312 4922 1409 4995 Haec
1431 4925 1619 5016 promissio
1643 4944 1761 5017 postea
1789 4954 1872 4999 voce
1897 4928 2055 5033 Prophe.

20 5037 178 5111 multos.
229 5031 276 5103 Et
291 5031 451 5103 Danielis
467 5027 519 5099 Pa
552 5028 760 5102 Adducetur
776 5029 911 5098 iusticia
927 5053 1022 5099 sem·
1071 5042 1188 5099 tarum
1212 5043 1246 5099 et
1272 5029 1309 5095 in
1332 5024 1528 5117 Evangelio
1560 5027 1706 5118 repetita
1728 5044 1761 5099 et
1791 5032 1965 5105 illustrata
1995 5055 2058 5110 est.

24 5142 176 5233 piterna
198 5148 235 5207 et
249 5135 395 5205 finietur
409 5128 680 5223 praevaricatio,
706 5143 741 5200 ct
763 5130 824 5199 liet
843 5132 1021 5223 propicia·
1069 5129 1141 5200 Nee
1156 5145 1271 5221 patres
1292 5130 1437 5199 suerunt
1461 5129 1542 5201 iusti
1567 5142 1712 5220 propter
1734 5131 1864 5220 legem,
1897 5139 1957 5203 sed
1980 5140 2056 5211 aab

22 5243 81 5314 tio
105 5262 174 5333 pro
195 5250 356 5330 peccato,
390 5247 425 5305 et
448 5243 602 5320 ungetur
620 5227 772 5305 Sauctm
790 5229 1019 5305 Sanctorum.
1070 5232 1139 5300 lide
1154 5232 1349 5322 promissae
1371 5231 1631 5300 misericordiae
1655 5247 1798 5320 propter
1813 5236 2057 5325 mediatorem,

23 5338 268 5415 Manilestum
293 5352 345 5408 est
368 5337 476 5427 igitur
499 5344 593 5402 recte
612 5330 682 5402 diei
706 5356 727 5403 a
746 5328 879 5420 Paulo,
904 5348 1020 5415 astare
1068 5332 1158 5419 sicut
1173 5356 1333 5427 expresse
1354 5333 1472 5428 inquit
1487 5329 1612 5403 Petrus
1630 5330 1666 5399 iu
1683 5330 1797 5405 Actis:
1822 5328 1889 5406 Per
1906 5343 2055 5429 gratiam
2104 5352 2109 5363 ¹

77 5448 263 5518 Hraasrs.
290 5444 395 5513 Orsa.
434 5439 519 5507 Vos.
542 5435 621 5507 XV.
1377 5429 1426 5508 55
