4522 5782
88 209 121 281 a
404 197 508 277 xsu.
564 197 597 272 t.
624 184 1521 279 couuuuran111unr1sr.rauman
1547 192 1812 278 nouenos.
1984 201 2087 295 ,soe

88 404 108 451 5
124 430 136 463 ‚
177 391 219 451 ne
239 371 409 451 convenit
433 368 585 454 artifici,
622 365 803 458 aptissime
825 366 1028 456 complexus
1080 373 1114 434 et
1128 360 1312 454 agnitione
1327 363 1590 437 misericordiae
1607 368 1701 441 inter
1716 388 1883 450 terrores.
1937 378 1984 455 Et
2002 376 2072 457 hoc

88 482 225 572 ,ngfffi
261 500 446 566 ,11me
467 496 507 544 ac
540 464 775 554 methodum,
814 492 894 538 cum
930 469 1029 540 lubet
1078 464 1157 536 vult
1181 464 1316 536 tlictum
1336 464 1436 536 Pauli
1460 471 1504 537 de
1528 469 1620 559 lege:
1660 471 1732 544 Lex
1755 476 1846 548 iram
1870 480 1995 566 efficit,
2029 488 2067 559 id

88 587 243 655 ,editam
268 575 521 672 poenitentiam
541 588 575 644 et
595 570 843 643 remissionem
869 584 1028 663 peccato·
1078 579 1150 650 est,
1174 560 1304 637 incutit
1322 561 1512 639 horribiles
1536 585 1709 659 terrores,
1736 581 1859 671 quales
1880 604 1982 676 saepe
2004 591 2068 658 de·

88 712 115 755 m
139 687 177 755 in
201 709 265 755 suo
287 682 445 751 nomine.
497 674 620 770 ltaque
645 672 882 742 ministerium
907 669 1027 741 Evan-
1077 668 1283 755 scribuntur
1300 669 1337 738 in
1355 668 1522 757 Psalmis,
1548 690 1581 745 et
1596 671 1766 749 Ezechias
1791 682 1929 777 inquit:
1966 687 2068 761 Sicut

88 789 118 858 Ιῑῑ
148 788 304 880 primum
327 782 443 873 arguit
469 790 630 872 peccata,
665 777 758 846 sicut
779 770 945 844 Christus
968 775 1032 845 in:
1076 769 1132 839 leo
1157 771 1327 841 contrivit
1349 773 1469 843 omnia
1496 799 1680 849 ossamea.
1741 784 1935 858 Adferreut
1959 788 2068 879 igitur

87 891 139 963 ἢ,
184 887 339 982 spiriu„
364 893 506 954 sanctus
532 891 656 970 arguet
681 879 856 947 mundum
878 877 922 945 de
945 899 1024 965 pec.
1077 867 1115 941 hi
1130 895 1277 962 pavores
1295 873 1440 942 exitium
1457 888 1491 946 et
1512 891 1690 949 aeternam
1714 898 1888 971 mortem,
1914 891 1984 960 nisi
2010 918 2068 964 ac-

89 1003 201 1064 one,
272 986 343 1058 Hic
367 1009 447 1057 cum
472 1004 572 1053 mens
602 979 759 1070 agnoscit
785 992 963 1070 peccatum
991 992 1025 1049 et
1075 976 1214 1043 cederet
1235 974 1322 1043 fides
1343 978 1513 1066 paulatim
1530 982 1667 1070 erigens
1683 986 1841 1073 animos,
1869 986 2012 1063 intuens
2029 996 2066 1064 in

90 1118 125 1163 m
143 1092 234 1178 Dei,
268 1115 309 1160 ac
331 1088 424 1159 veris
441 1085 639 1157 terroribus
662 1080 879 1175 expavescit,
903 1076 1024 1149 Evau-
1074 1076 1326 1165 promissiones
1346 1072 1499 1161 Christi,
1533 1097 1639 1176 atque
1662 1086 1710 1156 ita
1733 1082 1916 1162 Christum
1938 1118 2065 1188 appre-

91 1196 166 1267 tum
197 1191 365 1286 proponit
390 1187 688 1267 consolationem,
730 1196 764 1253 et
794 1204 869 1252 eam
901 1205 1022 1251 vocem
1074 1171 1245 1259 heudeus.
1306 1176 1401 1249 Haec
1428 1185 1619 1253 certamina
1642 1203 1775 1279 quanta
1799 1192 1889 1274 sint,
1916 1212 2065 1270 monent

88 1322 122 1368 ,ρ
147 1311 198 1367 est
224 1296 337 1387 ipsius
358 1288 545 1378 Evangelii
578 1285 740 1377 propria,
781 1283 915 1354 seilicet
938 1306 1022 1373 pro.
1071 1276 1215 1354 Psalmi.
1263 1278 1453 1370 Quomodo
1472 1284 1632 1356 videmus
1648 1288 1841 1364 luctantem
1855 1318 1973 1367 secum
1988 1296 2063 1371 Da·

88 1397 241 1470 ssionem
267 1393 428 1467 beneficii
453 1388 605 1473 Christi,
642 1399 816 1458 monstrat
847 1385 1020 1456 mediato·
1072 1381 1208 1467 videm,
1243 1406 1323 1452 cum
1347 1384 1520 1455 clamitat:
1551 1384 1706 1460 Domine
1730 1418 1775 1462 ne
1801 1395 1839 1463 in
1860 1398 1980 1470 lurore
2003 1424 2061 1471 ar·

88 1502 246 1571 refilium
272 1496 361 1582 Dei„
390 1494 481 1564 sicut
504 1491 656 1561 loannes
681 1513 761 1558 eum
785 1488 1017 1573 monstrabat,
1070 1505 1156 1573 guas
1173 1507 1242 1555 me.
1295 1483 1468 1556 Miserere
1483 1489 1552 1556 mei
1567 1488 1731 1565 Domine.
1786 1494 1966 1585 Quoniam
1984 1526 2058 1573 non

88 1603 223 1695 lugens:
263 1597 353 1670 Ecce
382 1618 493 1688 ,gnua
524 1594 617 1677 Dei,
657 1592 718 1682 qui
752 1590 846 1661 tollit
876 1603 1015 1680 peccata
1071 1600 1123 1657 est
1144 1585 1182 1655 in
1208 1599 1343 1670 morte,
1378 1590 1439 1681 qui
1466 1583 1608 1661 memor
1625 1595 1668 1664 sit
1696 1598 1768 1682 tui,
1802 1602 1976 1692 nequein
2002 1605 2059 1674 in-

88 1704 175 1790 indi,
192 1704 290 1774 iubet
306 1713 474 1782 statuere,
500 1698 595 1790 quod
612 1705 756 1787 propter
773 1685 869 1761 hunc
885 1690 1018 1761 media·
1069 1687 1172 1759 ferno
1187 1689 1249 1781 qui
1266 1688 1386 1759 laudet
1401 1705 1445 1760 te.
1495 1690 1576 1761 Non
1603 1696 1746 1768 abiicias
1758 1705 1822 1767 ‘me
1841 1701 1934 1773 inter
1956 1706 2058 1775 dam-

88 1830 143 1879 am
161 1806 275 1875 filiurn
292 1803 375 1890 Dei,
391 1798 591 1871 Dominum
606 1807 766 1865 nostrum
784 1791 896 1865 lesum
912 1788 1018 1863 Chri.
1069 1803 1190 1874 natos,
1216 1791 1278 1884 qui
1300 1806 1454 1861 uruntur
1474 1787 1641 1866 horribili
1665 1812 1701 1870 et
1721 1813 1864 1872 aeterno
1886 1805 1969 1876 odio
1990 1810 2057 1894 tui,

88 1920 275 1990 m,-certo
297 1905 402 1975 nobis
425 1905 578 1973 donetur
598 1895 759 1967 remissio
783 1909 1018 1987 peccatorum,
1070 1903 1105 1960 et
1121 1890 1185 1962 tibi
1202 1892 1433 1963 maledicunt.
1486 1893 1538 1964 Ne
1558 1898 1594 1965 in
1615 1893 1710 1970 huuc
1735 1917 1874 1974 coetum
1897 1902 2051 1978 hostium
2174 1950 2183 1957 -

90 2008 279 2102 imputatio
309 2005 491 2077 iusticias:
535 2024 610 2072 non
631 2010 777 2090 propter
798 1996 872 2066 ulla
898 2009 1017 2067 nostra
1069 2005 1213 2062 tuorum
1239 1994 1397 2097 abiiciar.
1448 1992 1698 2076 terrentur
1740 2001 1861 2093 Quare
1883 2008 1994 2089 tristis
2017 2032 2055 2082 es

88 2136 134 2182 era
155 2134 218 2180 seu
242 2109 386 2190 merita,
417 2105 477 2176 sed
501 2102 609 2194 gratis
633 2101 721 2187 lide,
761 2098 892 2179 idest,
935 2122 1016 2167 cum
1067 2095 1185 2164 anima
1207 2118 1304 2175 mea,
1341 2109 1375 2166 et
1401 2120 1510 2189 quare
1536 2105 1727 2175 conturbas
1752 2107 1840 2177 me?
1880 2108 1990 2200 Spera
2014 2112 2054 2184 in
2140 2108 2143 2115 ¹

88 2215 205 2285 dimus
237 2213 297 2281 illa
324 2234 406 2280 vere
428 2207 533 2277 nohis
556 2229 596 2275 ac
619 2214 715 2273 certo
741 2213 886 2292 propter
908 2194 1015 2270 Chri·
1067 2194 1202 2287 Deum,
1240 2197 1409 2291 quoniam
1439 2194 1556 2268 adhuc
1585 2203 1740 2277 laudabo
1763 2231 1856 2277 essm.
1921 2211 1976 2282 De
1997 2206 2054 2286 bis
2169 2295 2171 2300 .

88 2313 280 2386 mdonari.
319 2310 407 2384 Cum
423 2304 489 2379 hac
505 2309 574 2377 lide
590 2326 657 2375 nos
678 2303 865 2392 erigimus,
890 2316 924 2373 et
939 2324 1016 2371 sus-
1066 2297 1175 2369 tantis
1195 2299 1450 2369 certaminibus
1475 2296 1839 2399 hicquoquePaulus
1862 2315 2053 2385 conciona-

88 2431 208 2489 ttsmus
229 2417 409 2486 intuentes
430 2405 632 2487 Christum,
659 2405 910 2498 consequimur
934 2426 1015 2473 vere
1067 2413 1142 2486 tur,
1167 2422 1232 2471 uec
1246 2413 1383 2471 tautum
1400 2401 1573 2492 litigatde
1592 2409 1843 2497 suillaearne,
1859 2408 1932 2486 'aut
1952 2416 2052 2487 simi-

88 2519 270 2589 nissionem
289 2529 531 2605 peccatorum,
558 2525 593 2581 et
614 2521 822 2598 reputamur
847 2506 965 2588 iustip
976 2505 1014 2574 id
1065 2501 1128 2570 lib.
1143 2502 1240 2576 ritib.
1272 2500 1438 2573 Clamitat
1455 2530 1578 2577 omnes
1592 2532 1665 2580 esse
1680 2514 1747 2584 sub
1763 2528 1915 2605 peccato.
1954 2514 2052 2589 llaec

88 2674 100 2705 ‚
122 2620 257 2710 accepti
271 2643 390 2690 coram
410 2613 505 2701 Deo,
532 2626 566 2684 et
586 2614 766 2682 donamur
778 2607 917 2697 Spiritu
933 2630 1015 2676 san·
1064 2603 1237 2674 sententia
1252 2606 1297 2673 de
1313 2606 1509 2676 terroribus
1525 2612 1772 2684 concionatur:
1799 2616 1929 2687 deiude
1946 2643 2050 2691 mon-

94 2737 163 2808 ,et
176 2721 350 2793 efficimur
363 2719 428 2787 lilii
445 2717 526 2802 Dei,
551 2739 591 2785 ac
606 2713 776 2782 haeredes
790 2711 883 2779 vitae
900 2725 1012 2779 aeter·
1064 2718 1151 2776 strat
1180 2701 1382 2792 Christum,
1415 2708 1556 2803 inquit,
1596 2736 1662 2785 nos
1689 2717 1798 2802 gratis
1824 2718 1892 2787 lide
1922 2720 2049 2791 iustifi-

88 2846 110 2910 ε,
140 2838 181 2895 ut
196 2808 300 2897 ioan.
312 2825 350 2899 ,1.
368 2820 558 2891 scribitur:
597 2814 706 2885 Dedit
729 2812 778 2882 eis
806 2824 1012 2903 potestatem
1064 2807 1213 2876 carietc.
1267 2806 1316 2877 Et
1331 2824 1369 2878 ut
1385 2810 1536 2881 sciamus
1556 2838 1635 2883 eum
1653 2815 1753 2909 loqui
1769 2843 1843 2888 non
1868 2821 1911 2890 de
1924 2807 2048 2894 otiosis

88 2949 117 2997 ss
132 2923 200 2996 Dei
217 2927 312 3010 fieri,
331 2921 556 2994 credentibus
571 2920 609 2988 in
626 2915 773 3007 nomine
789 2913 873 2982 eius.
916 2910 1012 2981 Haec
1063 2909 1353 2997 cogitationibus,
1379 2913 1437 2980 sed
1464 2913 1509 2981 de
1533 2914 1601 2985 fide
1629 2918 1784 2990 luctante
1806 2946 1886 2992 cum
1903 2926 2047 3014 pavori-

88 3028 230 3120 replens
246 3040 281 3101 et
303 3025 505 3117 perspicua,
530 3036 565 3093 et
586 3022 627 3089 ad
651 3040 754 3087 usum
778 3012 1010 3085 conscientia·
1062 3010 1153 3095 bus,
1186 3010 1330 3102 inquit:
1368 3009 1550 3084 lustificati
1582 3016 1670 3105 fide,
1709 3045 1829 3113 pacem
1861 3018 2045 3118 babemus,

88 3154 107 3199 n
127 3131 410 3218 accommodata,
437 3150 477 3195 ac
497 3119 654 3214 conspici
674 3119 712 3187 in
736 3114 903 3207 exemplis
930 3138 1011 3203 pos-
1060 3112 1161 3183 item:
1178 3112 1365 3181 Accessum
1382 3115 1424 3183 ad
1437 3111 1551 3186 Deum
1562 3133 1627 3192 etr.
1660 3118 1764 3193 ltem:
1781 3121 1869 3194 Fide
1885 3129 2047 3215 agnosei-

88 3244 118 3323 ᾖ
167 3232 281 3303 David
300 3254 380 3300 reus
397 3226 562 3298 adulterii
579 3239 613 3295 et
627 3221 761 3303 caedis,
787 3213 1010 3286 eumaPro-
1060 3236 1139 3281 mus
1161 3236 1228 3282 uos
1246 3214 1348 3304 diligi
1371 3213 1497 3288 aDeo.
1548 3216 1639 3290 Cum
1661 3222 1770 3312 igitur
1786 3227 1874 3295 adeo
1896 3242 1977 3317 apte
1998 3233 2042 3299 ad

88 3348 132 3405 cta
156 3347 397 3414 accusaretur,
423 3351 609 3421 oppressus
634 3335 685 3393 est
710 3319 915 3409 ingentibus
940 3330 1009 3387 ter·
1060 3316 1231 3406 reliquam
1249 3315 1458 3406 scripturam
1476 3318 1718 3411 propheticam
1734 3320 1818 3397 baec
1832 3326 1935 3399 Pauli
1949 3332 2044 3402 dicta

88 3434 180 3506 ign„
231 3432 355 3504 Postea
377 3432 526 3523 erigitur
549 3451 633 3498 voce
649 3420 903 3497 absolutionis,
928 3443 1008 3488 curn
1059 3433 1276 3507 congruant,
1301 3442 1390 3510 quae
1406 3423 1615 3511 perversitas
1629 3440 1681 3497 est
1705 3426 1811 3498 aliam
1833 3432 2056 3503 sententiam.

99 3532 294 3630 Propheta:
322 3535 498 3607 Dominus
520 3527 665 3600 abstulit
691 3537 870 3617 peccatum
894 3537 1008 3608 tuum,
1058 3518 1171 3588 Paulo
1193 3518 1387 3613 affingere?
1419 3520 1488 3593 Sed
1515 3548 1632 3616 pergo.
1683 3524 1774 3598 Cum
1798 3523 2043 3604 haectenten-

88 3639 295 3709 smorieris.
346 3635 451 3706 Hanc
465 3658 584 3704 vocem
610 3628 779 3717 audiens,
806 3624 916 3693 credit
939 3623 1006 3690 sibi
1059 3622 1126 3701 tia,
1166 3644 1272 3714 quam
1303 3623 1446 3693 recitavi
1483 3626 1528 3695 de
1561 3630 1791 3700 conversione
1816 3629 1976 3704 hominis
2006 3651 2041 3707 et

88 3755 202 3811 eatum
226 3740 377 3824 remitti,
410 3760 485 3807 non
508 3746 653 3827 propter
673 3726 773 3798 suam
798 3726 1006 3814 dignitatem
1058 3721 1327 3807 iustificatione,
1360 3725 1542 3815 perspicua
1563 3743 1597 3800 et
1624 3731 1727 3818 plana
1747 3733 1813 3814 sit,
1846 3748 1880 3803 et
1901 3736 1937 3804 in
1965 3737 2038 3806 vita

99 3843 242 3922 merita,
268 3845 325 3910 sed
342 3838 451 3931 gratis
465 3859 532 3928 per
552 3829 850 3910 misericordiam,
877 3851 916 3894 ae
943 3826 1008 3895 scit
1057 3846 1160 3895 usum
1179 3818 1326 3908 habeat,
1352 3839 1384 3896 et
1406 3826 1454 3897 sit
1469 3839 1543 3897 rata
1564 3845 1597 3900 et
1619 3833 1853 3904 immutabilis
1866 3839 2040 3907 sententia

88 3946 228 4015 mirsam
246 3968 318 4013 esse
336 3939 582 4013 liberationem
600 3958 619 4004 a
638 3946 798 4025 peccato,
820 3944 888 3998 eta
908 3952 1004 3995 mor·
1057 3922 1269 4015 Evangelii,
1320 3929 1488 4015 patefacta
1521 3932 1708 4021 patribus,
1757 3936 2040 4008 adversariorum

102 4061 244 4139 propter
260 4059 449 4117 venturum
465 4041 708 4109 liberatorem:
744 4026 1003 4101 scitChristum
1058 4027 1185 4118 partim
1200 4027 1418 4121 deploranda
1435 4045 1488 4100 est
1503 4035 1665 4119 caecitas,
1692 4038 1819 4127 partim
1836 4040 2039 4110 detestanda

88 4144 270 4219 rhodiam
294 4172 358 4239 pro
383 4141 532 4237 peccatis
552 4134 702 4209 humani
722 4133 880 4224 generis,
915 4131 1005 4201 sicut
1057 4129 1266 4220 pertinacia,
1307 4131 1368 4222 qui
1397 4146 1554 4203 nostram
1572 4138 1905 4225 interpretationem
1936 4144 2041 4211 dam·

88 4246 223 4320 Psalmo
247 4250 312 4320 ait:
347 4246 406 4317 Tu
428 4268 465 4313 es
487 4243 650 4315 sacerdos
673 4237 711 4305 iu
735 4249 916 4305 aeternum
940 4246 1004 4304 etc.
1057 4242 1156 4305 nant.
1221 4227 1340 4325 Atque
1362 4227 1422 4304 hic
1448 4236 1607 4306 obtestor
1631 4261 1694 4329 per
1712 4233 1894 4311 Christum
1915 4266 2039 4315 omnes

88 4352 190 4421 cfide
212 4375 249 4421 se
273 4363 493 4432 sustentans,
518 4346 558 4415 lit
580 4345 710 4424 iustus,
735 4338 859 4432 idest,
884 4358 1004 4422 accep·
1056 4333 1153 4425 pios,
1176 4336 1451 4425 utexpendant,
1473 4336 1560 4432 quid
1587 4338 1624 4407 in
1649 4352 1799 4434 utraque
1820 4357 1919 4434 parte
1941 4346 2039 4417 dica·
2141 4422 2149 4437 ,

94 4459 209 4524 coram
224 4451 302 4523 Deo
317 4453 361 4521 ad
381 4451 490 4519 vitam
508 4459 698 4517 aeternam.
749 4438 809 4512 Sic
822 4434 1004 4508 Lucae7:
1056 4450 1126 4506 tur.
1178 4436 1385 4506 Adversarii
1400 4438 1556 4509 fatentur
1577 4454 1739 4531 oportere
1755 4444 1902 4516 existere
1923 4461 2039 4519 terro·

88 4555 155 4627 tte,
179 4556 278 4626 venie
301 4554 500 4648 lacrymans
516 4549 561 4617 ad
583 4540 786 4624 Christum,
812 4534 1004 4629 agnoscens
1056 4560 1130 4624 res,
1161 4539 1220 4605 sed
1242 4539 1288 4607 de
1308 4538 1378 4608 lide
1395 4538 1499 4608 aliter
1519 4539 1733 4634 loquuntur:
1772 4547 1898 4620 volunt
1920 4550 2040 4620 adesse

97 4670 252 4751 peecata:
283 4671 402 4748 postea
423 4653 477 4721 illi
501 4651 619 4742 inquit
633 4641 813 4717 Christus:
842 4639 940 4710 Vade
965 4640 1003 4708 in
1056 4638 1225 4708 noticiam
1242 4633 1433 4724 historiae,
1453 4643 1514 4710 sed
1539 4642 1664 4715 iubent
1679 4646 1840 4719 dubitare
1855 4650 1898 4720 de
1914 4653 2041 4722 remis-

88 4783 120 4845 e,
143 4762 231 4829 fides
246 4772 305 4829 tua
323 4756 455 4826 salvam
471 4767 505 4823 te
520 4754 614 4822 facit.
673 4744 728 4843 lta
741 4740 780 4814 hi
797 4747 868 4814 duo
885 4755 1003 4811 motus
1057 4741 1156 4809 sione
1174 4752 1413 4831 peccatorum:
1447 4755 1481 4812 et
1499 4742 1529 4812 si
1544 4746 1601 4816 cui
1618 4747 1814 4837 contingit,
1839 4751 1941 4823 aiunt
1955 4777 2041 4823 cou-

88 4863 311 4934 conversione
336 4857 605 4936 describuutur‚
646 4868 813 4941 pavores,
846 4858 878 4912 et
908 4844 1004 4912 fides.
1056 4841 1191 4932 tingere
1221 4856 1366 4934 propter
1386 4844 1523 4919 merita.
1595 4844 1649 4918 lta
1670 4849 1877 4942 simpliciter
1898 4854 2042 4927 abolent

90 4988 135 5057 3⁰
164 4986 313 5056 pavores
344 4971 472 5030 vocant
500 4951 766 5026 contritionem:
806 4947 866 5016 sed
890 4944 1004 5025 scien.
1057 4938 1310 5031 Evangelium,
1343 4945 1440 5038 quod
1463 4947 1566 5018 docet
1588 4964 1733 5042 propter
1754 4947 1934 5024 Christum
1956 4980 2041 5026 eon·

88 5094 99 5137 r
116 5082 190 5152 est,
215 5086 361 5158 pavores
376 5085 449 5133 non
466 5057 594 5135 mereri
608 5050 906 5129 condonationem
923 5070 1004 5137 pec·
1055 5045 1190 5134 tingere
1205 5040 1274 5129 hoe
1285 5046 1513 5119 beneficium:
1538 5063 1572 5120 et
1589 5066 1626 5122 ut
1643 5053 1690 5124 sit
1703 5067 1859 5140 certum,
1879 5056 1973 5126 edita
1989 5071 2042 5129 cst

88 5193 195 5254 trum,
217 5170 290 5237 imo
307 5165 377 5235 nisi
392 5161 570 5233 accederet
589 5153 696 5240 lides,
720 5172 822 5223 mens
837 5170 1002 5241 oppressa
1055 5146 1265 5238 promissio,
1291 5163 1325 5220 et
1341 5153 1487 5222 mandat
1507 5150 1621 5239 Deus,
1646 5168 1688 5226 ut
1710 5157 1937 5248 promissioni
1963 5182 2042 5228 cre·

88 5273 240 5354 oribus,
281 5278 402 5338 rueret
428 5264 467 5335 iu
496 5276 673 5333 aeternam
704 5266 873 5323 mortem:
914 5249 1005 5321 sicut
1054 5249 1179 5321 damus
1202 5270 1244 5320 ec
1264 5249 1515 5340 assentiamur,
1541 5278 1689 5349 eamque
1711 5259 1755 5326 ad
1780 5279 1845 5326 nos
1867 5260 2043 5349 pertinere

88 5375 118 5463 l,
145 5371 256 5445 ludas
279 5369 483 5465 perierunt,
509 5387 589 5435 cum
607 5382 681 5430 non
696 5355 871 5447 erigerent
886 5372 921 5421 se
936 5350 1005 5423 fide
1055 5362 1262 5449 statuamus,
1302 5350 1502 5531 ³⁸35&
1518 5380 1638 5429 veram
1655 5371 1687 5429 et
1702 5372 1907 5452 perpetuam
1921 5352 2043 5434 Eran-
