<?xml version="1.0" encoding="UTF-8"?>
<!DOCTYPE html PUBLIC "-//W3C//DTD XHTML 1.0 Transitional//EN"
    "http://www.w3.org/TR/xhtml1/DTD/xhtml1-transitional.dtd">
<html xmlns="http://www.w3.org/1999/xhtml" xml:lang="en" lang="en">
 <head>
  <title>
</title>
<meta http-equiv="Content-Type" content="text/html;charset=utf-8" />
  <meta name='ocr-system' content='tesseract 3.04.00' />
  <meta name='ocr-capabilities' content='ocr_page ocr_carea ocr_par ocr_line ocrx_word'/>
</head>
<body>
  <div class='ocr_page' id='page_1' title='image "./corpusreformato01melagoog/corpusreformato01melagoog_0091.png"; bbox 0 0 4522 5782; ppageno 0'>
   <div class='ocr_carea' id='block_1_1' title="bbox 91 172 2217 291">
    <p class='ocr_par' dir='ltr' id='par_1_1' title="bbox 91 172 2217 291">
     <span class='ocr_line' id='line_1_1' title="bbox 91 172 2217 291; baseline -0.031 0"><span class='ocrx_word' id='word_1_1' title='bbox 91 284 94 291; x_wconf 84' lang='lat'><strong>.</strong></span> <span class='ocrx_word' id='word_1_2' title='bbox 182 207 255 289; x_wconf 79' lang='lat' dir='ltr'><strong>sss</strong></span> <span class='ocrx_word' id='word_1_3' title='bbox 767 186 897 265; x_wconf 79' lang='lat' dir='ltr'><strong>rum</strong></span> <span class='ocrx_word' id='word_1_4' title='bbox 922 177 1604 262; x_wconf 72' lang='lat' dir='ltr'><strong>uuuscnurauxusurrcu</strong></span> <span class='ocrx_word' id='word_1_5' title='bbox 1793 190 1806 221; x_wconf 89' lang='lat'><strong>-·</strong></span> <span class='ocrx_word' id='word_1_6' title='bbox 1936 238 1943 251; x_wconf 81' lang='grc'><em>,</em></span> <span class='ocrx_word' id='word_1_7' title='bbox 2132 172 2217 267; x_wconf 60' lang='lat' dir='ltr'><strong>p„</strong></span> 
     </span>
    </p>
   </div>
   <div class='ocr_carea' id='block_1_2' title="bbox 111 353 2232 3700">
    <p class='ocr_par' dir='ltr' id='par_1_2' title="bbox 111 353 2232 3700">
     <span class='ocr_line' id='line_1_2' title="bbox 181 353 2217 467; baseline -0.016 -16"><span class='ocrx_word' id='word_1_8' title='bbox 181 376 309 451; x_wconf 82' lang='lat' dir='ltr'><strong>snsrndi</strong></span> <span class='ocrx_word' id='word_1_9' title='bbox 341 383 419 464; x_wconf 83' lang='lat' dir='ltr'><strong>post</strong></span> <span class='ocrx_word' id='word_1_10' title='bbox 441 365 538 440; x_wconf 78' lang='lat' dir='ltr'><strong>delae</strong></span> <span class='ocrx_word' id='word_1_11' title='bbox 568 365 726 455; x_wconf 87' lang='lat' dir='ltr'><strong>lapsum,</strong></span> <span class='ocrx_word' id='word_1_12' title='bbox 763 356 957 431; x_wconf 77' lang='lat' dir='ltr'><strong>Ecclesiam</strong></span> <span class='ocrx_word' id='word_1_13' title='bbox 987 377 1168 467; x_wconf 17' lang='lat' dir='ltr'><strong>expreguo</strong></span> <span class='ocrx_word' id='word_1_14' title='bbox 1222 357 1376 452; x_wconf 82' lang='lat' dir='ltr'><strong>experiri</strong></span> <span class='ocrx_word' id='word_1_15' title='bbox 1397 354 1496 447; x_wconf 87' lang='lat' dir='ltr'><strong>prius</strong></span> <span class='ocrx_word' id='word_1_16' title='bbox 1518 353 1664 440; x_wconf 86' lang='lat' dir='ltr'><strong>volunt,</strong></span> <span class='ocrx_word' id='word_1_17' title='bbox 1696 366 1731 426; x_wconf 85' lang='lat' dir='ltr'><strong>et</strong></span> <span class='ocrx_word' id='word_1_18' title='bbox 1754 370 1873 446; x_wconf 86' lang='lat' dir='ltr'><strong>postea</strong></span> <span class='ocrx_word' id='word_1_19' title='bbox 1897 355 2069 428; x_wconf 82' lang='lat' dir='ltr'><strong>assentiri.</strong></span> <span class='ocrx_word' id='word_1_20' title='bbox 2127 355 2217 431; x_wconf 66' lang='lat' dir='ltr'><strong>Ides</strong></span> 
     </span>
     <span class='ocr_line' id='line_1_3' title="bbox 185 452 2219 572; baseline -0.013 -23"><span class='ocrx_word' id='word_1_21' title='bbox 185 475 318 572; x_wconf 79' lang='lat' dir='ltr'><strong>peccati</strong></span> <span class='ocrx_word' id='word_1_22' title='bbox 340 489 374 543; x_wconf 89' lang='lat' dir='ltr'><strong>et</strong></span> <span class='ocrx_word' id='word_1_23' title='bbox 397 471 520 540; x_wconf 89' lang='lat' dir='ltr'><strong>mortis</strong></span> <span class='ocrx_word' id='word_1_24' title='bbox 543 470 711 547; x_wconf 77' lang='lat' dir='ltr'><strong>educere,</strong></span> <span class='ocrx_word' id='word_1_25' title='bbox 749 478 782 533; x_wconf 88' lang='lat' dir='ltr'><strong>et</strong></span> <span class='ocrx_word' id='word_1_26' title='bbox 805 466 842 529; x_wconf 87' lang='lat' dir='ltr'><strong>in</strong></span> <span class='ocrx_word' id='word_1_27' title='bbox 867 463 1004 529; x_wconf 88' lang='lat' dir='ltr'><strong>deserto</strong></span> <span class='ocrx_word' id='word_1_28' title='bbox 1030 483 1106 526; x_wconf 91' lang='lat' dir='ltr'><strong>eam</strong></span> <span class='ocrx_word' id='word_1_29' title='bbox 1131 459 1169 527; x_wconf 89' lang='lat' dir='ltr'><strong>iu</strong></span> <span class='ocrx_word' id='word_1_30' title='bbox 1223 472 1370 531; x_wconf 89' lang='lat' dir='ltr'><strong>manent</strong></span> <span class='ocrx_word' id='word_1_31' title='bbox 1391 452 1429 528; x_wconf 82' lang='lat' dir='ltr'><strong>in</strong></span> <span class='ocrx_word' id='word_1_32' title='bbox 1452 456 1629 541; x_wconf 87' lang='lat' dir='ltr'><strong>tenebris,</strong></span> <span class='ocrx_word' id='word_1_33' title='bbox 1655 480 1720 526; x_wconf 84' lang='lat' dir='ltr'><strong>nec</strong></span> <span class='ocrx_word' id='word_1_34' title='bbox 1744 458 1949 547; x_wconf 81' lang='lat' dir='ltr'><strong>intelligunt</strong></span> <span class='ocrx_word' id='word_1_35' title='bbox 1966 456 2219 550; x_wconf 79' lang='lat' dir='ltr'><strong>Evangelium,</strong></span> 
     </span>
     <span class='ocr_line' id='line_1_4' title="bbox 184 557 2219 657; baseline -0.013 -7"><span class='ocrx_word' id='word_1_36' title='bbox 184 581 253 657; x_wconf 80' lang='lat' dir='ltr'><strong>hoc</strong></span> <span class='ocrx_word' id='word_1_37' title='bbox 268 577 403 648; x_wconf 92' lang='lat' dir='ltr'><strong>mundo</strong></span> <span class='ocrx_word' id='word_1_38' title='bbox 417 570 627 642; x_wconf 84' lang='lat' dir='ltr'><strong>mirabiliter</strong></span> <span class='ocrx_word' id='word_1_39' title='bbox 647 578 745 655; x_wconf 86' lang='lat' dir='ltr'><strong>regat</strong></span> <span class='ocrx_word' id='word_1_40' title='bbox 768 577 801 633; x_wconf 89' lang='lat' dir='ltr'><strong>et</strong></span> <span class='ocrx_word' id='word_1_41' title='bbox 823 578 953 644; x_wconf 88' lang='lat' dir='ltr'><strong>servet,</strong></span> <span class='ocrx_word' id='word_1_42' title='bbox 988 560 1052 630; x_wconf 92' lang='lat' dir='ltr'><strong>etsi</strong></span> <span class='ocrx_word' id='word_1_43' title='bbox 1079 560 1171 628; x_wconf 90' lang='lat' dir='ltr'><strong>inte·</strong></span> <span class='ocrx_word' id='word_1_44' title='bbox 1225 586 1289 632; x_wconf 91' lang='lat' dir='ltr'><strong>uec</strong></span> <span class='ocrx_word' id='word_1_45' title='bbox 1306 559 1475 631; x_wconf 87' lang='lat' dir='ltr'><strong>beneficia</strong></span> <span class='ocrx_word' id='word_1_46' title='bbox 1494 557 1571 627; x_wconf 90' lang='lat' dir='ltr'><strong>eius</strong></span> <span class='ocrx_word' id='word_1_47' title='bbox 1595 559 1796 647; x_wconf 88' lang='lat' dir='ltr'><strong>accipiunt,</strong></span> <span class='ocrx_word' id='word_1_48' title='bbox 1821 564 1882 630; x_wconf 91' lang='lat' dir='ltr'><strong>sed</strong></span> <span class='ocrx_word' id='word_1_49' title='bbox 1906 564 2105 643; x_wconf 86' lang='lat' dir='ltr'><strong>credentes,</strong></span> <span class='ocrx_word' id='word_1_50' title='bbox 2133 563 2219 633; x_wconf 79' lang='lat' dir='ltr'><strong>ideo</strong></span> 
     </span>
     <span class='ocr_line' id='line_1_5' title="bbox 184 659 2222 767; baseline -0.011 -14"><span class='ocrx_word' id='word_1_51' title='bbox 184 685 255 754; x_wconf 88' lang='lat' dir='ltr'><strong>rim</strong></span> <span class='ocrx_word' id='word_1_52' title='bbox 270 700 396 767; x_wconf 86' lang='lat' dir='ltr'><strong>magna</strong></span> <span class='ocrx_word' id='word_1_53' title='bbox 412 673 605 744; x_wconf 89' lang='lat' dir='ltr'><strong>multitudo</strong></span> <span class='ocrx_word' id='word_1_54' title='bbox 620 668 756 747; x_wconf 86' lang='lat' dir='ltr'><strong>deficit,</strong></span> <span class='ocrx_word' id='word_1_55' title='bbox 780 679 814 735; x_wconf 91' lang='lat' dir='ltr'><strong>ct</strong></span> <span class='ocrx_word' id='word_1_56' title='bbox 839 665 910 732; x_wconf 90' lang='lat' dir='ltr'><strong>ruit</strong></span> <span class='ocrx_word' id='word_1_57' title='bbox 934 665 971 731; x_wconf 86' lang='lat' dir='ltr'><strong>in</strong></span> <span class='ocrx_word' id='word_1_58' title='bbox 995 676 1171 731; x_wconf 86' lang='lat' dir='ltr'><strong>aeternam</strong></span> <span class='ocrx_word' id='word_1_59' title='bbox 1225 665 1308 756; x_wconf 87' lang='lat' dir='ltr'><strong>quia</strong></span> <span class='ocrx_word' id='word_1_60' title='bbox 1332 663 1401 731; x_wconf 88' lang='lat' dir='ltr'><strong>fide</strong></span> <span class='ocrx_word' id='word_1_61' title='bbox 1424 659 1622 749; x_wconf 85' lang='lat' dir='ltr'><strong>accipiunt,</strong></span> <span class='ocrx_word' id='word_1_62' title='bbox 1654 674 1689 731; x_wconf 88' lang='lat' dir='ltr'><strong>ct</strong></span> <span class='ocrx_word' id='word_1_63' title='bbox 1712 685 1749 730; x_wconf 85' lang='lat' dir='ltr'><strong>se</strong></span> <span class='ocrx_word' id='word_1_64' title='bbox 1771 676 1968 733; x_wconf 74' lang='lat' dir='ltr'><strong>sustentant</strong></span> <span class='ocrx_word' id='word_1_65' title='bbox 1993 688 2078 732; x_wconf 84' lang='lat' dir='ltr'><strong>voce</strong></span> <span class='ocrx_word' id='word_1_66' title='bbox 2104 660 2222 751; x_wconf 72' lang='lat' dir='ltr'><strong>Dss&#39;,</strong></span> 
     </span>
     <span class='ocr_line' id='line_1_6' title="bbox 162 750 2222 864; baseline -0.011 -7"><span class='ocrx_word' id='word_1_67' title='bbox 162 787 276 856; x_wconf 84' lang='lat' dir='ltr'><strong>iram</strong></span> <span class='ocrx_word' id='word_1_68' title='bbox 299 794 335 851; x_wconf 90' lang='lat' dir='ltr'><strong>et</strong></span> <span class='ocrx_word' id='word_1_69' title='bbox 356 791 513 847; x_wconf 88' lang='lat' dir='ltr'><strong>aeternas</strong></span> <span class='ocrx_word' id='word_1_70' title='bbox 537 793 679 864; x_wconf 88' lang='lat' dir='ltr'><strong>poenas.</strong></span> <span class='ocrx_word' id='word_1_71' title='bbox 744 763 837 837; x_wconf 89' lang='lat' dir='ltr'><strong>Cum</strong></span> <span class='ocrx_word' id='word_1_72' title='bbox 874 765 981 852; x_wconf 83' lang='lat' dir='ltr'><strong>igitur</strong></span> <span class='ocrx_word' id='word_1_73' title='bbox 1012 765 1174 831; x_wconf 89' lang='lat' dir='ltr'><strong>videmus</strong></span> <span class='ocrx_word' id='word_1_74' title='bbox 1227 763 1459 858; x_wconf 77' lang='lat' dir='ltr'><strong>experiuntur</strong></span> <span class='ocrx_word' id='word_1_75' title='bbox 1473 761 1684 847; x_wconf 75' lang='lat' dir='ltr'><strong>efficaciam,</strong></span> <span class='ocrx_word' id='word_1_76' title='bbox 1709 777 1744 833; x_wconf 88' lang='lat' dir='ltr'><strong>et</strong></span> <span class='ocrx_word' id='word_1_77' title='bbox 1765 766 1947 838; x_wconf 86' lang='lat' dir='ltr'><strong>donantur</strong></span> <span class='ocrx_word' id='word_1_78' title='bbox 1969 764 2108 858; x_wconf 78' lang='lat' dir='ltr'><strong>Spiritu</strong></span> <span class='ocrx_word' id='word_1_79' title='bbox 2133 750 2222 836; x_wconf 77' lang='lat' dir='ltr'><strong>san·</strong></span> 
     </span>
     <span class='ocr_line' id='line_1_7' title="bbox 186 863 1568 978; baseline -0.03 -23"><span class='ocrx_word' id='word_1_80' title='bbox 186 882 450 978; x_wconf 85' lang='lat' dir='ltr'><strong>potentissimos</strong></span> <span class='ocrx_word' id='word_1_81' title='bbox 465 898 562 964; x_wconf 88' lang='lat' dir='ltr'><strong>reges</strong></span> <span class='ocrx_word' id='word_1_82' title='bbox 584 873 681 940; x_wconf 86' lang='lat' dir='ltr'><strong>orbis</strong></span> <span class='ocrx_word' id='word_1_83' title='bbox 703 883 898 956; x_wconf 88' lang='lat' dir='ltr'><strong>terrarum,</strong></span> <span class='ocrx_word' id='word_1_84' title='bbox 929 878 963 935; x_wconf 91' lang='lat' dir='ltr'><strong>et</strong></span> <span class='ocrx_word' id='word_1_85' title='bbox 987 866 1172 933; x_wconf 84' lang='lat' dir='ltr'><strong>maximam</strong></span> <span class='ocrx_word' id='word_1_86' title='bbox 1228 884 1283 939; x_wconf 64' lang='grc' dir='ltr'><strong>αθ</strong></span> <span class='ocrx_word' id='word_1_87' title='bbox 1312 879 1343 936; x_wconf 71' lang='lat'><strong>01</strong></span> <span class='ocrx_word' id='word_1_88' title='bbox 1368 887 1461 934; x_wconf 66' lang='lat' dir='ltr'><strong>nova</strong></span> <span class='ocrx_word' id='word_1_89' title='bbox 1478 863 1568 931; x_wconf 60' lang='lat' dir='ltr'><strong>luce,</strong></span> 
     </span>
     <span class='ocr_line' id='line_1_8' title="bbox 111 960 2223 1058; baseline -0.017 2"><span class='ocrx_word' id='word_1_90' title='bbox 111 1044 113 1051; x_wconf 85' lang='lat'><strong>.</strong></span> <span class='ocrx_word' id='word_1_91' title='bbox 188 985 376 1058; x_wconf 83' lang='lat' dir='ltr'><strong>hominum</strong></span> <span class='ocrx_word' id='word_1_92' title='bbox 416 975 681 1048; x_wconf 82' lang='lat' dir='ltr'><strong>multitudinem</strong></span> <span class='ocrx_word' id='word_1_93' title='bbox 717 983 943 1040; x_wconf 84' lang='lat' dir='ltr'><strong>corrtemnere</strong></span> <span class='ocrx_word' id='word_1_94' title='bbox 977 968 1174 1035; x_wconf 83' lang='lat' dir='ltr'><strong>doctrinam</strong></span> <span class='ocrx_word' id='word_1_95' title='bbox 1292 965 1478 1056; x_wconf 79' lang='lat' dir='ltr'><strong>&#39;Semper</strong></span> <span class='ocrx_word' id='word_1_96' title='bbox 1506 963 1616 1051; x_wconf 84' lang='lat' dir='ltr'><strong>igitur</strong></span> <span class='ocrx_word' id='word_1_97' title='bbox 1646 963 1752 1032; x_wconf 85' lang='lat' dir='ltr'><strong>nobis</strong></span> <span class='ocrx_word' id='word_1_98' title='bbox 1782 966 1822 1034; x_wconf 94' lang='lat' dir='ltr'><strong>in</strong></span> <span class='ocrx_word' id='word_1_99' title='bbox 1845 960 2070 1039; x_wconf 84' lang='lat' dir='ltr'><strong>invocatione</strong></span> <span class='ocrx_word' id='word_1_100' title='bbox 2095 980 2223 1039; x_wconf 68' lang='lat' dir='ltr'><strong>nosen</strong></span> 
     </span>
     <span class='ocr_line' id='line_1_9' title="bbox 189 1060 2226 1182; baseline -0.015 -24"><span class='ocrx_word' id='word_1_101' title='bbox 189 1113 253 1182; x_wconf 93' lang='lat' dir='ltr'><strong>per</strong></span> <span class='ocrx_word' id='word_1_102' title='bbox 271 1078 466 1174; x_wconf 84' lang='lat' dir='ltr'><strong>Prophetas</strong></span> <span class='ocrx_word' id='word_1_103' title='bbox 484 1095 516 1148; x_wconf 92' lang='lat' dir='ltr'><strong>et</strong></span> <span class='ocrx_word' id='word_1_104' title='bbox 533 1074 723 1167; x_wconf 79' lang='lat' dir='ltr'><strong>Apostolos</strong></span> <span class='ocrx_word' id='word_1_105' title='bbox 742 1072 920 1151; x_wconf 89' lang='lat' dir='ltr'><strong>traditam,</strong></span> <span class='ocrx_word' id='word_1_106' title='bbox 946 1081 980 1136; x_wconf 88' lang='lat' dir='ltr'><strong>et</strong></span> <span class='ocrx_word' id='word_1_107' title='bbox 997 1068 1174 1157; x_wconf 79' lang='lat' dir='ltr'><strong>erigiuum</strong></span> <span class='ocrx_word' id='word_1_108' title='bbox 1229 1071 1274 1141; x_wconf 78' lang='lat' dir='ltr'><strong>sit</strong></span> <span class='ocrx_word' id='word_1_109' title='bbox 1298 1069 1335 1137; x_wconf 85' lang='lat' dir='ltr'><strong>in</strong></span> <span class='ocrx_word' id='word_1_110' title='bbox 1359 1079 1551 1156; x_wconf 85' lang='lat' dir='ltr'><strong>conspectu</strong></span> <span class='ocrx_word' id='word_1_111' title='bbox 1575 1060 1660 1135; x_wconf 79' lang='lat' dir='ltr'><strong>baec</strong></span> <span class='ocrx_word' id='word_1_112' title='bbox 1683 1067 1857 1136; x_wconf 87' lang='lat' dir='ltr'><strong>sententia</strong></span> <span class='ocrx_word' id='word_1_113' title='bbox 1880 1064 2026 1142; x_wconf 85' lang='lat' dir='ltr'><strong>Christi.</strong></span> <span class='ocrx_word' id='word_1_114' title='bbox 2075 1068 2226 1139; x_wconf 64' lang='lat' dir='ltr'><strong>Narnia</strong></span> 
     </span>
     <span class='ocr_line' id='line_1_10' title="bbox 190 1162 2229 1271; baseline -0.011 -12"><span class='ocrx_word' id='word_1_115' title='bbox 190 1204 329 1259; x_wconf 89' lang='lat' dir='ltr'><strong>coetum</strong></span> <span class='ocrx_word' id='word_1_116' title='bbox 353 1207 426 1252; x_wconf 90' lang='lat' dir='ltr'><strong>esse</strong></span> <span class='ocrx_word' id='word_1_117' title='bbox 450 1177 690 1271; x_wconf 83' lang='lat' dir='ltr'><strong>profitentium</strong></span> <span class='ocrx_word' id='word_1_118' title='bbox 720 1197 796 1241; x_wconf 87' lang='lat' dir='ltr'><strong>eam</strong></span> <span class='ocrx_word' id='word_1_119' title='bbox 822 1169 1178 1251; x_wconf 82' lang='lat' dir='ltr'><strong>doctrinam,·orba-</strong></span> <span class='ocrx_word' id='word_1_120' title='bbox 1230 1172 1398 1243; x_wconf 82' lang='lat' dir='ltr'><strong>omnihus</strong></span> <span class='ocrx_word' id='word_1_121' title='bbox 1433 1162 1642 1237; x_wconf 83' lang='lat' dir='ltr'><strong>homiuibus</strong></span> <span class='ocrx_word' id='word_1_122' title='bbox 1677 1167 1768 1237; x_wconf 86' lang='lat' dir='ltr'><strong>ratio</strong></span> <span class='ocrx_word' id='word_1_123' title='bbox 1809 1164 1966 1239; x_wconf 90' lang='lat' dir='ltr'><strong>humana</strong></span> <span class='ocrx_word' id='word_1_124' title='bbox 2011 1164 2229 1250; x_wconf 65' lang='lat' dir='ltr'><strong>naturaliter</strong></span> 
     </span>
     <span class='ocr_line' id='line_1_11' title="bbox 190 1267 2227 1380; baseline -0.034 -18"><span class='ocrx_word' id='word_1_125' title='bbox 190 1307 267 1362; x_wconf 86' lang='lat' dir='ltr'><strong>tum</strong></span> <span class='ocrx_word' id='word_1_126' title='bbox 289 1283 492 1380; x_wconf 83' lang='lat' dir='ltr'><strong>praesidiis,</strong></span> <span class='ocrx_word' id='word_1_127' title='bbox 518 1294 552 1349; x_wconf 90' lang='lat' dir='ltr'><strong>et</strong></span> <span class='ocrx_word' id='word_1_128' title='bbox 575 1276 832 1346; x_wconf 80' lang='lat' dir='ltr'><strong>conflictantem</strong></span> <span class='ocrx_word' id='word_1_129' title='bbox 857 1271 964 1339; x_wconf 89' lang='lat' dir='ltr'><strong>variis</strong></span> <span class='ocrx_word' id='word_1_130' title='bbox 988 1269 1180 1353; x_wconf 87' lang='lat' dir='ltr'><strong>aerumnis,</strong></span> <span class='ocrx_word' id='word_1_131' title='bbox 1231 1269 1830 1368; x_wconf 43' lang='lat' dir='ltr'><strong>quaeritprimumupprpemiam·</strong></span> <span class='ocrx_word' id='word_1_132' title='bbox 1891 1267 2028 1341; x_wconf 68' lang='lat' dir='ltr'><strong>omnes</strong></span> <span class='ocrx_word' id='word_1_133' title='bbox 2051 1273 2100 1343; x_wconf 60' lang='lat' dir='ltr'><strong>sic</strong></span> <span class='ocrx_word' id='word_1_134' title='bbox 2124 1271 2227 1363; x_wconf 56' lang='lat' dir='ltr'><strong>cogi·</strong></span> 
     </span>
     <span class='ocr_line' id='line_1_12' title="bbox 191 1368 2232 1475; baseline -0.024 7"><span class='ocrx_word' id='word_1_135' title='bbox 191 1394 291 1465; x_wconf 62' lang='lat' dir='ltr'><strong>illam</strong></span> <span class='ocrx_word' id='word_1_136' title='bbox 313 1387 501 1475; x_wconf 55' lang='lat' dir='ltr'><strong>imaginem</strong></span> <span class='ocrx_word' id='word_1_137' title='bbox 525 1378 702 1451; x_wconf 57' lang='lat' dir='ltr'><strong>Efflfflae</strong></span> <span class='ocrx_word' id='word_1_138' title='bbox 732 1376 769 1445; x_wconf 61' lang='lat'><strong>5¹¹</strong></span> <span class='ocrx_word' id='word_1_139' title='bbox 793 1377 941 1465; x_wconf 66' lang='lat' dir='ltr'><strong>deSfflO,</strong></span> <span class='ocrx_word' id='word_1_140' title='bbox 964 1372 1179 1452; x_wconf 59' lang='lat' dir='ltr'><strong>issiueflmm&#39;s</strong></span> <span class='ocrx_word' id='word_1_141' title='bbox 1232 1385 1346 1447; x_wconf 82' lang='lat' dir='ltr'><strong>tamus</strong></span> <span class='ocrx_word' id='word_1_142' title='bbox 1363 1373 1532 1455; x_wconf 82' lang='lat' dir='ltr'><strong>libenter,</strong></span> <span class='ocrx_word' id='word_1_143' title='bbox 1557 1393 1624 1439; x_wconf 90' lang='lat' dir='ltr'><strong>nos</strong></span> <span class='ocrx_word' id='word_1_144' title='bbox 1638 1368 1753 1440; x_wconf 89' lang='lat' dir='ltr'><strong>Deum</strong></span> <span class='ocrx_word' id='word_1_145' title='bbox 1772 1373 1996 1443; x_wconf 84' lang='lat' dir='ltr'><strong>invocaturos</strong></span> <span class='ocrx_word' id='word_1_146' title='bbox 2012 1397 2097 1457; x_wconf 86' lang='lat' dir='ltr'><strong>esse,</strong></span> <span class='ocrx_word' id='word_1_147' title='bbox 2121 1375 2152 1442; x_wconf 91' lang='lat' dir='ltr'><strong>si</strong></span> <span class='ocrx_word' id='word_1_148' title='bbox 2167 1374 2232 1443; x_wconf 75' lang='lat' dir='ltr'><strong>vi.</strong></span> 
     </span>
     <span class='ocr_line' id='line_1_13' title="bbox 193 1468 2229 1565; baseline -0.011 -1"><span class='ocrx_word' id='word_1_149' title='bbox 193 1509 317 1565; x_wconf 89' lang='lat' dir='ltr'><strong>elnon</strong></span> <span class='ocrx_word' id='word_1_150' title='bbox 334 1488 535 1559; x_wconf 86' lang='lat' dir='ltr'><strong>deficiamus</strong></span> <span class='ocrx_word' id='word_1_151' title='bbox 552 1507 570 1549; x_wconf 89' lang='lat' dir='ltr'><strong>a</strong></span> <span class='ocrx_word' id='word_1_152' title='bbox 588 1478 683 1564; x_wconf 90' lang='lat' dir='ltr'><strong>Deo,</strong></span> <span class='ocrx_word' id='word_1_153' title='bbox 709 1480 767 1546; x_wconf 90' lang='lat' dir='ltr'><strong>sed</strong></span> <span class='ocrx_word' id='word_1_154' title='bbox 788 1477 937 1545; x_wconf 86' lang='lat' dir='ltr'><strong>sciamus</strong></span> <span class='ocrx_word' id='word_1_155' title='bbox 960 1474 1043 1542; x_wconf 73' lang='lat' dir='ltr'><strong>(larci</strong></span> <span class='ocrx_word' id='word_1_156' title='bbox 1059 1468 1181 1540; x_wconf 73' lang='lat' dir='ltr'><strong>Eccle—</strong></span> <span class='ocrx_word' id='word_1_157' title='bbox 1233 1480 1396 1546; x_wconf 75' lang='lat' dir='ltr'><strong>daremus</strong></span> <span class='ocrx_word' id='word_1_158' title='bbox 1413 1473 1518 1541; x_wconf 92' lang='lat' dir='ltr'><strong>nobis</strong></span> <span class='ocrx_word' id='word_1_159' title='bbox 1536 1473 1699 1562; x_wconf 78' lang='lat' dir='ltr'><strong>prodesse</strong></span> <span class='ocrx_word' id='word_1_160' title='bbox 1714 1473 1985 1549; x_wconf 78' lang='lat' dir='ltr'><strong>invocationem.</strong></span> <span class='ocrx_word' id='word_1_161' title='bbox 2037 1474 2105 1545; x_wconf 88' lang='lat' dir='ltr'><strong>Sed</strong></span> <span class='ocrx_word' id='word_1_162' title='bbox 2125 1473 2229 1563; x_wconf 62' lang='lat' dir='ltr'><strong>Deus</strong></span> 
     </span>
     <span class='ocr_line' id='line_1_14' title="bbox 193 1575 2226 1682; baseline -0.016 -18"><span class='ocrx_word' id='word_1_163' title='bbox 193 1598 280 1664; x_wconf 87' lang='lat' dir='ltr'><strong>siam</strong></span> <span class='ocrx_word' id='word_1_164' title='bbox 296 1614 391 1661; x_wconf 89' lang='lat' dir='ltr'><strong>nunc</strong></span> <span class='ocrx_word' id='word_1_165' title='bbox 406 1608 549 1682; x_wconf 87' lang='lat' dir='ltr'><strong>quoque</strong></span> <span class='ocrx_word' id='word_1_166' title='bbox 572 1606 634 1673; x_wconf 90' lang='lat' dir='ltr'><strong>per</strong></span> <span class='ocrx_word' id='word_1_167' title='bbox 650 1585 847 1661; x_wconf 87' lang='lat' dir='ltr'><strong>desertum,</strong></span> <span class='ocrx_word' id='word_1_168' title='bbox 879 1589 911 1644; x_wconf 91' lang='lat' dir='ltr'><strong>el</strong></span> <span class='ocrx_word' id='word_1_169' title='bbox 935 1577 1002 1664; x_wconf 85' lang='lat' dir='ltr'><strong>tegi</strong></span> <span class='ocrx_word' id='word_1_170' title='bbox 1029 1575 1125 1642; x_wconf 88' lang='lat' dir='ltr'><strong>nube</strong></span> <span class='ocrx_word' id='word_1_171' title='bbox 1148 1586 1181 1641; x_wconf 89' lang='lat' dir='ltr'><strong>et</strong></span> <span class='ocrx_word' id='word_1_172' title='bbox 1234 1578 1310 1647; x_wconf 91' lang='lat' dir='ltr'><strong>vult</strong></span> <span class='ocrx_word' id='word_1_173' title='bbox 1325 1591 1391 1645; x_wconf 76' lang='lat' dir='ltr'><strong>no&#39;s</strong></span> <span class='ocrx_word' id='word_1_174' title='bbox 1405 1575 1503 1665; x_wconf 90' lang='lat' dir='ltr'><strong>prius</strong></span> <span class='ocrx_word' id='word_1_175' title='bbox 1526 1577 1668 1643; x_wconf 89' lang='lat' dir='ltr'><strong>credere</strong></span> <span class='ocrx_word' id='word_1_176' title='bbox 1686 1576 1905 1666; x_wconf 87' lang='lat' dir='ltr'><strong>profuturam</strong></span> <span class='ocrx_word' id='word_1_177' title='bbox 1929 1601 2002 1646; x_wconf 86' lang='lat' dir='ltr'><strong>esse</strong></span> <span class='ocrx_word' id='word_1_178' title='bbox 2025 1578 2226 1647; x_wconf 66' lang='lat' dir='ltr'><strong>invocatio.</strong></span> 
     </span>
     <span class='ocr_line' id='line_1_15' title="bbox 192 1671 2226 1770; baseline -0.017 -4"><span class='ocrx_word' id='word_1_179' title='bbox 192 1695 346 1766; x_wconf 85' lang='lat' dir='ltr'><strong>flammis</strong></span> <span class='ocrx_word' id='word_1_180' title='bbox 371 1689 598 1766; x_wconf 89' lang='lat' dir='ltr'><strong>coelestibus,</strong></span> <span class='ocrx_word' id='word_1_181' title='bbox 638 1696 672 1752; x_wconf 96' lang='lat' dir='ltr'><strong>et</strong></span> <span class='ocrx_word' id='word_1_182' title='bbox 698 1683 817 1749; x_wconf 85' lang='lat' dir='ltr'><strong>adesse</strong></span> <span class='ocrx_word' id='word_1_183' title='bbox 843 1680 967 1747; x_wconf 87' lang='lat' dir='ltr'><strong>ducem</strong></span> <span class='ocrx_word' id='word_1_184' title='bbox 989 1671 1183 1756; x_wconf 84' lang='lat' dir='ltr'><strong>Christum,</strong></span> <span class='ocrx_word' id='word_1_185' title='bbox 1235 1704 1337 1761; x_wconf 82' lang='lat' dir='ltr'><strong>nem,</strong></span> <span class='ocrx_word' id='word_1_186' title='bbox 1372 1690 1489 1768; x_wconf 87' lang='lat' dir='ltr'><strong>postea</strong></span> <span class='ocrx_word' id='word_1_187' title='bbox 1511 1699 1694 1745; x_wconf 88' lang='lat' dir='ltr'><strong>cernemus</strong></span> <span class='ocrx_word' id='word_1_188' title='bbox 1718 1677 1918 1747; x_wconf 87' lang='lat' dir='ltr'><strong>efficaciam.</strong></span> <span class='ocrx_word' id='word_1_189' title='bbox 1978 1678 2015 1749; x_wconf 90' lang='lat' dir='ltr'><strong>Si</strong></span> <span class='ocrx_word' id='word_1_190' title='bbox 2040 1681 2119 1770; x_wconf 66' lang='lat' dir='ltr'><strong>quis</strong></span> <span class='ocrx_word' id='word_1_191' title='bbox 2144 1678 2226 1749; x_wconf 66' lang='lat' dir='ltr'><strong>vult</strong></span> 
     </span>
     <span class='ocr_line' id='line_1_16' title="bbox 195 1776 2227 1885; baseline -0.011 -18"><span class='ocrx_word' id='word_1_192' title='bbox 195 1800 286 1868; x_wconf 91' lang='lat' dir='ltr'><strong>sicut</strong></span> <span class='ocrx_word' id='word_1_193' title='bbox 308 1794 379 1862; x_wconf 89' lang='lat' dir='ltr'><strong>illis</strong></span> <span class='ocrx_word' id='word_1_194' title='bbox 397 1790 521 1860; x_wconf 89' lang='lat' dir='ltr'><strong>adfuit.</strong></span> <span class='ocrx_word' id='word_1_195' title='bbox 572 1785 723 1885; x_wconf 69' lang='lat' dir='ltr'><strong>Prorsus</strong></span> <span class='ocrx_word' id='word_1_196' title='bbox 746 1785 867 1851; x_wconf 87' lang='lat' dir='ltr'><strong>eadem</strong></span> <span class='ocrx_word' id='word_1_197' title='bbox 895 1801 950 1848; x_wconf 89' lang='lat' dir='ltr'><strong>res</strong></span> <span class='ocrx_word' id='word_1_198' title='bbox 973 1777 1124 1868; x_wconf 82' lang='lat' dir='ltr'><strong>geritur,</strong></span> <span class='ocrx_word' id='word_1_199' title='bbox 1150 1787 1185 1842; x_wconf 90' lang='lat' dir='ltr'><strong>et</strong></span> <span class='ocrx_word' id='word_1_200' title='bbox 1236 1784 1453 1851; x_wconf 82' lang='lat' dir='ltr'><strong>voluntatem</strong></span> <span class='ocrx_word' id='word_1_201' title='bbox 1474 1776 1548 1845; x_wconf 89' lang='lat' dir='ltr'><strong>eius</strong></span> <span class='ocrx_word' id='word_1_202' title='bbox 1566 1779 1700 1861; x_wconf 84' lang='lat' dir='ltr'><strong>facere,</strong></span> <span class='ocrx_word' id='word_1_203' title='bbox 1737 1779 1868 1861; x_wconf 88' lang='lat' dir='ltr'><strong>idest,</strong></span> <span class='ocrx_word' id='word_1_204' title='bbox 1897 1776 2227 1865; x_wconf 76' lang='lat' dir='ltr'><strong>lideacciperehoe</strong></span> 
     </span>
     <span class='ocr_line' id='line_1_17' title="bbox 194 1875 2227 1991; baseline -0.009 -23"><span class='ocrx_word' id='word_1_205' title='bbox 194 1910 335 1991; x_wconf 79' lang='lat' dir='ltr'><strong>geretur</strong></span> <span class='ocrx_word' id='word_1_206' title='bbox 359 1917 472 1985; x_wconf 93' lang='lat' dir='ltr'><strong>usque</strong></span> <span class='ocrx_word' id='word_1_207' title='bbox 496 1890 539 1959; x_wconf 90' lang='lat' dir='ltr'><strong>ad</strong></span> <span class='ocrx_word' id='word_1_208' title='bbox 562 1887 667 1955; x_wconf 88' lang='lat' dir='ltr'><strong>finem</strong></span> <span class='ocrx_word' id='word_1_209' title='bbox 691 1883 837 1964; x_wconf 91' lang='lat' dir='ltr'><strong>mundi,</strong></span> <span class='ocrx_word' id='word_1_210' title='bbox 879 1905 958 1950; x_wconf 90' lang='lat' dir='ltr'><strong>cum</strong></span> <span class='ocrx_word' id='word_1_211' title='bbox 984 1881 1022 1948; x_wconf 95' lang='lat' dir='ltr'><strong>in</strong></span> <span class='ocrx_word' id='word_1_212' title='bbox 1044 1891 1183 1947; x_wconf 89' lang='lat' dir='ltr'><strong>aeterna</strong></span> <span class='ocrx_word' id='word_1_213' title='bbox 1238 1885 1384 1952; x_wconf 78' lang='lat' dir='ltr'><strong>verlmm</strong></span> <span class='ocrx_word' id='word_1_214' title='bbox 1400 1880 1496 1972; x_wconf 90' lang='lat' dir='ltr'><strong>quod</strong></span> <span class='ocrx_word' id='word_1_215' title='bbox 1520 1902 1699 1968; x_wconf 87' lang='lat' dir='ltr'><strong>propono,</strong></span> <span class='ocrx_word' id='word_1_216' title='bbox 1732 1875 1791 1967; x_wconf 84' lang='lat' dir='ltr'><strong>hjc</strong></span> <span class='ocrx_word' id='word_1_217' title='bbox 1812 1895 1933 1970; x_wconf 87' lang='lat' dir='ltr'><strong>postea</strong></span> <span class='ocrx_word' id='word_1_218' title='bbox 1956 1884 2155 1973; x_wconf 80' lang='lat' dir='ltr'><strong>experietur</strong></span> <span class='ocrx_word' id='word_1_219' title='bbox 2171 1882 2227 1950; x_wconf 92' lang='lat' dir='ltr'><strong>ef·</strong></span> 
     </span>
     <span class='ocr_line' id='line_1_18' title="bbox 195 1981 2229 2073; baseline -0.009 -2"><span class='ocrx_word' id='word_1_220' title='bbox 195 1998 424 2071; x_wconf 77' lang='lat' dir='ltr'><strong>tabernacula</strong></span> <span class='ocrx_word' id='word_1_221' title='bbox 453 2008 487 2063; x_wconf 89' lang='lat' dir='ltr'><strong>et</strong></span> <span class='ocrx_word' id='word_1_222' title='bbox 515 1987 808 2061; x_wconf 87' lang='lat' dir='ltr'><strong>consuetudinem</strong></span> <span class='ocrx_word' id='word_1_223' title='bbox 835 1982 907 2073; x_wconf 88' lang='lat' dir='ltr'><strong>Dei</strong></span> <span class='ocrx_word' id='word_1_224' title='bbox 938 1981 1183 2051; x_wconf 84' lang='lat' dir='ltr'><strong>introducetur</strong></span> <span class='ocrx_word' id='word_1_225' title='bbox 1237 1983 1410 2065; x_wconf 83' lang='lat' dir='ltr'><strong>ficaciam,</strong></span> <span class='ocrx_word' id='word_1_226' title='bbox 1447 1981 1573 2051; x_wconf 86' lang='lat' dir='ltr'><strong>sentiet</strong></span> <span class='ocrx_word' id='word_1_227' title='bbox 1595 2005 1714 2050; x_wconf 89' lang='lat' dir='ltr'><strong>revera</strong></span> <span class='ocrx_word' id='word_1_228' title='bbox 1737 2005 1776 2050; x_wconf 79' lang='lat' dir='ltr'><strong>es</strong></span> <span class='ocrx_word' id='word_1_229' title='bbox 1801 1982 1882 2052; x_wconf 92' lang='lat' dir='ltr'><strong>Deo</strong></span> <span class='ocrx_word' id='word_1_230' title='bbox 1907 2005 1990 2054; x_wconf 86' lang='lat' dir='ltr'><strong>esse.</strong></span> <span class='ocrx_word' id='word_1_231' title='bbox 2056 1981 2158 2054; x_wconf 85' lang='lat' dir='ltr'><strong>Sicut</strong></span> <span class='ocrx_word' id='word_1_232' title='bbox 2189 1994 2229 2063; x_wconf 81' lang='lat' dir='ltr'><strong>et</strong></span> 
     </span>
     <span class='ocr_line' id='line_1_19' title="bbox 196 2079 2228 2177; baseline -0.019 13"><span class='ocrx_word' id='word_1_233' title='bbox 196 2100 364 2177; x_wconf 59' lang='lat' dir='ltr'><strong>Essllflilfi·</strong></span> <span class='ocrx_word' id='word_1_234' title='bbox 1238 2087 1323 2154; x_wconf 90' lang='lat' dir='ltr'><strong>alibi</strong></span> <span class='ocrx_word' id='word_1_235' title='bbox 1340 2082 1471 2153; x_wconf 90' lang='lat' dir='ltr'><strong>Paulus</strong></span> <span class='ocrx_word' id='word_1_236' title='bbox 1496 2083 1629 2175; x_wconf 89' lang='lat' dir='ltr'><strong>inquit:</strong></span> <span class='ocrx_word' id='word_1_237' title='bbox 1662 2079 1854 2174; x_wconf 79' lang='lat' dir='ltr'><strong>decepistis</strong></span> <span class='ocrx_word' id='word_1_238' title='bbox 1878 2084 2042 2172; x_wconf 82' lang='lat' dir='ltr'><strong>spiritum</strong></span> <span class='ocrx_word' id='word_1_239' title='bbox 2059 2084 2228 2175; x_wconf 43' lang='lat' dir='ltr'><strong>adoptio?</strong></span> 
     </span>
     <span class='ocr_line' id='line_1_20' title="bbox 1127 2183 2227 2277; baseline -0.009 -18"><span class='ocrx_word' id='word_1_240' title='bbox 1127 2254 1134 2267; x_wconf 72' lang='grc'><strong>.,</strong></span> <span class='ocrx_word' id='word_1_241' title='bbox 1240 2189 1294 2255; x_wconf 92' lang='lat' dir='ltr'><strong>nis</strong></span> <span class='ocrx_word' id='word_1_242' title='bbox 1324 2185 1501 2269; x_wconf 85' lang='lat' dir='ltr'><strong>filiorum,</strong></span> <span class='ocrx_word' id='word_1_243' title='bbox 1544 2209 1616 2277; x_wconf 90' lang='lat' dir='ltr'><strong>quo</strong></span> <span class='ocrx_word' id='word_1_244' title='bbox 1641 2185 1832 2255; x_wconf 87' lang='lat' dir='ltr'><strong>clamamus</strong></span> <span class='ocrx_word' id='word_1_245' title='bbox 1856 2183 1959 2256; x_wconf 85' lang='lat' dir='ltr'><strong>Abba</strong></span> <span class='ocrx_word' id='word_1_246' title='bbox 1980 2201 2091 2276; x_wconf 87' lang='lat' dir='ltr'><strong>pater.</strong></span> <span class='ocrx_word' id='word_1_247' title='bbox 2145 2184 2227 2276; x_wconf 72' lang='lat' dir='ltr'><strong>lpse</strong></span> 
     </span>
     <span class='ocr_line' id='line_1_21' title="bbox 1238 2286 2229 2379; baseline -0.005 -21"><span class='ocrx_word' id='word_1_248' title='bbox 1238 2289 1382 2379; x_wconf 89' lang='lat' dir='ltr'><strong>spiritus</strong></span> <span class='ocrx_word' id='word_1_249' title='bbox 1407 2286 1613 2357; x_wconf 85' lang='lat' dir='ltr'><strong>testificatur</strong></span> <span class='ocrx_word' id='word_1_250' title='bbox 1644 2287 1783 2375; x_wconf 89' lang='lat' dir='ltr'><strong>spiritui</strong></span> <span class='ocrx_word' id='word_1_251' title='bbox 1817 2302 1958 2366; x_wconf 89' lang='lat' dir='ltr'><strong>nostro,</strong></span> <span class='ocrx_word' id='word_1_252' title='bbox 1993 2290 2088 2379; x_wconf 88' lang='lat' dir='ltr'><strong>quod</strong></span> <span class='ocrx_word' id='word_1_253' title='bbox 2115 2287 2229 2361; x_wconf 80' lang='lat' dir='ltr'><strong>simus</strong></span> 
     </span>
     <span class='ocr_line' id='line_1_22' title="bbox 302 2381 2227 2488; baseline -0.022 9"><span class='ocrx_word' id='word_1_254' title='bbox 302 2399 450 2471; x_wconf 52' lang='lat' dir='ltr'><strong>&#39;nillum</strong></span> <span class='ocrx_word' id='word_1_255' title='bbox 481 2396 608 2488; x_wconf 59' lang='grc' dir='ltr'><strong>εθΡῗῙῙ*</strong></span> <span class='ocrx_word' id='word_1_256' title='bbox 634 2395 757 2464; x_wconf 62' lang='lat' dir='ltr'><strong>‘0⁶5²‘st</strong></span> <span class='ocrx_word' id='word_1_257' title='bbox 787 2389 943 2481; x_wconf 61' lang='grc' dir='ltr'>ΡθῐῖωῙᾶ</span> <span class='ocrx_word' id='word_1_258' title='bbox 966 2381 1121 2468; x_wconf 54' lang='lat' dir='ltr'><strong>Christis</strong></span> <span class='ocrx_word' id='word_1_259' title='bbox 1153 2393 1187 2452; x_wconf 68' lang='lat'><strong>²2</strong></span> <span class='ocrx_word' id='word_1_260' title='bbox 1239 2391 1305 2460; x_wconf 83' lang='lat' dir='ltr'><strong>filii</strong></span> <span class='ocrx_word' id='word_1_261' title='bbox 1327 2386 1406 2460; x_wconf 87' lang='lat' dir='ltr'><strong>Dei.</strong></span> <span class='ocrx_word' id='word_1_262' title='bbox 1471 2384 1592 2480; x_wconf 91' lang='lat' dir='ltr'><strong>ltaque</strong></span> <span class='ocrx_word' id='word_1_263' title='bbox 1624 2393 1804 2459; x_wconf 88' lang='lat' dir='ltr'><strong>credentes</strong></span> <span class='ocrx_word' id='word_1_264' title='bbox 1836 2389 2039 2476; x_wconf 85' lang='lat' dir='ltr'><strong>intelligunt</strong></span> <span class='ocrx_word' id='word_1_265' title='bbox 2061 2385 2227 2479; x_wconf 67' lang='lat' dir='ltr'><strong>Evange-¹</strong></span> 
     </span>
     <span class='ocr_line' id='line_1_23' title="bbox 199 2485 2231 2577; baseline -0.01 -1"><span class='ocrx_word' id='word_1_266' title='bbox 199 2517 322 2576; x_wconf 90' lang='lat' dir='ltr'><strong>narrat</strong></span> <span class='ocrx_word' id='word_1_267' title='bbox 341 2526 421 2570; x_wconf 76' lang='lat' dir='ltr'><strong>etim</strong></span> <span class='ocrx_word' id='word_1_268' title='bbox 444 2511 659 2569; x_wconf 90' lang='lat' dir='ltr'><strong>contemtum</strong></span> <span class='ocrx_word' id='word_1_269' title='bbox 675 2509 709 2564; x_wconf 86' lang='lat' dir='ltr'><strong>et</strong></span> <span class='ocrx_word' id='word_1_270' title='bbox 726 2494 881 2563; x_wconf 88' lang='lat' dir='ltr'><strong>derisum</strong></span> <span class='ocrx_word' id='word_1_271' title='bbox 907 2511 981 2557; x_wconf 85' lang='lat' dir='ltr'><strong>esse</strong></span> <span class='ocrx_word' id='word_1_272' title='bbox 1002 2485 1111 2556; x_wconf 88' lang='lat' dir='ltr'><strong>asuis</strong></span> <span class='ocrx_word' id='word_1_273' title='bbox 1127 2508 1187 2554; x_wconf 90' lang='lat' dir='ltr'><strong>co·</strong></span> <span class='ocrx_word' id='word_1_274' title='bbox 1238 2492 1346 2572; x_wconf 88' lang='lat' dir='ltr'><strong>lium,</strong></span> <span class='ocrx_word' id='word_1_275' title='bbox 1381 2503 1415 2558; x_wconf 88' lang='lat' dir='ltr'><strong>et</strong></span> <span class='ocrx_word' id='word_1_276' title='bbox 1437 2512 1528 2557; x_wconf 86' lang='lat' dir='ltr'><strong>nova</strong></span> <span class='ocrx_word' id='word_1_277' title='bbox 1552 2489 1629 2558; x_wconf 91' lang='lat' dir='ltr'><strong>lucc</strong></span> <span class='ocrx_word' id='word_1_278' title='bbox 1655 2491 1855 2571; x_wconf 89' lang='lat' dir='ltr'><strong>donantur,</strong></span> <span class='ocrx_word' id='word_1_279' title='bbox 1889 2505 1930 2562; x_wconf 93' lang='lat' dir='ltr'><strong>ut</strong></span> <span class='ocrx_word' id='word_1_280' title='bbox 1955 2496 1993 2564; x_wconf 74' lang='lat'><strong>2.</strong></span> <span class='ocrx_word' id='word_1_281' title='bbox 2007 2486 2173 2564; x_wconf 87' lang='lat' dir='ltr'><strong>Corinth.</strong></span> <span class='ocrx_word' id='word_1_282' title='bbox 2190 2490 2231 2577; x_wconf 73' lang='lat'><strong>3,</strong></span> 
     </span>
     <span class='ocr_line' id='line_1_24' title="bbox 200 2588 2230 2697; baseline -0.011 -20"><span class='ocrx_word' id='word_1_283' title='bbox 200 2606 326 2697; x_wconf 82' lang='lat' dir='ltr'><strong>gostis.</strong></span> <span class='ocrx_word' id='word_1_284' title='bbox 378 2600 597 2690; x_wconf 88' lang='lat' dir='ltr'><strong>Proponitur</strong></span> <span class='ocrx_word' id='word_1_285' title='bbox 614 2620 696 2684; x_wconf 87' lang='lat' dir='ltr'><strong>ergo</strong></span> <span class='ocrx_word' id='word_1_286' title='bbox 712 2595 825 2683; x_wconf 87' lang='lat' dir='ltr'><strong>imago</strong></span> <span class='ocrx_word' id='word_1_287' title='bbox 843 2588 1035 2674; x_wconf 80' lang='lat' dir='ltr'><strong>Ecclesiae,</strong></span> <span class='ocrx_word' id='word_1_288' title='bbox 1059 2601 1094 2657; x_wconf 90' lang='lat' dir='ltr'><strong>et</strong></span> <span class='ocrx_word' id='word_1_289' title='bbox 1107 2610 1185 2656; x_wconf 90' lang='lat' dir='ltr'><strong>mo·</strong></span> <span class='ocrx_word' id='word_1_290' title='bbox 1239 2593 1387 2662; x_wconf 86' lang='lat' dir='ltr'><strong>dicitur:</strong></span> <span class='ocrx_word' id='word_1_291' title='bbox 1412 2588 1503 2659; x_wconf 88' lang='lat' dir='ltr'><strong>Cum</strong></span> <span class='ocrx_word' id='word_1_292' title='bbox 1519 2613 1708 2661; x_wconf 87' lang='lat' dir='ltr'><strong>conversus</strong></span> <span class='ocrx_word' id='word_1_293' title='bbox 1729 2594 1836 2661; x_wconf 90' lang='lat' dir='ltr'><strong>fueris</strong></span> <span class='ocrx_word' id='word_1_294' title='bbox 1858 2594 1900 2661; x_wconf 90' lang='lat' dir='ltr'><strong>ad</strong></span> <span class='ocrx_word' id='word_1_295' title='bbox 1927 2592 2136 2676; x_wconf 88' lang='lat' dir='ltr'><strong>dominum,</strong></span> <span class='ocrx_word' id='word_1_296' title='bbox 2159 2617 2230 2662; x_wconf 85' lang='lat' dir='ltr'><strong>au·</strong></span> 
     </span>
     <span class='ocr_line' id='line_1_25' title="bbox 200 2688 2231 2792; baseline -0.03 -15"><span class='ocrx_word' id='word_1_297' title='bbox 200 2729 329 2776; x_wconf 80' lang='lat' dir='ltr'><strong>nentur</strong></span> <span class='ocrx_word' id='word_1_298' title='bbox 355 2699 542 2791; x_wconf 80' lang='lat' dir='ltr'><strong>Evangelii</strong></span> <span class='ocrx_word' id='word_1_299' title='bbox 578 2698 832 2792; x_wconf 80' lang='lat' dir='ltr'><strong>professionem</strong></span> <span class='ocrx_word' id='word_1_300' title='bbox 868 2715 941 2761; x_wconf 91' lang='lat' dir='ltr'><strong>non</strong></span> <span class='ocrx_word' id='word_1_301' title='bbox 973 2714 1046 2759; x_wconf 87' lang='lat' dir='ltr'><strong>esse</strong></span> <span class='ocrx_word' id='word_1_302' title='bbox 1075 2688 1187 2757; x_wconf 89' lang='lat' dir='ltr'><strong>relin-</strong></span> <span class='ocrx_word' id='word_1_303' title='bbox 1238 2698 1371 2764; x_wconf 60' lang='lat' dir='ltr'><strong>feretur</strong></span> <span class='ocrx_word' id='word_1_304' title='bbox 1408 2694 1579 2765; x_wconf 46' lang='lat' dir='ltr'><strong>velamen·</strong></span> <span class='ocrx_word' id='word_1_305' title='bbox 1647 2690 1751 2764; x_wconf 54' lang='lat' dir='ltr'>hem:</span> <span class='ocrx_word' id='word_1_306' title='bbox 1799 2693 2115 2763; x_wconf 52' lang='lat' dir='ltr'>Transformamur</span> <span class='ocrx_word' id='word_1_307' title='bbox 2146 2705 2231 2763; x_wconf 50' lang='lat' dir='ltr'><strong>,an-</strong></span> 
     </span>
     <span class='ocr_line' id='line_1_26' title="bbox 202 2791 2228 2904; baseline -0.03 -25"><span class='ocrx_word' id='word_1_308' title='bbox 202 2810 399 2904; x_wconf 87' lang='lat' dir='ltr'><strong>queudam,</strong></span> <span class='ocrx_word' id='word_1_309' title='bbox 425 2804 560 2873; x_wconf 88' lang='lat' dir='ltr'><strong>etiamsi</strong></span> <span class='ocrx_word' id='word_1_310' title='bbox 584 2803 665 2871; x_wconf 87' lang='lat' dir='ltr'><strong>odia</strong></span> <span class='ocrx_word' id='word_1_311' title='bbox 690 2818 910 2868; x_wconf 89' lang='lat' dir='ltr'><strong>summorum</strong></span> <span class='ocrx_word' id='word_1_312' title='bbox 935 2805 971 2862; x_wconf 93' lang='lat' dir='ltr'><strong>et</strong></span> <span class='ocrx_word' id='word_1_313' title='bbox 994 2791 1187 2859; x_wconf 86' lang='lat' dir='ltr'><strong>amicorum</strong></span> <span class='ocrx_word' id='word_1_314' title='bbox 1240 2820 1345 2890; x_wconf 63' lang='lat' dir='ltr'><strong>quam</strong></span> <span class='ocrx_word' id='word_1_315' title='bbox 1369 2794 1545 2863; x_wconf 57' lang='lat' dir='ltr'><strong>adomim</strong></span> <span class='ocrx_word' id='word_1_316' title='bbox 1566 2795 1712 2885; x_wconf 49' lang='lat' dir='ltr'><strong>spirim,</strong></span> <span class='ocrx_word' id='word_1_317' title='bbox 1745 2819 1764 2864; x_wconf 62' lang='lat' dir='ltr'>a</span> <span class='ocrx_word' id='word_1_318' title='bbox 1791 2796 1901 2884; x_wconf 58' lang='lat' dir='ltr'><strong>gloria</strong></span> <span class='ocrx_word' id='word_1_319' title='bbox 1925 2796 1963 2863; x_wconf 60' lang='lat' dir='ltr'><strong>in</strong></span> <span class='ocrx_word' id='word_1_320' title='bbox 1987 2795 2154 2884; x_wconf 51' lang='lat' dir='ltr'><strong>gloriam,</strong></span> <span class='ocrx_word' id='word_1_321' title='bbox 2189 2795 2228 2865; x_wconf 56' lang='lat' dir='ltr'><strong>id</strong></span> 
     </span>
     <span class='ocr_line' id='line_1_27' title="bbox 198 2876 2230 2990; baseline -0.008 -10"><span class='ocrx_word' id='word_1_322' title='bbox 198 2910 385 2980; x_wconf 87' lang='lat' dir='ltr'><strong>subeunda</strong></span> <span class='ocrx_word' id='word_1_323' title='bbox 404 2908 486 2976; x_wconf 86' lang='lat' dir='ltr'><strong>sint.</strong></span> <span class='ocrx_word' id='word_1_324' title='bbox 539 2901 609 2973; x_wconf 89' lang='lat' dir='ltr'><strong>Hic</strong></span> <span class='ocrx_word' id='word_1_325' title='bbox 631 2903 728 2970; x_wconf 91' lang='lat' dir='ltr'><strong>locus</strong></span> <span class='ocrx_word' id='word_1_326' title='bbox 751 2895 948 2969; x_wconf 86' lang='lat' dir='ltr'><strong>communis</strong></span> <span class='ocrx_word' id='word_1_327' title='bbox 968 2916 1070 2982; x_wconf 86' lang='lat' dir='ltr'><strong>saepe</strong></span> <span class='ocrx_word' id='word_1_328' title='bbox 1090 2910 1126 2961; x_wconf 74' lang='lat' dir='ltr'><strong>st</strong></span> <span class='ocrx_word' id='word_1_329' title='bbox 1149 2892 1188 2959; x_wconf 90' lang='lat' dir='ltr'><strong>in</strong></span> <span class='ocrx_word' id='word_1_330' title='bbox 1239 2911 1309 2976; x_wconf 84' lang='lat' dir='ltr'><strong>est,</strong></span> <span class='ocrx_word' id='word_1_331' title='bbox 1333 2895 1445 2965; x_wconf 90' lang='lat' dir='ltr'><strong>aluce</strong></span> <span class='ocrx_word' id='word_1_332' title='bbox 1464 2895 1585 2965; x_wconf 88' lang='lat' dir='ltr'><strong>divina</strong></span> <span class='ocrx_word' id='word_1_333' title='bbox 1608 2897 1646 2964; x_wconf 91' lang='lat' dir='ltr'><strong>in</strong></span> <span class='ocrx_word' id='word_1_334' title='bbox 1663 2899 1777 2968; x_wconf 92' lang='lat' dir='ltr'><strong>lucem</strong></span> <span class='ocrx_word' id='word_1_335' title='bbox 1795 2898 2037 2990; x_wconf 87' lang='lat' dir='ltr'><strong>splendentem</strong></span> <span class='ocrx_word' id='word_1_336' title='bbox 2055 2896 2093 2964; x_wconf 92' lang='lat' dir='ltr'><strong>iu</strong></span> <span class='ocrx_word' id='word_1_337' title='bbox 2111 2876 2230 2969; x_wconf 43' lang='lat' dir='ltr'><strong>nobis:</strong></span> 
     </span>
     <span class='ocr_line' id='line_1_28' title="bbox 202 2989 2228 3094; baseline -0.012 -11"><span class='ocrx_word' id='word_1_338' title='bbox 202 3025 275 3083; x_wconf 91' lang='lat' dir='ltr'><strong>tota</strong></span> <span class='ocrx_word' id='word_1_339' title='bbox 298 3006 446 3078; x_wconf 86' lang='lat' dir='ltr'><strong>historia</strong></span> <span class='ocrx_word' id='word_1_340' title='bbox 471 3003 658 3094; x_wconf 85' lang='lat' dir='ltr'><strong>Evangelii</strong></span> <span class='ocrx_word' id='word_1_341' title='bbox 681 3000 804 3083; x_wconf 82' lang='lat' dir='ltr'><strong>offert,</strong></span> <span class='ocrx_word' id='word_1_342' title='bbox 837 3012 871 3068; x_wconf 88' lang='lat' dir='ltr'><strong>et</strong></span> <span class='ocrx_word' id='word_1_343' title='bbox 884 2989 984 3065; x_wconf 87' lang='lat' dir='ltr'><strong>¹nihil</strong></span> <span class='ocrx_word' id='word_1_344' title='bbox 1002 2990 1107 3062; x_wconf 87' lang='lat' dir='ltr'><strong>habel</strong></span> <span class='ocrx_word' id='word_1_345' title='bbox 1122 2993 1188 3062; x_wconf 85' lang='lat' dir='ltr'><strong>ob·</strong></span> <span class='ocrx_word' id='word_1_346' title='bbox 1240 2998 1312 3090; x_wconf 86' lang='lat' dir='ltr'><strong>Qui</strong></span> <span class='ocrx_word' id='word_1_347' title='bbox 1328 3021 1411 3068; x_wconf 88' lang='lat' dir='ltr'><strong>vero</strong></span> <span class='ocrx_word' id='word_1_348' title='bbox 1429 3022 1505 3066; x_wconf 90' lang='lat' dir='ltr'><strong>non</strong></span> <span class='ocrx_word' id='word_1_349' title='bbox 1518 2999 1683 3084; x_wconf 85' lang='lat' dir='ltr'><strong>credunt,</strong></span> <span class='ocrx_word' id='word_1_350' title='bbox 1709 2994 1837 3068; x_wconf 86' lang='lat' dir='ltr'><strong>horum</strong></span> <span class='ocrx_word' id='word_1_351' title='bbox 1852 3001 1957 3067; x_wconf 90' lang='lat' dir='ltr'><strong>corda</strong></span> <span class='ocrx_word' id='word_1_352' title='bbox 1977 2998 2085 3086; x_wconf 87' lang='lat' dir='ltr'><strong>magis</strong></span> <span class='ocrx_word' id='word_1_353' title='bbox 2106 3020 2228 3069; x_wconf 73' lang='lat' dir='ltr'><strong>excae.</strong></span> 
     </span>
     <span class='ocr_line' id='line_1_29' title="bbox 202 3095 2227 3194; baseline -0.007 -11"><span class='ocrx_word' id='word_1_354' title='bbox 202 3112 389 3183; x_wconf 87' lang='lat' dir='ltr'><strong>scuritatis.</strong></span> <span class='ocrx_word' id='word_1_355' title='bbox 456 3106 626 3176; x_wconf 90' lang='lat' dir='ltr'><strong>Videmus</strong></span> <span class='ocrx_word' id='word_1_356' title='bbox 655 3102 750 3171; x_wconf 92' lang='lat' dir='ltr'><strong>enim</strong></span> <span class='ocrx_word' id='word_1_357' title='bbox 780 3099 988 3194; x_wconf 87' lang='lat' dir='ltr'><strong>quotidiana</strong></span> <span class='ocrx_word' id='word_1_358' title='bbox 1018 3095 1189 3185; x_wconf 83' lang='lat' dir='ltr'><strong>exempla.</strong></span> <span class='ocrx_word' id='word_1_359' title='bbox 1241 3114 1376 3171; x_wconf 79' lang='lat' dir='ltr'><strong>eanum.</strong></span> <span class='ocrx_word' id='word_1_360' title='bbox 1429 3099 1512 3170; x_wconf 89' lang='lat' dir='ltr'><strong>ldeo</strong></span> <span class='ocrx_word' id='word_1_361' title='bbox 1539 3124 1610 3191; x_wconf 92' lang='lat' dir='ltr'><strong>quo</strong></span> <span class='ocrx_word' id='word_1_362' title='bbox 1635 3101 1747 3189; x_wconf 86' lang='lat' dir='ltr'><strong>magis</strong></span> <span class='ocrx_word' id='word_1_363' title='bbox 1770 3100 1989 3184; x_wconf 78' lang='lat' dir='ltr'><strong>refutantur,</strong></span> <span class='ocrx_word' id='word_1_364' title='bbox 2016 3124 2056 3169; x_wconf 91' lang='lat' dir='ltr'><strong>eo</strong></span> <span class='ocrx_word' id='word_1_365' title='bbox 2073 3099 2227 3172; x_wconf 86' lang='lat' dir='ltr'><strong>maiores</strong></span> 
     </span>
     <span class='ocr_line' id='line_1_30' title="bbox 203 3196 2229 3298; baseline -0.021 11"><span class='ocrx_word' id='word_1_366' title='bbox 203 3214 288 3286; x_wconf 61' lang='lat'><strong>1⁶⁸⁰</strong></span> <span class='ocrx_word' id='word_1_367' title='bbox 321 3237 395 3280; x_wconf 74' lang='lat'>¹¹⁰⁰</span> <span class='ocrx_word' id='word_1_368' title='bbox 423 3212 557 3298; x_wconf 58' lang='lat' dir='ltr'><strong>indiget</strong></span> <span class='ocrx_word' id='word_1_369' title='bbox 588 3208 693 3294; x_wconf 64' lang='lat'>&#39;0⁰8³</span> <span class='ocrx_word' id='word_1_370' title='bbox 723 3201 977 3282; x_wconf 62' lang='grc' dir='ltr'><strong>ᾶθΰῑὸῐὸῑῑθῦθ,</strong></span> <span class='ocrx_word' id='word_1_371' title='bbox 1016 3196 1187 3265; x_wconf 65' lang='grc' dir='ltr'><strong>ῦθᾶῙΗΰᾶ</strong></span> <span class='ocrx_word' id='word_1_372' title='bbox 1239 3203 1313 3272; x_wconf 79' lang='lat' dir='ltr'><strong>odii</strong></span> <span class='ocrx_word' id='word_1_373' title='bbox 1330 3203 1490 3271; x_wconf 87' lang='lat' dir='ltr'><strong>flammas</strong></span> <span class='ocrx_word' id='word_1_374' title='bbox 1505 3215 1626 3272; x_wconf 88' lang='lat' dir='ltr'><strong>contra</strong></span> <span class='ocrx_word' id='word_1_375' title='bbox 1640 3200 1875 3291; x_wconf 84' lang='lat' dir='ltr'><strong>Evangelium</strong></span> <span class='ocrx_word' id='word_1_376' title='bbox 1891 3202 2109 3290; x_wconf 89' lang='lat' dir='ltr'><strong>concipiunt,</strong></span> <span class='ocrx_word' id='word_1_377' title='bbox 2137 3200 2229 3274; x_wconf 87' lang='lat' dir='ltr'><strong>sicut</strong></span> 
     </span>
     <span class='ocr_line' id='line_1_31' title="bbox 202 3297 2229 3394; baseline -0.03 -7"><span class='ocrx_word' id='word_1_378' title='bbox 202 3314 486 3394; x_wconf 89' lang='lat' dir='ltr'><strong>meminerimus,</strong></span> <span class='ocrx_word' id='word_1_379' title='bbox 515 3306 570 3378; x_wconf 90' lang='lat' dir='ltr'><strong>his</strong></span> <span class='ocrx_word' id='word_1_380' title='bbox 595 3322 628 3379; x_wconf 90' lang='lat' dir='ltr'><strong>et</strong></span> <span class='ocrx_word' id='word_1_381' title='bbox 652 3305 828 3375; x_wconf 83' lang='lat' dir='ltr'><strong>similibus</strong></span> <span class='ocrx_word' id='word_1_382' title='bbox 851 3298 984 3371; x_wconf 83' lang='lat' dir='ltr'><strong>Christi</strong></span> <span class='ocrx_word' id='word_1_383' title='bbox 1007 3297 1190 3368; x_wconf 87' lang='lat' dir='ltr'><strong>concioni·</strong></span> <span class='ocrx_word' id='word_1_384' title='bbox 1241 3302 1394 3375; x_wconf 71' lang='lat' dir='ltr'><strong>Roman,</strong></span> <span class='ocrx_word' id='word_1_385' title='bbox 1411 3306 1448 3374; x_wconf 64' lang='lat'><strong>2,</strong></span> <span class='ocrx_word' id='word_1_386' title='bbox 1466 3303 1612 3374; x_wconf 58' lang='lat' dir='ltr'>dicitur:</span> <span class='ocrx_word' id='word_1_387' title='bbox 1641 3300 2148 3375; x_wconf 48' lang='lat' dir='ltr'><strong>015fflrenmrocupie⁰rum</strong></span> <span class='ocrx_word' id='word_1_388' title='bbox 2181 3299 2229 3379; x_wconf 58' lang='lat' dir='ltr'><strong>Et</strong></span> 
     </span>
     <span class='ocr_line' id='line_1_32' title="bbox 202 3399 2228 3493; baseline -0.007 -5"><span class='ocrx_word' id='word_1_389' title='bbox 202 3421 271 3489; x_wconf 88' lang='lat' dir='ltr'><strong>bus</strong></span> <span class='ocrx_word' id='word_1_390' title='bbox 287 3414 534 3484; x_wconf 88' lang='lat' dir='ltr'><strong>confirmemus</strong></span> <span class='ocrx_word' id='word_1_391' title='bbox 550 3431 633 3487; x_wconf 88' lang='lat' dir='ltr'><strong>nos,</strong></span> <span class='ocrx_word' id='word_1_392' title='bbox 667 3431 711 3475; x_wconf 86' lang='lat' dir='ltr'><strong>ne</strong></span> <span class='ocrx_word' id='word_1_393' title='bbox 734 3403 946 3474; x_wconf 88' lang='lat' dir='ltr'><strong>fractiodiis</strong></span> <span class='ocrx_word' id='word_1_394' title='bbox 969 3414 1004 3471; x_wconf 88' lang='lat' dir='ltr'><strong>et</strong></span> <span class='ocrx_word' id='word_1_395' title='bbox 1026 3422 1190 3491; x_wconf 85' lang='lat' dir='ltr'><strong>persecu·</strong></span> <span class='ocrx_word' id='word_1_396' title='bbox 1242 3399 1510 3478; x_wconf 60' lang='lat' dir='ltr'><strong>scottulus:</strong></span> <span class='ocrx_word' id='word_1_397' title='bbox 1535 3402 2039 3493; x_wconf 85' lang='lat' dir='ltr'><strong>SiestvelutumEvangelium</strong></span> <span class='ocrx_word' id='word_1_398' title='bbox 2054 3416 2228 3489; x_wconf 87' lang='lat' dir='ltr'><strong>nostrum,</strong></span> 
     </span>
     <span class='ocr_line' id='line_1_33' title="bbox 203 3501 2227 3600; baseline -0.012 -1"><span class='ocrx_word' id='word_1_399' title='bbox 203 3521 322 3600; x_wconf 66' lang='lat' dir='ltr'><strong>lione,</strong></span> <span class='ocrx_word' id='word_1_400' title='bbox 359 3515 560 3585; x_wconf 85' lang='lat' dir='ltr'><strong>deficiamus</strong></span> <span class='ocrx_word' id='word_1_401' title='bbox 581 3513 694 3580; x_wconf 84' lang='lat' dir='ltr'><strong>aDeo</strong></span> <span class='ocrx_word' id='word_1_402' title='bbox 722 3520 756 3577; x_wconf 91' lang='lat' dir='ltr'><strong>et</strong></span> <span class='ocrx_word' id='word_1_403' title='bbox 783 3503 987 3577; x_wconf 86' lang='lat' dir='ltr'><strong>adoctrina</strong></span> <span class='ocrx_word' id='word_1_404' title='bbox 1016 3501 1191 3572; x_wconf 88' lang='lat' dir='ltr'><strong>divinitus</strong></span> <span class='ocrx_word' id='word_1_405' title='bbox 1244 3506 1526 3597; x_wconf 89' lang='lat' dir='ltr'><strong>inpereuntibus</strong></span> <span class='ocrx_word' id='word_1_406' title='bbox 1550 3518 1601 3575; x_wconf 89' lang='lat' dir='ltr'><strong>est</strong></span> <span class='ocrx_word' id='word_1_407' title='bbox 1621 3508 1798 3594; x_wconf 89' lang='lat' dir='ltr'><strong>velatum,</strong></span> <span class='ocrx_word' id='word_1_408' title='bbox 1833 3507 1871 3574; x_wconf 95' lang='lat' dir='ltr'><strong>in</strong></span> <span class='ocrx_word' id='word_1_409' title='bbox 1899 3504 2030 3598; x_wconf 88' lang='lat' dir='ltr'><strong>quibus</strong></span> <span class='ocrx_word' id='word_1_410' title='bbox 2050 3518 2227 3577; x_wconf 80' lang='lat' dir='ltr'><strong>excaecata</strong></span> 
     </span>
     <span class='ocr_line' id='line_1_34' title="bbox 203 3605 2231 3700; baseline -0.019 16"><span class='ocrx_word' id='word_1_411' title='bbox 203 3620 345 3692; x_wconf 55' lang='lat' dir='ltr'><strong>imfim-</strong></span> <span class='ocrx_word' id='word_1_412' title='bbox 1242 3622 1294 3679; x_wconf 87' lang='lat' dir='ltr'><strong>est</strong></span> <span class='ocrx_word' id='word_1_413' title='bbox 1316 3631 1416 3676; x_wconf 89' lang='lat' dir='ltr'><strong>mens</strong></span> <span class='ocrx_word' id='word_1_414' title='bbox 1432 3607 1631 3689; x_wconf 87' lang='lat' dir='ltr'><strong>incredula,</strong></span> <span class='ocrx_word' id='word_1_415' title='bbox 1664 3611 1701 3678; x_wconf 89' lang='lat' dir='ltr'><strong>id</strong></span> <span class='ocrx_word' id='word_1_416' title='bbox 1723 3623 1793 3688; x_wconf 91' lang='lat' dir='ltr'><strong>est,</strong></span> <span class='ocrx_word' id='word_1_417' title='bbox 1828 3609 1908 3700; x_wconf 90' lang='lat' dir='ltr'><strong>quia</strong></span> <span class='ocrx_word' id='word_1_418' title='bbox 1932 3630 2032 3674; x_wconf 88' lang='lat' dir='ltr'><strong>mens</strong></span> <span class='ocrx_word' id='word_1_419' title='bbox 2053 3628 2128 3675; x_wconf 86' lang='lat' dir='ltr'><strong>uon</strong></span> <span class='ocrx_word' id='word_1_420' title='bbox 2152 3605 2231 3677; x_wconf 80' lang='lat' dir='ltr'><strong>vult&#39;</strong></span> 
     </span>
    </p>
   </div>
   <div class='ocr_carea' id='block_1_3' title="bbox 336 2247 1048 2362">
    <p class='ocr_par' dir='ltr' id='par_1_3' title="bbox 336 2247 1048 2362">
     <span class='ocr_line' id='line_1_35' title="bbox 336 2247 1048 2362; baseline -0.017 -27"><span class='ocrx_word' id='word_1_421' title='bbox 336 2257 465 2362; x_wconf 82' lang='lat' dir='ltr'><strong>Neque</strong></span> <span class='ocrx_word' id='word_1_422' title='bbox 482 2258 577 2332; x_wconf 83' lang='lat' dir='ltr'><strong>enim</strong></span> <span class='ocrx_word' id='word_1_423' title='bbox 586 2257 733 2358; x_wconf 82' lang='lat' dir='ltr'><strong>fratres</strong></span> <span class='ocrx_word' id='word_1_424' title='bbox 748 2254 825 2326; x_wconf 83' lang='lat' dir='ltr'><strong>eius</strong></span> <span class='ocrx_word' id='word_1_425' title='bbox 843 2247 1048 2323; x_wconf 82' lang='lat' dir='ltr'><strong>credebant.</strong></span> 
     </span>
    </p>
   </div>
   <div class='ocr_carea' id='block_1_4' title="bbox 135 3708 2227 3959">
    <p class='ocr_par' dir='ltr' id='par_1_4' title="bbox 135 3708 2227 3959">
     <span class='ocr_line' id='line_1_36' title="bbox 135 3708 2227 3886; baseline -0.038 -29"><span class='ocrx_word' id='word_1_426' title='bbox 135 3811 139 3820; x_wconf 92' lang='lat'>·</span> <span class='ocrx_word' id='word_1_427' title='bbox 254 3779 493 3886; x_wconf 61' lang='lat' dir='ltr'><strong>Siquispult</strong></span> <span class='ocrx_word' id='word_1_428' title='bbox 517 3771 1032 3874; x_wconf 54' lang='lat' dir='ltr'><strong>polunpapcmppspussacm,</strong></span> <span class='ocrx_word' id='word_1_429' title='bbox 1059 3792 1191 3866; x_wconf 51' lang='lat' dir='ltr'><em>cogno·</em></span> <span class='ocrx_word' id='word_1_430' title='bbox 1242 3710 1401 3829; x_wconf 78' lang='lat' dir='ltr'><strong>credere,</strong></span> <span class='ocrx_word' id='word_1_431' title='bbox 1426 3710 1730 3828; x_wconf 71' lang='lat' dir='ltr'><strong>filmagiscaeca,</strong></span> <span class='ocrx_word' id='word_1_432' title='bbox 1746 3734 1810 3779; x_wconf 91' lang='lat' dir='ltr'><strong>nec</strong></span> <span class='ocrx_word' id='word_1_433' title='bbox 1835 3709 1932 3780; x_wconf 89' lang='lat' dir='ltr'><strong>videt</strong></span> <span class='ocrx_word' id='word_1_434' title='bbox 1953 3709 2069 3801; x_wconf 83' lang='lat' dir='ltr'><strong>qualis</strong></span> <span class='ocrx_word' id='word_1_435' title='bbox 2093 3708 2140 3778; x_wconf 86' lang='lat' dir='ltr'><strong>sit</strong></span> <span class='ocrx_word' id='word_1_436' title='bbox 2163 3710 2227 3779; x_wconf 86' lang='lat' dir='ltr'><strong>do·</strong></span> 
     </span>
     <span class='ocr_line' id='line_1_37' title="bbox 308 3807 1571 3959; baseline -0.051 1"><span class='ocrx_word' id='word_1_437' title='bbox 308 3882 448 3959; x_wconf 82' lang='lat' dir='ltr'><strong>scalde</strong></span> <span class='ocrx_word' id='word_1_438' title='bbox 471 3880 652 3954; x_wconf 84' lang='lat' dir='ltr'><strong>doctrina.</strong></span> <span class='ocrx_word' id='word_1_439' title='bbox 1166 3906 1169 3911; x_wconf 92' lang='lat'><strong>.</strong></span> <span class='ocrx_word' id='word_1_440' title='bbox 1243 3807 1571 3900; x_wconf 60' lang='lat' dir='ltr'><strong>fflfffflsslfflsselll·</strong></span> 
     </span>
    </p>
   </div>
   <div class='ocr_carea' id='block_1_5' title="bbox 204 3969 2229 4210">
    <p class='ocr_par' dir='ltr' id='par_1_5' title="bbox 204 3969 2229 4210">
     <span class='ocr_line' id='line_1_38' title="bbox 280 3969 2229 4101; baseline -0.021 -8"><span class='ocrx_word' id='word_1_441' title='bbox 280 4021 351 4094; x_wconf 89' lang='lat' dir='ltr'><strong>Hic</strong></span> <span class='ocrx_word' id='word_1_442' title='bbox 366 4021 506 4090; x_wconf 85' lang='lat' dir='ltr'><strong>orditur</strong></span> <span class='ocrx_word' id='word_1_443' title='bbox 519 4017 642 4087; x_wconf 89' lang='lat' dir='ltr'><strong>utilem</strong></span> <span class='ocrx_word' id='word_1_444' title='bbox 660 4011 882 4089; x_wconf 88' lang='lat' dir='ltr'><strong>concionem,</strong></span> <span class='ocrx_word' id='word_1_445' title='bbox 912 4007 1191 4101; x_wconf 87' lang='lat' dir='ltr'><strong>acprimumaf-</strong></span> <span class='ocrx_word' id='word_1_446' title='bbox 1293 3971 1374 4073; x_wconf 60' lang='lat' dir='ltr'><strong>Qui</strong></span> <span class='ocrx_word' id='word_1_447' title='bbox 1394 3974 1538 4074; x_wconf 56' lang='lat' dir='ltr'><strong>‘dmm‘</strong></span> <span class='ocrx_word' id='word_1_448' title='bbox 1560 3970 1725 4069; x_wconf 45' lang='lat' dir='ltr'><strong>ffl‘md&#39;m</strong></span> <span class='ocrx_word' id='word_1_449' title='bbox 1756 3975 1833 4046; x_wconf 60' lang='lat'><strong>‘5¹¹5</strong></span> <span class='ocrx_word' id='word_1_450' title='bbox 1860 3971 1927 4073; x_wconf 61' lang='lat' dir='ltr'><strong>‘Iul&#39;</strong></span> <span class='ocrx_word' id='word_1_451' title='bbox 1948 3971 2051 4092; x_wconf 62' lang='lat' dir='ltr'><strong>”²¹⁶le</strong></span> <span class='ocrx_word' id='word_1_452' title='bbox 2074 3997 2137 4093; x_wconf 73' lang='lat'><strong>³⁶³.</strong></span> <span class='ocrx_word' id='word_1_453' title='bbox 2168 3969 2229 4045; x_wconf 66' lang='grc' dir='ltr'><strong>Ῐῐὶθ</strong></span> 
     </span>
     <span class='ocr_line' id='line_1_39' title="bbox 204 4068 2228 4210; baseline -0.025 -9"><span class='ocrx_word' id='word_1_454' title='bbox 204 4126 323 4201; x_wconf 88' lang='lat' dir='ltr'><strong>firmat</strong></span> <span class='ocrx_word' id='word_1_455' title='bbox 351 4127 394 4194; x_wconf 86' lang='lat' dir='ltr'><strong>de</strong></span> <span class='ocrx_word' id='word_1_456' title='bbox 417 4122 598 4202; x_wconf 84' lang='lat' dir='ltr'><strong>doctrina,</strong></span> <span class='ocrx_word' id='word_1_457' title='bbox 630 4116 727 4210; x_wconf 87' lang='lat' dir='ltr'><strong>quod</strong></span> <span class='ocrx_word' id='word_1_458' title='bbox 754 4115 800 4185; x_wconf 92' lang='lat' dir='ltr'><strong>sit</strong></span> <span class='ocrx_word' id='word_1_459' title='bbox 829 4111 961 4185; x_wconf 85' lang='lat' dir='ltr'><strong>divina.</strong></span> <span class='ocrx_word' id='word_1_460' title='bbox 1013 4109 1097 4179; x_wconf 81' lang='lat' dir='ltr'><strong>Mea</strong></span> <span class='ocrx_word' id='word_1_461' title='bbox 1125 4112 1191 4179; x_wconf 90' lang='lat' dir='ltr'><strong>do-</strong></span> <span class='ocrx_word' id='word_1_462' title='bbox 1346 4101 1460 4148; x_wconf 60' lang='lat' dir='ltr'><strong>‘’fmx</strong></span> <span class='ocrx_word' id='word_1_463' title='bbox 1488 4086 1552 4151; x_wconf 67' lang='lat'><strong>⁶⁸¹·</strong></span> <span class='ocrx_word' id='word_1_464' title='bbox 1618 4072 1754 4153; x_wconf 69' lang='lat' dir='ltr'>N⁰²¹n²</span> <span class='ocrx_word' id='word_1_465' title='bbox 1775 4073 1902 4149; x_wconf 64' lang='grc' dir='ltr'><strong>Μθέίδ</strong></span> <span class='ocrx_word' id='word_1_466' title='bbox 1924 4068 2026 4149; x_wconf 65' lang='lat' dir='ltr'><strong>Ml!</strong></span> <span class='ocrx_word' id='word_1_467' title='bbox 2052 4074 2154 4148; x_wconf 65' lang='lat' dir='ltr'><strong>tobes</strong></span> <span class='ocrx_word' id='word_1_468' title='bbox 2177 4073 2228 4147; x_wconf 71' lang='lat' dir='ltr'><strong>fs·</strong></span> 
     </span>
    </p>
   </div>
   <div class='ocr_carea' id='block_1_6' title="bbox 206 4181 2105 4310">
    <p class='ocr_par' dir='ltr' id='par_1_6' title="bbox 206 4181 2105 4310">
     <span class='ocr_line' id='line_1_40' title="bbox 206 4181 2105 4310; baseline -0.028 -9"><span class='ocrx_word' id='word_1_469' title='bbox 206 4229 319 4301; x_wconf 87' lang='lat' dir='ltr'><strong>ctrina</strong></span> <span class='ocrx_word' id='word_1_470' title='bbox 336 4251 410 4294; x_wconf 91' lang='lat' dir='ltr'><strong>uon</strong></span> <span class='ocrx_word' id='word_1_471' title='bbox 426 4244 477 4294; x_wconf 91' lang='lat' dir='ltr'><strong>est</strong></span> <span class='ocrx_word' id='word_1_472' title='bbox 491 4246 589 4310; x_wconf 89' lang='lat' dir='ltr'><strong>mea,</strong></span> <span class='ocrx_word' id='word_1_473' title='bbox 615 4221 674 4289; x_wconf 87' lang='lat' dir='ltr'><strong>sed</strong></span> <span class='ocrx_word' id='word_1_474' title='bbox 692 4217 767 4284; x_wconf 90' lang='lat' dir='ltr'><strong>eius</strong></span> <span class='ocrx_word' id='word_1_475' title='bbox 791 4214 854 4306; x_wconf 87' lang='lat' dir='ltr'><strong>qui</strong></span> <span class='ocrx_word' id='word_1_476' title='bbox 883 4213 979 4282; x_wconf 90' lang='lat' dir='ltr'><strong>misit</strong></span> <span class='ocrx_word' id='word_1_477' title='bbox 1000 4234 1067 4280; x_wconf 89' lang='lat' dir='ltr'><strong>me.</strong></span> <span class='ocrx_word' id='word_1_478' title='bbox 1120 4208 1191 4280; x_wconf 88' lang='lat' dir='ltr'><strong>Po-</strong></span> <span class='ocrx_word' id='word_1_479' title='bbox 1342 4181 1454 4273; x_wconf 58' lang='lat' dir='ltr'><strong>dem?</strong></span> <span class='ocrx_word' id='word_1_480' title='bbox 2087 4208 2105 4237; x_wconf 87' lang='grc'><strong>-·</strong></span> 
     </span>
    </p>
   </div>
   <div class='ocr_carea' id='block_1_7' title="bbox 205 4309 2234 5433">
    <p class='ocr_par' dir='ltr' id='par_1_7' title="bbox 205 4309 2234 5433">
     <span class='ocr_line' id='line_1_41' title="bbox 206 4309 2227 4417; baseline -0.016 -16"><span class='ocrx_word' id='word_1_481' title='bbox 206 4347 279 4402; x_wconf 87' lang='lat' dir='ltr'><strong>stea</strong></span> <span class='ocrx_word' id='word_1_482' title='bbox 294 4330 396 4396; x_wconf 90' lang='lat' dir='ltr'><strong>docet</strong></span> <span class='ocrx_word' id='word_1_483' title='bbox 412 4325 590 4417; x_wconf 85' lang='lat' dir='ltr'><strong>quomodo</strong></span> <span class='ocrx_word' id='word_1_484' title='bbox 613 4317 745 4412; x_wconf 87' lang='lat' dir='ltr'><strong>percipi</strong></span> <span class='ocrx_word' id='word_1_485' title='bbox 773 4311 860 4386; x_wconf 89' lang='lat' dir='ltr'><strong>haec</strong></span> <span class='ocrx_word' id='word_1_486' title='bbox 884 4314 1045 4385; x_wconf 85' lang='lat' dir='ltr'><strong>doctrina</strong></span> <span class='ocrx_word' id='word_1_487' title='bbox 1070 4313 1192 4404; x_wconf 83' lang='lat' dir='ltr'><strong>possit.</strong></span> <span class='ocrx_word' id='word_1_488' title='bbox 1316 4312 1539 4385; x_wconf 83' lang='lat' dir='ltr'><strong>Asseveratio</strong></span> <span class='ocrx_word' id='word_1_489' title='bbox 1567 4324 1637 4393; x_wconf 88' lang='lat' dir='ltr'><strong>est,</strong></span> <span class='ocrx_word' id='word_1_490' title='bbox 1670 4334 1737 4404; x_wconf 89' lang='lat' dir='ltr'><strong>qua</strong></span> <span class='ocrx_word' id='word_1_491' title='bbox 1763 4312 1909 4394; x_wconf 89' lang='lat' dir='ltr'><strong>iterum,</strong></span> <span class='ocrx_word' id='word_1_492' title='bbox 1942 4325 1982 4384; x_wconf 86' lang='lat' dir='ltr'><strong>ut</strong></span> <span class='ocrx_word' id='word_1_493' title='bbox 2001 4334 2106 4403; x_wconf 70' lang='lat' dir='ltr'><strong>saepe</strong></span> <span class='ocrx_word' id='word_1_494' title='bbox 2128 4309 2227 4401; x_wconf 68' lang='lat' dir='ltr'><strong>alise,</strong></span> 
     </span>
     <span class='ocr_line' id='line_1_42' title="bbox 205 4411 2228 4510; baseline -0.015 -7"><span class='ocrx_word' id='word_1_495' title='bbox 205 4430 261 4502; x_wconf 90' lang='lat' dir='ltr'><strong>De</strong></span> <span class='ocrx_word' id='word_1_496' title='bbox 289 4426 455 4498; x_wconf 89' lang='lat' dir='ltr'><strong>humanis</strong></span> <span class='ocrx_word' id='word_1_497' title='bbox 484 4424 655 4495; x_wconf 87' lang='lat' dir='ltr'><strong>doctrinis</strong></span> <span class='ocrx_word' id='word_1_498' title='bbox 683 4420 782 4510; x_wconf 90' lang='lat' dir='ltr'><strong>prius</strong></span> <span class='ocrx_word' id='word_1_499' title='bbox 808 4416 986 4486; x_wconf 89' lang='lat' dir='ltr'><strong>cernimus</strong></span> <span class='ocrx_word' id='word_1_500' title='bbox 1008 4415 1192 4507; x_wconf 84' lang='lat' dir='ltr'><strong>experien-</strong></span> <span class='ocrx_word' id='word_1_501' title='bbox 1241 4429 1389 4487; x_wconf 89' lang='lat' dir='ltr'><strong>testatur</strong></span> <span class='ocrx_word' id='word_1_502' title='bbox 1404 4438 1441 4485; x_wconf 84' lang='lat' dir='ltr'><strong>se</strong></span> <span class='ocrx_word' id='word_1_503' title='bbox 1456 4416 1637 4484; x_wconf 84' lang='lat' dir='ltr'><strong>doctorem</strong></span> <span class='ocrx_word' id='word_1_504' title='bbox 1655 4438 1811 4482; x_wconf 89' lang='lat' dir='ltr'><strong>veracem</strong></span> <span class='ocrx_word' id='word_1_505' title='bbox 1834 4439 1927 4500; x_wconf 90' lang='lat' dir='ltr'><strong>esse,</strong></span> <span class='ocrx_word' id='word_1_506' title='bbox 1951 4412 2065 4485; x_wconf 84' lang='lat' dir='ltr'><strong>aDeo</strong></span> <span class='ocrx_word' id='word_1_507' title='bbox 2080 4411 2228 4482; x_wconf 80' lang='lat' dir='ltr'><strong>missum</strong></span> 
     </span>
     <span class='ocr_line' id='line_1_43' title="bbox 206 4513 2228 4620; baseline -0.014 -16"><span class='ocrx_word' id='word_1_508' title='bbox 206 4535 312 4612; x_wconf 91' lang='lat' dir='ltr'><strong>tiam,</strong></span> <span class='ocrx_word' id='word_1_509' title='bbox 339 4545 458 4620; x_wconf 89' lang='lat' dir='ltr'><strong>postea</strong></span> <span class='ocrx_word' id='word_1_510' title='bbox 474 4526 701 4603; x_wconf 85' lang='lat' dir='ltr'><strong>assentimur,</strong></span> <span class='ocrx_word' id='word_1_511' title='bbox 726 4534 766 4590; x_wconf 90' lang='lat' dir='ltr'><strong>ut</strong></span> <span class='ocrx_word' id='word_1_512' title='bbox 785 4521 883 4610; x_wconf 90' lang='lat' dir='ltr'><strong>prius</strong></span> <span class='ocrx_word' id='word_1_513' title='bbox 897 4517 1097 4609; x_wconf 85' lang='lat' dir='ltr'><strong>experimur</strong></span> <span class='ocrx_word' id='word_1_514' title='bbox 1111 4517 1191 4605; x_wconf 87' lang='lat' dir='ltr'><strong>igne</strong></span> <span class='ocrx_word' id='word_1_515' title='bbox 1242 4532 1275 4586; x_wconf 89' lang='lat' dir='ltr'><strong>et</strong></span> <span class='ocrx_word' id='word_1_516' title='bbox 1292 4519 1422 4591; x_wconf 89' lang='lat' dir='ltr'><strong>iustum</strong></span> <span class='ocrx_word' id='word_1_517' title='bbox 1448 4540 1532 4586; x_wconf 85' lang='lat' dir='ltr'><strong>esse.</strong></span> <span class='ocrx_word' id='word_1_518' title='bbox 1583 4513 1717 4607; x_wconf 86' lang='lat' dir='ltr'><strong>Estque</strong></span> <span class='ocrx_word' id='word_1_519' title='bbox 1736 4516 1906 4606; x_wconf 89' lang='lat' dir='ltr'><strong>praefatio</strong></span> <span class='ocrx_word' id='word_1_520' title='bbox 1925 4517 2104 4614; x_wconf 87' lang='lat' dir='ltr'><strong>sequentis</strong></span> <span class='ocrx_word' id='word_1_521' title='bbox 2120 4515 2228 4584; x_wconf 78' lang='lat' dir='ltr'><strong>alter·</strong></span> 
     </span>
     <span class='ocr_line' id='line_1_44' title="bbox 207 4613 2229 4719; baseline -0.014 -15"><span class='ocrx_word' id='word_1_522' title='bbox 207 4636 263 4704; x_wconf 90' lang='lat' dir='ltr'><strong>uri</strong></span> <span class='ocrx_word' id='word_1_523' title='bbox 283 4656 446 4715; x_wconf 81' lang='lat' dir='ltr'><strong>mentun,</strong></span> <span class='ocrx_word' id='word_1_524' title='bbox 471 4642 588 4719; x_wconf 86' lang='lat' dir='ltr'><strong>postea</strong></span> <span class='ocrx_word' id='word_1_525' title='bbox 605 4624 790 4695; x_wconf 89' lang='lat' dir='ltr'><strong>statuimus</strong></span> <span class='ocrx_word' id='word_1_526' title='bbox 806 4622 920 4709; x_wconf 84' lang='lat' dir='ltr'><strong>ignem</strong></span> <span class='ocrx_word' id='word_1_527' title='bbox 938 4642 1010 4687; x_wconf 87' lang='lat' dir='ltr'><strong>esse</strong></span> <span class='ocrx_word' id='word_1_528' title='bbox 1026 4618 1191 4690; x_wconf 86' lang='lat' dir='ltr'><strong>calidum.</strong></span> <span class='ocrx_word' id='word_1_529' title='bbox 1241 4620 1403 4691; x_wconf 88' lang='lat' dir='ltr'><strong>cationis.</strong></span> <span class='ocrx_word' id='word_1_530' title='bbox 1455 4617 1703 4700; x_wconf 90' lang='lat' dir='ltr'><strong>ludaeienim,</strong></span> <span class='ocrx_word' id='word_1_531' title='bbox 1730 4643 1808 4686; x_wconf 94' lang='lat' dir='ltr'><strong>cum</strong></span> <span class='ocrx_word' id='word_1_532' title='bbox 1826 4613 1918 4686; x_wconf 83' lang='lat' dir='ltr'><strong>nihil</strong></span> <span class='ocrx_word' id='word_1_533' title='bbox 1935 4631 2078 4710; x_wconf 83' lang='lat' dir='ltr'><strong>possent</strong></span> <span class='ocrx_word' id='word_1_534' title='bbox 2093 4617 2132 4684; x_wconf 89' lang='lat' dir='ltr'><strong>in</strong></span> <span class='ocrx_word' id='word_1_535' title='bbox 2149 4640 2229 4685; x_wconf 82' lang='lat' dir='ltr'><strong>mo.</strong></span> 
     </span>
     <span class='ocr_line' id='line_1_45' title="bbox 206 4715 2230 4820; baseline -0.011 -13"><span class='ocrx_word' id='word_1_536' title='bbox 206 4734 261 4807; x_wconf 88' lang='lat' dir='ltr'><strong>De</strong></span> <span class='ocrx_word' id='word_1_537' title='bbox 278 4731 559 4820; x_wconf 84' lang='lat' dir='ltr'><strong>voceEvaugelii</strong></span> <span class='ocrx_word' id='word_1_538' title='bbox 583 4727 781 4798; x_wconf 88' lang='lat' dir='ltr'><strong>contrarius</strong></span> <span class='ocrx_word' id='word_1_539' title='bbox 797 4739 847 4792; x_wconf 90' lang='lat' dir='ltr'><strong>est</strong></span> <span class='ocrx_word' id='word_1_540' title='bbox 862 4724 962 4791; x_wconf 90' lang='lat' dir='ltr'><strong>ordo.</strong></span> <span class='ocrx_word' id='word_1_541' title='bbox 1016 4717 1119 4787; x_wconf 88' lang='lat' dir='ltr'><strong>Prius</strong></span> <span class='ocrx_word' id='word_1_542' title='bbox 1136 4743 1193 4786; x_wconf 90' lang='lat' dir='ltr'><strong>re·</strong></span> <span class='ocrx_word' id='word_1_543' title='bbox 1245 4722 1342 4791; x_wconf 90' lang='lat' dir='ltr'><strong>ribus</strong></span> <span class='ocrx_word' id='word_1_544' title='bbox 1367 4735 1401 4790; x_wconf 91' lang='lat' dir='ltr'><strong>et</strong></span> <span class='ocrx_word' id='word_1_545' title='bbox 1418 4720 1516 4790; x_wconf 88' lang='lat' dir='ltr'><strong>factis</strong></span> <span class='ocrx_word' id='word_1_546' title='bbox 1532 4715 1664 4789; x_wconf 85' lang='lat' dir='ltr'><strong>Christi</strong></span> <span class='ocrx_word' id='word_1_547' title='bbox 1689 4719 1848 4811; x_wconf 90' lang='lat' dir='ltr'><strong>culpare,</strong></span> <span class='ocrx_word' id='word_1_548' title='bbox 1880 4719 2089 4791; x_wconf 84' lang='lat' dir='ltr'><strong>calumniari</strong></span> <span class='ocrx_word' id='word_1_549' title='bbox 2116 4718 2230 4786; x_wconf 86' lang='lat' dir='ltr'><strong>viola-</strong></span> 
     </span>
     <span class='ocr_line' id='line_1_46' title="bbox 209 4819 2231 4932; baseline -0.014 -23"><span class='ocrx_word' id='word_1_550' title='bbox 209 4837 319 4932; x_wconf 92' lang='lat' dir='ltr'><strong>quirit</strong></span> <span class='ocrx_word' id='word_1_551' title='bbox 334 4832 431 4904; x_wconf 89' lang='lat' dir='ltr'><strong>Deus</strong></span> <span class='ocrx_word' id='word_1_552' title='bbox 452 4856 648 4913; x_wconf 88' lang='lat' dir='ltr'><strong>assensum,</strong></span> <span class='ocrx_word' id='word_1_553' title='bbox 675 4840 794 4918; x_wconf 89' lang='lat' dir='ltr'><strong>postea</strong></span> <span class='ocrx_word' id='word_1_554' title='bbox 817 4825 974 4917; x_wconf 90' lang='lat' dir='ltr'><strong>sequitur</strong></span> <span class='ocrx_word' id='word_1_555' title='bbox 990 4821 1142 4889; x_wconf 86' lang='lat' dir='ltr'><strong>efficacia</strong></span> <span class='ocrx_word' id='word_1_556' title='bbox 1159 4833 1192 4890; x_wconf 93' lang='lat' dir='ltr'><strong>et</strong></span> <span class='ocrx_word' id='word_1_557' title='bbox 1243 4823 1375 4892; x_wconf 91' lang='lat' dir='ltr'><strong>tionem</strong></span> <span class='ocrx_word' id='word_1_558' title='bbox 1392 4821 1528 4891; x_wconf 84' lang='lat' dir='ltr'><strong>sabbati</strong></span> <span class='ocrx_word' id='word_1_559' title='bbox 1543 4820 1719 4889; x_wconf 88' lang='lat' dir='ltr'><strong>solebant:</strong></span> <span class='ocrx_word' id='word_1_560' title='bbox 1755 4819 1892 4892; x_wconf 90' lang='lat' dir='ltr'><strong>Multae</strong></span> <span class='ocrx_word' id='word_1_561' title='bbox 1915 4823 2010 4890; x_wconf 90' lang='lat' dir='ltr'><strong>enim</strong></span> <span class='ocrx_word' id='word_1_562' title='bbox 2033 4822 2168 4890; x_wconf 85' lang='lat' dir='ltr'><strong>fiebant</strong></span> <span class='ocrx_word' id='word_1_563' title='bbox 2190 4819 2231 4889; x_wconf 82' lang='lat' dir='ltr'><strong>in</strong></span> 
     </span>
     <span class='ocr_line' id='line_1_47' title="bbox 209 4919 2232 5032; baseline -0.011 -22"><span class='ocrx_word' id='word_1_564' title='bbox 209 4937 436 5032; x_wconf 82' lang='lat' dir='ltr'><strong>experientia.</strong></span> <span class='ocrx_word' id='word_1_565' title='bbox 498 4933 547 5006; x_wconf 90' lang='lat' dir='ltr'><strong>Ut</strong></span> <span class='ocrx_word' id='word_1_566' title='bbox 571 4933 670 5023; x_wconf 88' lang='lat' dir='ltr'><strong>prius</strong></span> <span class='ocrx_word' id='word_1_567' title='bbox 691 4927 804 4998; x_wconf 85' lang='lat' dir='ltr'><strong>credit</strong></span> <span class='ocrx_word' id='word_1_568' title='bbox 827 4925 947 4994; x_wconf 89' lang='lat' dir='ltr'><strong>Moses</strong></span> <span class='ocrx_word' id='word_1_569' title='bbox 960 4922 1035 4992; x_wconf 91' lang='lat' dir='ltr'><strong>Deo</strong></span> <span class='ocrx_word' id='word_1_570' title='bbox 1055 4921 1190 4990; x_wconf 90' lang='lat' dir='ltr'><strong>iubenti</strong></span> <span class='ocrx_word' id='word_1_571' title='bbox 1243 4923 1397 4994; x_wconf 86' lang='lat' dir='ltr'><strong>sabbatis</strong></span> <span class='ocrx_word' id='word_1_572' title='bbox 1413 4923 1621 4995; x_wconf 89' lang='lat' dir='ltr'><strong>curationes.</strong></span> <span class='ocrx_word' id='word_1_573' title='bbox 1674 4919 1744 4992; x_wconf 88' lang='lat' dir='ltr'><strong>Hic</strong></span> <span class='ocrx_word' id='word_1_574' title='bbox 1760 4920 1923 4994; x_wconf 89' lang='lat' dir='ltr'><strong>Christus</strong></span> <span class='ocrx_word' id='word_1_575' title='bbox 1944 4923 2028 4994; x_wconf 90' lang='lat' dir='ltr'><strong>facit</strong></span> <span class='ocrx_word' id='word_1_576' title='bbox 2044 4923 2149 4992; x_wconf 89' lang='lat' dir='ltr'><strong>initio</strong></span> <span class='ocrx_word' id='word_1_577' title='bbox 2165 4944 2232 4989; x_wconf 88' lang='lat' dir='ltr'><strong>an·</strong></span> 
     </span>
     <span class='ocr_line' id='line_1_48' title="bbox 206 5021 2231 5133; baseline -0.02 -2"><span class='ocrx_word' id='word_1_578' title='bbox 206 5044 325 5133; x_wconf 68' lang='lat' dir='ltr'><strong>ill⁵¹¹¹¹¹</strong></span> <span class='ocrx_word' id='word_1_579' title='bbox 342 5043 489 5108; x_wconf 66' lang='lat' dir='ltr'><strong>educere</strong></span> <span class='ocrx_word' id='word_1_580' title='bbox 514 5033 707 5126; x_wconf 71' lang='lat' dir='ltr'><strong>P⁰P¹¹l¹1ffl2</strong></span> <span class='ocrx_word' id='word_1_581' title='bbox 740 5040 860 5118; x_wconf 65' lang='grc' dir='ltr'><strong>Ρῡδῑθθ</strong></span> <span class='ocrx_word' id='word_1_582' title='bbox 883 5025 997 5094; x_wconf 65' lang='lat' dir='ltr'><strong>cernit</strong></span> <span class='ocrx_word' id='word_1_583' title='bbox 1020 5023 1191 5092; x_wconf 62' lang='lat' dir='ltr'><strong>auxilium</strong></span> <span class='ocrx_word' id='word_1_584' title='bbox 1242 5021 1402 5108; x_wconf 90' lang='lat' dir='ltr'><strong>tithesin,</strong></span> <span class='ocrx_word' id='word_1_585' title='bbox 1427 5025 1578 5093; x_wconf 87' lang='lat' dir='ltr'><strong>affirmat</strong></span> <span class='ocrx_word' id='word_1_586' title='bbox 1593 5046 1629 5092; x_wconf 87' lang='lat' dir='ltr'><strong>se</strong></span> <span class='ocrx_word' id='word_1_587' title='bbox 1646 5048 1804 5095; x_wconf 87' lang='lat' dir='ltr'><strong>veracem</strong></span> <span class='ocrx_word' id='word_1_588' title='bbox 1819 5027 2019 5108; x_wconf 89' lang='lat' dir='ltr'><strong>doctorem,</strong></span> <span class='ocrx_word' id='word_1_589' title='bbox 2046 5039 2080 5094; x_wconf 90' lang='lat' dir='ltr'><strong>et</strong></span> <span class='ocrx_word' id='word_1_590' title='bbox 2097 5024 2231 5092; x_wconf 90' lang='lat' dir='ltr'><strong>iustum</strong></span> 
     </span>
     <span class='ocr_line' id='line_1_49' title="bbox 206 5121 2233 5228; baseline -0.012 -12"><span class='ocrx_word' id='word_1_591' title='bbox 206 5143 294 5228; x_wconf 90' lang='lat' dir='ltr'><strong>Dei,</strong></span> <span class='ocrx_word' id='word_1_592' title='bbox 335 5153 370 5210; x_wconf 90' lang='lat' dir='ltr'><strong>et</strong></span> <span class='ocrx_word' id='word_1_593' title='bbox 394 5138 592 5207; x_wconf 87' lang='lat' dir='ltr'><strong>mirandam</strong></span> <span class='ocrx_word' id='word_1_594' title='bbox 625 5131 878 5202; x_wconf 77' lang='lat' dir='ltr'><strong>defensionem.</strong></span> <span class='ocrx_word' id='word_1_595' title='bbox 946 5124 1059 5194; x_wconf 87' lang='lat' dir='ltr'><strong>Valde</strong></span> <span class='ocrx_word' id='word_1_596' title='bbox 1085 5126 1193 5213; x_wconf 86' lang='lat' dir='ltr'><strong>igitur</strong></span> <span class='ocrx_word' id='word_1_597' title='bbox 1242 5152 1339 5211; x_wconf 90' lang='lat' dir='ltr'><strong>esse,</strong></span> <span class='ocrx_word' id='word_1_598' title='bbox 1362 5127 1445 5196; x_wconf 88' lang='lat' dir='ltr'><strong>illos</strong></span> <span class='ocrx_word' id='word_1_599' title='bbox 1460 5150 1544 5195; x_wconf 89' lang='lat' dir='ltr'><strong>vero</strong></span> <span class='ocrx_word' id='word_1_600' title='bbox 1568 5125 1731 5200; x_wconf 87' lang='lat' dir='ltr'><strong>iniustos.</strong></span> <span class='ocrx_word' id='word_1_601' title='bbox 1780 5122 1828 5197; x_wconf 83' lang='lat' dir='ltr'><strong>Et</strong></span> <span class='ocrx_word' id='word_1_602' title='bbox 1843 5151 2045 5220; x_wconf 90' lang='lat' dir='ltr'><strong>quanquam</strong></span> <span class='ocrx_word' id='word_1_603' title='bbox 2063 5121 2233 5194; x_wconf 87' lang='lat' dir='ltr'><strong>Philoso-</strong></span> 
     </span>
     <span class='ocr_line' id='line_1_50' title="bbox 206 5225 2232 5336; baseline -0.013 -20"><span class='ocrx_word' id='word_1_604' title='bbox 206 5249 352 5336; x_wconf 87' lang='lat' dir='ltr'><strong>pcodest</strong></span> <span class='ocrx_word' id='word_1_605' title='bbox 375 5236 467 5309; x_wconf 85' lang='lat' dir='ltr'><strong>hanc</strong></span> <span class='ocrx_word' id='word_1_606' title='bbox 492 5237 649 5325; x_wconf 85' lang='lat' dir='ltr'><strong>regulam</strong></span> <span class='ocrx_word' id='word_1_607' title='bbox 671 5230 884 5301; x_wconf 90' lang='lat' dir='ltr'><strong>meminisse.</strong></span> <span class='ocrx_word' id='word_1_608' title='bbox 942 5226 1050 5318; x_wconf 90' lang='lat' dir='ltr'><strong>lmpii</strong></span> <span class='ocrx_word' id='word_1_609' title='bbox 1072 5250 1192 5317; x_wconf 86' lang='lat' dir='ltr'><strong>asper·</strong></span> <span class='ocrx_word' id='word_1_610' title='bbox 1243 5227 1335 5323; x_wconf 89' lang='lat' dir='ltr'><strong>phus</strong></span> <span class='ocrx_word' id='word_1_611' title='bbox 1349 5226 1496 5323; x_wconf 82' lang='lat' dir='ltr'><strong>aliquis,</strong></span> <span class='ocrx_word' id='word_1_612' title='bbox 1529 5240 1570 5297; x_wconf 92' lang='lat' dir='ltr'><strong>ut</strong></span> <span class='ocrx_word' id='word_1_613' title='bbox 1591 5226 1759 5299; x_wconf 86' lang='lat' dir='ltr'><strong>Socrates·</strong></span> <span class='ocrx_word' id='word_1_614' title='bbox 1771 5243 1911 5319; x_wconf 83' lang='lat' dir='ltr'><strong>putaret</strong></span> <span class='ocrx_word' id='word_1_615' title='bbox 1933 5225 2020 5299; x_wconf 88' lang='lat' dir='ltr'><strong>haec</strong></span> <span class='ocrx_word' id='word_1_616' title='bbox 2040 5227 2232 5317; x_wconf 84' lang='lat' dir='ltr'><strong>gloriosius</strong></span> 
     </span>
     <span class='ocr_line' id='line_1_51' title="bbox 206 5324 2234 5433; baseline -0.013 -13"><span class='ocrx_word' id='word_1_617' title='bbox 206 5360 339 5421; x_wconf 82' lang='lat' dir='ltr'><strong>uantur</strong></span> <span class='ocrx_word' id='word_1_618' title='bbox 360 5339 595 5433; x_wconf 82' lang='lat' dir='ltr'><strong>Evangelium</strong></span> <span class='ocrx_word' id='word_1_619' title='bbox 617 5332 704 5422; x_wconf 87' lang='lat' dir='ltr'><strong>Dei,</strong></span> <span class='ocrx_word' id='word_1_620' title='bbox 744 5332 806 5427; x_wconf 92' lang='lat' dir='ltr'><strong>qui</strong></span> <span class='ocrx_word' id='word_1_621' title='bbox 833 5331 907 5402; x_wconf 83' lang='lat' dir='ltr'><strong>vim</strong></span> <span class='ocrx_word' id='word_1_622' title='bbox 941 5343 977 5400; x_wconf 90' lang='lat' dir='ltr'><strong>et</strong></span> <span class='ocrx_word' id='word_1_623' title='bbox 1003 5329 1192 5427; x_wconf 82' lang='lat' dir='ltr'><strong>efficaciam</strong></span> <span class='ocrx_word' id='word_1_624' title='bbox 1242 5334 1335 5416; x_wconf 85' lang='lat' dir='ltr'><strong>dici,</strong></span> <span class='ocrx_word' id='word_1_625' title='bbox 1367 5324 1636 5427; x_wconf 78' lang='lat' dir='ltr'><strong>quamhomini</strong></span> <span class='ocrx_word' id='word_1_626' title='bbox 1657 5330 1863 5421; x_wconf 88' lang='lat' dir='ltr'><strong>conveniat,</strong></span> <span class='ocrx_word' id='word_1_627' title='bbox 1889 5354 1970 5404; x_wconf 89' lang='lat' dir='ltr'><strong>cum</strong></span> <span class='ocrx_word' id='word_1_628' title='bbox 1993 5331 2062 5417; x_wconf 81' lang='lat' dir='ltr'><strong>ait,</strong></span> <span class='ocrx_word' id='word_1_629' title='bbox 2093 5329 2234 5401; x_wconf 85' lang='lat' dir='ltr'><strong>nullam</strong></span> 
     </span>
    </p>
   </div>
   <div class='ocr_carea' id='block_1_8' title="bbox 0 0 2292 5780">
    <p class='ocr_par' dir='ltr' id='par_1_8' title="bbox 0 0 2292 5780">
     <span class='ocr_line' id='line_1_52' title="bbox 0 0 2292 5780; baseline 0 0"><span class='ocrx_word' id='word_1_630' title='bbox 0 0 2292 5780; x_wconf 95' lang='lat' dir='ltr'><strong> </strong></span> 
     </span>
    </p>
   </div>
  </div>
 </body>
</html>
