4522 5782
91 174 235 275 stete
358 170 464 253 11111
516 168 555 246 6·
581 166 1336 271 Esauuerso.·ue1srsrtousu
1360 162 1718 247 couossuusss.
1772 169 1878 245 ose.
1903 168 1953 244 n.
2047 174 2158 257 ,κω
2229 166 2238 177 ·

117 346 236 441 stilum
259 358 450 421 aeternam.
499 341 707 429 Haeeislso
729 361 941 421 enruuntur
962 372 1003 419 ex
1028 341 1110 437 pbi·
1162 369 1238 415 non
1261 344 1441 438 quaelibet
1470 339 1608 410 somnia
1630 353 1691 410 sut
1712 334 1921 431 sophisticas
1946 349 2151 437 praestigios

102 442 309 539 iosaphat,
340 470 430 541 quae
452 470 528 517 nou
550 448 711 541 loquitur
730 452 775 520 de
797 466 938 523 aeterna
959 449 1109 532 iusticia,
1160 462 1195 517 et
1219 448 1455 538 corruptelas,
1481 442 1604 535 quales
1626 440 1729 511 multi
1751 459 1974 533 sparserunt,
1999 464 2039 523 ut
2054 446 2145 543 Epi-

99 550 332 645 ¹-tieuascterna
358 548 452 631 vitu,
487 572 552 619 nec
575 553 618 633 de
641 552 846 621 remissione
873 564 1107 643 peccatorum,
1158 552 1275 627 curci,
1301 550 1432 629 Stoici,
1458 537 1671 638 Pyrrhonii,
1695 540 1962 636 Cynicietalii.
2102 624 2105 629 ¹

116 650 185 719 sed
200 651 245 719 de
261 648 416 719 rectione
432 650 664 719 locomotivae
680 652 718 720 in
734 653 886 721 externis
901 653 1068 741 gestibus.
1256 651 1400 721 Deinde
1424 644 1492 717 boc
1522 668 1663 738 quoque
1682 646 1863 715 sciendum
1892 662 1961 733 est,
1985 662 2078 721 artes
2099 673 2141 721 ex

223 748 371 819 Necesse
393 750 502 839 igitur
520 766 571 823 est
587 753 675 821 scire
696 754 901 823 discrimina
924 755 1104 823 doctriua·
1157 752 1235 822 luce
1251 751 1405 823 naturali
1422 765 1517 821 ortas
1539 744 1668 815 babere
1684 768 1764 815 suas
1780 760 1906 832 metas,
1931 766 1966 822 et
1981 750 2139 823 iudicare

114 876 222 935 rum,
247 876 287 923 ac
311 852 429 941 regula
452 855 603 922 tenenda
620 867 671 923 est
694 856 727 926 1.
744 850 904 928 Timotb.
920 853 973 929 4.:
1011 849 1103 923 Om·
1155 855 1200 922 de
1214 849 1288 939 his,
1310 852 1501 947 dequibus
1525 862 1659 919 mentes
1680 843 1858 919 humanae
1874 851 2038 921 convinci
2054 876 2138 945 pos·

114 954 179 1023 nis
201 966 358 1023 creatura
382 950 451 1020 Dei
472 954 567 1023 bona
592 967 664 1040 est,
699 968 733 1026 et
757 951 849 1025 nibil
870 956 1102 1027 reiiciendum
1154 969 1257 1041 sunt,
1290 956 1386 1025 iusta
1407 946 1587 1048 κριτήρια.

115 1055 218 1150 qnod
240 1078 320 1123 cum
343 1054 534 1143 gratiarum
551 1057 689 1127 actione
712 1058 879 1129 sumitur:
906 1058 1101 1128 sanctifica·
1256 1056 1325 1129 Sed
1363 1067 1502 1147 praeter
1539 1066 1632 1121 artes
1667 1074 1707 1119 ex
1738 1052 1817 1121 luce
1853 1054 2007 1123 natsrrali
2042 1069 2138 1127 ortes

102 1150 181 1227 'tur
203 1156 297 1224 enim
320 1179 384 1244 per
406 1157 550 1225 verbum
567 1158 638 1227 Dei
661 1173 694 1229 et
718 1160 966 1250 precationem.
1014 1154 1102 1227 Esse
1153 1155 1249 1227 Deris
1276 1158 1514 1247 singularibus
1539 1152 1750 1226 testimoniis
1772 1149 2006 1243 Evangelium
2035 1179 2136 1227 reve

113 1270 238 1327 autem
262 1255 412 1326 noticiae
434 1259 610 1327 naturales
630 1262 798 1354 quasdam
825 1283 923 1330 veras
948 1260 985 1328 in
1005 1282 1100 1329 crea·
1153 1259 1257 1345 lavit,
1283 1263 1403 1330 desua
1427 1259 1573 1330 essentia
1591 1254 1840 1335 etvoluntate,
1866 1258 2150 1327 aenominatim·

112 1358 409 1430 lionementibus
425 1353 611 1427 hominum
632 1360 772 1439 insitas,
798 1376 990 1453 quaesunt
1014 1385 1099 1430 nor·
1152 1362 1197 1428 de
1221 1364 1295 1431 filio
1318 1365 1419 1432 etde
1445 1357 1679 1449 procerissimae
1701 1357 1851 1444 gratiae,
1892 1358 1983 1428 sicut
2006 1360 2037 1427 l·
2062 1356 2133 1429 Co-

111 1483 197 1530 mae
219 1458 375 1529 veritatis
388 1473 422 1529 et
438 1460 680 1541 certitudinis,
706 1476 747 1531 ut
763 1484 1014 1545 numerorum,
1039 1487 1099 1531 or·
1151 1458 1261 1533 rintb.
1281 1466 1310 1535 1.
1334 1464 1482 1532 dicitur:
1508 1457 1599 1530 Cum
1623 1461 1779 1527 mundus
1796 1481 1869 1526 uon
1886 1472 2004 1528 nosset
2017 1456 2133 1531 Deum

110 1560 233 1645 dinis,
259 1559 468 1651 figurarum,
492 1561 608 1650 legum
631 1562 846 1632 naturalium
869 1567 912 1632 de
929 1564 1099 1648 moribus,
1151 1563 1190 1631 in
1203 1564 1374 1655 sapientia
1389 1588 1453 1655 per
1473 1560 1701 1652 sapientiam,
1728 1558 1859 1650 placuit
1877 1557 1953 1630 Deo
1969 1584 2031 1651 per
2045 1562 2134 1631 stul-

112 1675 153 1733 et
175 1655 318 1755 physica
346 1661 539 1751 principia,
564 1686 605 1731 ess
627 1664 758 1758 quibus
778 1678 991 1735 extruuntur
1006 1664 1099 1733 mul·
1151 1677 1222 1734 tam
1240 1667 1536 1764 praedicationem
1553 1650 1667 1732 salvos
1683 1661 1795 1729 facere
1812 1663 2002 1735 credentes.
2047 1660 2133 1733 Ideo

111 1776 174 1835 tae
197 1776 288 1832 artes
310 1764 533 1832 manifestum
559 1779 628 1849 est,
656 1781 689 1837 et
715 1767 857 1859 quidem
875 1764 1007 1836 Paulus
1032 1790 1098 1833 no·
1151 1768 1195 1835 de
1212 1769 1359 1837 essentia
1377 1782 1410 1837 et
1427 1767 1609 1835 voluntate
1627 1757 1692 1828 Dei
1709 1764 1933 1831 statuendum
1948 1777 2015 1850 est,
2035 1764 2133 1835 iuxta

112 1866 232 1935 minat
256 1864 348 1953 leges
363 1864 541 1935 naturales
558 1868 737 1938 veritatem
756 1868 844 1951 Dei,
870 1882 904 1938 et
920 1867 969 1938 ait
985 1868 1096 1961 legem
1150 1865 1403 1959 Evangelium,
1429 1893 1501 1937 non
1525 1867 1620 1936 iuxta
1644 1856 1919 1954 philosophiam.

112 1966 284 2057 scriptam
307 1988 380 2035 esse
402 1968 441 2033 in
464 1966 642 2036 cordibus.
692 1965 739 2041 Et
760 1969 983 2039 manifestum
1004 1982 1056 2038 est
1078 1991 1098 2036 a
1252 1970 1332 2039 Hoc
1345 1971 1534 2039 discrimen
1552 1963 1791 2035 doctrinarum
1816 1963 1969 2053 intelligi
1992 1988 2133 2037 necesse

112 2066 194 2140 Deo
215 2067 358 2159 probari
380 2068 681 2153 numerationem,
706 2070 952 2161 scriptionem,
975 2070 1098 2141 lectio·
1151 2086 1220 2156 est,
1247 2078 1380 2143 et'suus
1395 2073 1521 2163 cuique
1539 2070 1636 2137 locus
1652 2064 1862 2134 tribuendus
1880 2079 1950 2151 est,
1975 2080 2008 2138 et
2024 2061 2132 2137 buius

113 2194 220 2254 111111,
253 2164 581 2247 11111111111111ῑ11111,
613 2185 724 2241 ortem
760 2173 952 2259 medicam,
986 2186 1021 2242 et
1054 2173 1098 2239 de
1151 2175 1366 2244 discriminis
1389 2174 1632 2241 confusionem
1646 2168 1790 2235 damnat
1805 2161 1954 2249 Paulus,
1979 2192 2052 2237 non
2078 2168 2134 2235 vi-

111 2266 307 2341 architecto
324 2272 452 2342 dicitur
468 2268 579 2340 Exod.
601 2272 677 2343 sta
713 2272 809 2343 Deus
834 2273 995 2364 implevit
1018 2297 1097 2342 eum
1151 2290 1291 2367 tuperat
1320 2298 1419 2343 veras
1441 2274 1611 2352 noticias,
1651 2290 1741 2359 quae
1764 2280 1847 2336 sunt
1869 2266 2132 2340 lumenaDeo

111 2366 381 2463 hacsapientia.
416 2370 462 2439 Et
479 2374 563 2440 anni
580 2375 752 2442 rationem
771 2375 944 2444 eruditam
958 2373 1053 2444 Deus
1066 2389 1099 2443 et
1151 2379 1354 2461 conditum,
1380 2377 1408 2445 si
1426 2389 1517 2445 recte
1533 2370 1853 2441 accommodentur.

113 2474 273 2543 instituit
307 2486 342 2543 et
366 2475 540 2559 ostendit,
578 2488 621 2591 ‘b
644 2499 830 2546 numerare
864 2473 962 2546 Deus
991 2477 1100 2551 iubet.
1254 2478 1440 2551 Secundus
1460 2476 1586 2544 modus
1609 2473 1883 2559 imposturarum
1911 2470 2050 2539 facilius
2075 2470 2134 2543 in·

111 2574 508 2665 Linguasessedonum
523 2574 678 2665 Spiritus
701 2578 812 2647 sancti
837 2573 1099 2666 historiaApo·
1152 2581 1264 2669 telligi
1281 2594 1409 2673 potest,
1435 2579 1518 2671 quia
1536 2578 1627 2644 circa
1641 2585 1802 2642 externos
1821 2583 1937 2657 gestus
1961 2586 2134 2657 versatur,
2225 2604 2229 2619 ·

112 2677 291 2747 stolorum
315 2676 486 2758 ostendit,
511 2689 545 2746 et
567 2679 610 2746 de
627 2689 702 2747 arte
724 2679 859 2747 medica
879 2680 1011 2749 dicitur
1032 2679 1099 2773 Sy·
1152 2686 1213 2778 qui
1236 2684 1424 2752 incurrunt
1440 2681 1479 2747 in
1494 2679 1634 2760 oculos,
1665 2685 1704 2742 ut
1723 2697 1801 2742 cum
1827 2670 1863 2739 in
1887 2674 2025 2743 deserto
2049 2671 2134 2742 Mo·

112 2776 350 2850 raciones:
376 2776 472 2847 Deus
493 2778 593 2849 dedit
610 2774 816 2851 bominibus
831 2782 1012 2852 scientiam
1020 2832 1033 2869 ,
1060 2795 1102 2850 ut
1152 2809 1206 2856 ses
1228 2784 1362 2854 diutius
1386 2784 1556 2851 abesseta
1577 2788 1761 2867 conspectu
1787 2773 1930 2870 populi,
1955 2773 2136 2845 concurrit

111 2878 393 2970 glorificeturin
419 2880 645 2949 mirabilibus
666 2881 759 2965 suis,
785 2877 851 2949 boe
872 2899 951 2971 est,¹
970 2898 1008 2952 ut
1025 2885 1101 2953 sin·
1153 2886 1367 2966 multitudo,
1409 2897 1444 2955 et
1471 2881 1626 2973 postulat
1654 2873 1791 2945 institui
1821 2888 1954 2943 certum
1988 2876 2133 2945 cultum.

113 2981 251 3073 gularis
272 2980 422 3049 efficacia
449 2981 486 3047 in
509 2982 657 3069 singulis
678 2984 843 3051 remediis
864 2984 908 3051 sit
940 2985 1101 3055 testimu-
1154 2986 1276 3059 Aaron
1310 2986 1418 3075 igitur
1448 2982 1622 3076 Aegyptio
1657 3000 1755 3045 more
1791 2974 1941 3044 vitulum
1974 2974 2135 3049 collocat.

113 3084 220 3151 nium
239 3084 283 3149 de
300 3082 521 3169 providentia
537 3082 623 3168 Dei,
639 3085 735 3176 quud
754 3086 796 3153 ad
815 3107 898 3152 usus
915 3081 1101 3156 bominum
1155 3088 1209 3159 lbi
1228 3090 1440 3171 sacrilicant,
1467 3099 1501 3154 et
1523 3083 1674 3174 populns
1691 3077 1783 3148 carsit
1798 3070 1948 3170 bymnos
1961 3076 2135 3147 distribu-

113 3208 174 3253 1'22
198 3183 358 3252 1011111111
383 3184 467 3255 siut.
1155 3207 1210 3261 tus
1227 3192 1265 3258 in
1281 3184 1418 3260 choros.
1462 3184 1512 3256 lca
1531 3205 1653 3253 omncs
1671 3175 1833 3249 homines
1850 3178 1926 3246 sine
1943 3178 2020 3248 luce
2035 3178 2136 3247 verbi

220 3284 463 3373 Agnoscamus
475 3284 583 3372 igitur
598 3296 688 3353 artes
701 3297 875 3355 extructas
893 3310 933 3357 ex
949 3286 1104 3373 noticiis,
1154 3294 1222 3364 Dei
1238 3293 1378 3381 firsgunt
1393 3288 1460 3357 sibi
1477 3286 1624 3355 nucerina
1640 3297 1674 3352 et
1686 3295 1847 3350 externos
1862 3291 1988 3369 gestus.
2041 3270 2138 3349 Eeb:

113 3408 210 3481 quae
244 3386 282 3453 in
316 3387 491 3454 creatione
530 3383 718 3456 bominum
759 3389 936 3457 mentibus
976 3390 1102 3458 insitae
1155 3394 1227 3465 uici
1246 3394 1283 3460 in
1297 3390 1463 3484 periculis
1484 3387 1568 3458 belli
1591 3383 1811 3455 collocabant
1830 3393 1980 3450 statuam
1995 3377 2137 3465 Martis,

115 3501 225 3571 sunt,
251 3509 324 3556 esse
342 3511 397 3555 res
413 3488 524 3555 bonas
542 3503 575 3557 et
592 3484 671 3556 Dei
682 3490 793 3572 dona,
808 3504 840 3559 et
857 3491 998 3581 quidem
1013 3492 1103 3561 scia·
1155 3511 1188 3568 et
1211 3494 1390 3565 addebant
1405 3493 1511 3574 ritus,
1535 3504 1574 3558 ut
1591 3486 1769 3559 Saliorum
1785 3483 1952 3552 carmina.
2002 3480 2138 3551 Mulie-

115 3611 201 3659 snus
217 3611 290 3656 esse
311 3590 667 3659 commonefactioues
682 3605 715 3660 et
734 3592 932 3660 testimonia
951 3594 994 3659 de
1012 3592 1103 3676 Deo,
1127 3624 1131 3635 ·
1156 3620 1211 3667 res
1234 3611 1380 3688 propter
1409 3590 1564 3682 pericula
1597 3603 1716 3677 partus
1740 3584 1959 3654 collocabant
1985 3596 2137 3652 statuam

115 3692 205 3783 quia
221 3691 411 3759 ostendunt
428 3691 545 3760 Deum
572 3714 644 3761 esse
664 3692 877 3781 sapientem,
905 3706 939 3760 et
959 3694 1102 3785 quidem
1156 3698 1323 3775 lunonis,
1357 3709 1391 3764 et
1411 3695 1462 3761 ibi
1483 3705 1577 3760 certo
1603 3690 1709 3757 modo
1731 3685 1981 3755 sacrificabant.
2040 3680 2137 3751 Haec

117 3794 178 3863 lex
202 3806 348 3861 staturae
374 3806 520 3860 testatur
539 3818 611 3862 esse
637 3791 771 3871 Deum,
806 3805 840 3861 et
864 3795 965 3864 docet
989 3797 1104 3888 qualis
1127 3814 1132 3949 Ι
1156 3800 1205 3870 ita
1223 3795 1398 3866 cumulata
1416 3806 1517 3878 sunt,
1544 3787 1806 3861 utaeeesserint
1826 3785 2052 3855 mactationes
2070 3779 2137 3852 ho.

114 3894 185 3977 sit,
211 3893 381 3962 discernit
398 3918 477 3960 eum
495 3919 512 3961 a
529 3896 631 3962 malis
647 3894 847 3978 naturis,et
862 3898 1103 3966 testaturvin·
1156 3901 1313 3981 minum,
1337 3895 1419 3990 quia
1443 3889 1605 3963 homiues
1630 3914 1703 3960 sese
1725 3886 1852 3978 punire
1874 3884 2005 3973 insigni
2029 3885 2137 3956 modo

115 3996 235 4065 dicem
254 4019 336 4061 esse.
391 3992 474 4062 ideo
499 3995 701 4064 dulcissime
725 3996 981 4087 inquitPlato:
1009 3995 1104 4067 Gra·
1156 4002 1343 4082 volebant,
1367 4014 1407 4066 ut
1428 3996 1565 4064 veniam
1588 4002 1819 4061 mererentur.

116 4112 193 4167 tam
218 4100 261 4162 de
279 4094 352 4163 Deo
376 4096 503 4164 samam
526 4098 564 4163 in
589 4098 726 4166 artibus
748 4120 901 4186 sparsam
925 4122 1009 4166 esse.
1059 4098 1105 4170 Et
1257 4098 1353 4169 Haec
1367 4098 1490 4190 opinio
1509 4094 1623 4163 meriti
1641 4093 1733 4182 apud
1753 4108 1874 4156 omnes
1894 4081 2027 4155 Gentes
2044 4083 2141 4155 ausit

117 4198 291 4269 Salosuon
310 4198 443 4287 inquit:
472 4195 519 4267 Ut
536 4199 659 4266 oculus
677 4199 795 4268 videat
811 4210 845 4266 et
860 4201 955 4267 astris
972 4199 1105 4283 audiat,
1157 4200 1390 4283 ceremonias,
1417 4214 1450 4268 et
1466 4207 1686 4268 accesserunt
1701 4190 1835 4261 diaboli
1849 4186 2023 4270 ludibria,
2050 4208 2140 4279 quae

115 4298 219 4367 Deus
247 4299 330 4366 iacit
360 4311 559 4390 utrunque,
591 4295 658 4368 boe
687 4314 755 4381 est,
790 4299 910 4367 lumen
932 4302 969 4368 in
994 4302 1106 4370 oculis
1128 4310 1132 4331 '
1158 4304 1378 4394 impulerunt
1403 4295 1568 4369 homines
1591 4298 1633 4364 ad
1658 4293 1859 4361 manifestas
1891 4288 2140 4377 turpitudines,

119 4401 523 4469 etinmentecreatura
547 4400 611 4469 Dei
631 4414 698 4480 est,
726 4413 759 4469 et
784 4402 1024 4491 multomagis
1047 4426 1106 4471 ex·
1158 4418 1378 4475 accesserunt
1402 4417 1435 4472 et
1458 4401 1534 4469 ludi
1557 4397 1793 4487 ingeniorum.
1847 4388 1889 4458 ln
1904 4384 2141 4477 Argisutes·
2256 4398 2259 4403 ’

119 4502 258 4572 cellens
275 4502 395 4569 lumen
413 4502 450 4568 in
468 4502 721 4571 excellentibus
738 4503 939 4576 artificibus.
1159 4520 1237 4578 sent
1259 4506 1397 4576 ioelicia
1420 4500 1602 4588 coniugia,
1642 4497 1822 4566 colebatur
1851 4504 1962 4558 statua
1992 4489 2142 4559 lunonis

228 4600 386 4671 Primum
405 4626 488 4690 ergo
511 4603 703 4692 cogitantes
725 4605 769 4673 de
791 4605 945 4690 artibus,
972 4606 1107 4676 fontem
1159 4624 1282 4679 tenens
1299 4609 1338 4675 in
1356 4608 1496 4675 sinistra
1522 4622 1665 4693 pomum
1687 4596 1878 4688 punicum,
1903 4592 2057 4684 1111111011
2080 4593 2145 4660 ad·

116 4703 316 4794 sapientiae
368 4702 479 4772 Deum
532 4726 761 4792 agnoscamus
803 4719 839 4775 el
878 4708 1108 4778 celebremus.
1160 4710 1301 4778 volabat
1331 4707 1493 4789 csscctlus,
1522 4717 1557 4772 et
1585 4702 1765 4770 finxerunt
1790 4694 1907 4763 lovem
1940 4693 2055 4781 specie
2081 4714 2142 4759 cu·

117 4804 264 4877 Deinde
283 4804 435 4888 artibus,
461 4804 545 4894 quia
567 4819 676 4874 totam
693 4807 800 4875 vitam
818 4809 1035 4897 corporalem
1055 4832 1109 4877 re·
1161 4811 1231 4879 culi
1258 4811 1413 4900 primum
1433 4807 1474 4875 ad
1495 4803 1666 4873 lunonem
1684 4800 1831 4869 venisse.
1883 4793 1935 4863 lta
1958 4788 2147 4861 horribili-

118 4920 233 4997 gunt,
253 4920 397 4975 utamur
419 4908 509 4975 sicut
525 4907 649 4991 iussit,
676 4917 708 4974 et
729 4931 794 4998 pro
818 4909 868 4977 eis
890 4910 1017 4997 gratias
1035 4909 1111 4980 Deo
1162 4927 1218 4981 ter
1232 4906 1409 4980 bumanae
1430 4921 1567 4977 mentes
1593 4904 1668 4971 sine
1692 4902 1770 4970 luce
1793 4895 1893 4965 verbi
1918 4907 1951 4962 et
1972 4896 2047 4963 sine
2063 4890 2148 4983 Spi-

120 5029 284 5097 ngamus.
337 5006 378 5078 Si
401 5009 462 5099 qui
489 5008 693 5100 vituperant
719 5021 830 5094 artes,
861 5010 988 5081 furiosi
1010 5026 1113 5093 sunt,
1164 5014 1236 5082 ritu
1266 5025 1386 5081 sancto
1417 5005 1642 5079 contumeliis
1673 5026 1795 5073 verum
1827 4996 1940 5068 Deum
1971 4994 2150 5077 afficiunt,

121 5124 160 5181 et
179 5122 308 5177 nocent
326 5104 513 5177 bominum
529 5111 639 5193 vitae,
665 5122 698 5178 el
714 5106 830 5180 Deum
849 5126 1008 5181 autorem
1027 5138 1114 5183 con·
1165 5115 1256 5184 sicut
1271 5115 1310 5182 in
1326 5112 1480 5182 Ecclesia
1495 5112 1585 5179 ritus
1601 5104 1782 5195 depravati
1806 5110 1906 5177 sunl,
1933 5094 2152 5165 1111111111ῑᾶἲῖ

122 5210 279 5282 tumelia
305 5210 476 5282 afficiunt.
534 5210 690 5281 Nomino
715 5224 830 5280 autem
852 5207 1116 5302 pbilosopbiam
1166 5229 1282 5302 gestus
1304 5210 1447 5284 ethnico
1472 5234 1588 5292 more,
1623 5206 1811 5276 collocatae
1834 5210 1917 5267 ssent
1940 5211 2092 5281 statuae,
2118 5209 2155 5267 et

120 5335 191 5383 seu
206 5325 298 5380 artes
314 5312 462 5381 noticias
471 5314 726 5404 principiorum
744 5324 779 5383 et
790 5315 1119 5403 demonstrationes,
1167 5320 1213 5387 ad
1233 5339 1292 5387 eas
1312 5317 1411 5386 velut
1431 5317 1475 5385 ad
1500 5311 1648 5382 numina
1673 5324 1883 5375 concursum
1906 5312 1979 5385 est,
2005 5299 2156 5369 circurn-

177 5413 365 5484 Mssasrn.
395 5418 498 5484 Orsa.
521 5417 605 5482 Vos.
634 5416 712 5483 XV.
1623 5404 1673 5475 79
