4522 5782
110 221 212 306 1065
783 211 1033 292 EPlSTObA
1057 211 1465 292 nuncupatottttt.
2045 225 2128 305 1050
2156 256 2159 315 3

114 397 329 494 prolixiores
360 406 395 464 et
424 388 657 463 accuratiores
690 389 963 460 commentarios
996 387 1102 458 etiam
1150 388 1327 479 gationem
1350 405 1537 483 quaemut.
1606 390 1699 483 Quis
1726 420 1810 485 vero
1832 411 1888 473 est
1912 422 2000 471 sana
2024 420 2126 477 mente
2156 470 2158 515 Ι

96 514 215 571 'enum
232 500 349 567 locum
367 509 401 565 et
413 519 513 565 suam
530 494 670 562 laudem
686 485 782 561 haud
801 492 909 560 dubie
925 494 1018 580 apud
1043 489 1102 559 iu·
1152 491 1349 582 praediun,
1374 493 1431 562 cni
1448 507 1483 563 et
1499 496 1623 588 religio
1639 512 1672 565 et
1687 512 1830 571 aeterna
1848 504 1948 573 salus
1963 528 2064 575 curae
2076 524 2127 595 est,
2156 520 2158 543 ¹

111 601 312 691 telligentcs
326 610 361 667 et
376 611 467 668 recte
484 597 680 665 iudicantes
695 594 740 662 sit
758 587 957 664 habiturus.
1151 593 1213 685 qul
1237 615 1311 661 ⁰⁰¹¹
1337 589 1578 681 ῦοῦθῑῑθῦΰθῑ,
1621 601 1795 690 ³⁸Plcl‘ss8
1826 599 1917 675 hm
1943 613 2124 697 [ΨΜ1ῐᾶ

225 700 377 770 Talibus
398 713 432 769 et
456 697 619 789 pluribus
640 695 721 765 aliis
739 695 954 782 argumentis
970 692 1103 784 impul·
1150 695 1298 763 vrtluera
1314 708 1346 763 et
1363 697 1516 787 pericula
1537 698 1739 772 Ecclesiae?
1781 703 1827 775 Ut
1845 708 1945 776 enirn
1961 704 2052 780 nihil
2068 714 2124 781 iam

115 825 291 886 sussum,
318 814 358 871 ut
373 799 540 889 neglectis
564 821 687 867 eorum
711 796 1024 877 incursationibus,
1041 793 1103 886 qui
1150 796 1310 864 dicamus
1324 799 1369 865 dc
1385 792 1546 868 hostibus
1557 800 1640 871 Filii
1660 804 1735 888 llci,
1762 804 1895 878 'l'urcis
1912 822 1948 879 ct
1968 811 2056 897 aliis,
2075 817 2124 909 qni

114 905 242 976 ,lienis
256 903 397 993 scriptis
411 897 623 970 hocinlelici
639 898 756 967 seculo
771 889 1103 993 quasilcpadpadov·
1151 920 1193 965 es
1219 895 1374 987 professo
1400 898 1576 970 Ecclesiae
1599 906 1732 975 bellum
1763 908 1951 995 inferunt,
1994 925 2027 983 et
2049 918 2124 986 erri-

112 1032 190 1090 τες,
228 1003 486 1074 obtrectatione
519 1000 812 1094 praestantiorum
849 1000 1102 1091 qualicunque,
1152 997 1251 1068 dium
1267 996 1466 1070 minantur:
1499 1004 1535 1071 in
1554 1029 1594 1073 eo
1619 1021 1740 1091 coetu,
1767 1012 1828 1102 qui
1847 1008 1988 1085 Christi
2012 1039 2124 1088 nomer

116 1130 251 1178 nomen
274 1103 615 1195 ,iggenpplgugum
639 1113 832 1197 quaerunt,
858 1096 927 1169 hoc
946 1114 1105 1190 tempore
1153 1100 1358 1191 prolitetnr,
1402 1115 1436 1172 et
1466 1105 1610 1174 titulum
1638 1105 1816 1181 Ecclesiae
1838 1113 1956 1203 gerit,
1993 1121 2125 1190 maxims

117 1206 217 1279 hunc
232 1207 396 1301 quamvis
411 1206 655 1296 imperfectum
682 1203 1014 1273 commentariolum
1039 1224 1105 1291 pu-
1153 1216 1185 1272 et
1205 1203 1446 1292 potentissima
1462 1231 1560 1295 pars,
1585 1208 1717 1280 llorcns
1734 1213 1932 1303 sapientia,
1961 1219 2125 1308 dignitate,

112 1312 305 1393 blitea-am,
341 1310 437 1402 quod
460 1329 545 1377 sane
566 1307 700 1377 lactum
720 1306 842 1375 fuisset
866 1318 900 1373 et
923 1301 1105 1395 tempesti·
1152 1304 1302 1395 opibus,
1328 1320 1363 1377 et
1387 1308 1500 1395 gloria
1524 1312 1728 1383 ordinariae
1747 1315 2006 1399 mccessionis.
2036 1344 2125 1413 purae

117 1414 199 1483 vius
215 1424 250 1481 et
271 1410 401 1496 tutius,
427 1422 462 1481 et
483 1408 607 1481 utilius
626 1401 743 1478 adhue
756 1405 835 1498 ipso
849 1398 1032 1502 Philippo
1050 1404 1105 1472 vi·
1153 1406 1337 1477 doctrinae
1351 1404 1537 1498 Evangelii
1554 1415 1724 1483 acerrime
1744 1419 1981 1505 adversatur,
2015 1436 2049 1494 et
2062 1448 2124 1495 eon

118 1525 242 1597 vente,
276 1512 377 1582 cuius
401 1511 596 1604 praesentis
617 1509 788 1581 autoritas
814 1508 987 1578 efficacius
1009 1528 1105 1576 coru-
1154 1508 1201 1577 sit
1223 1506 1359 1598 polluta
1388 1511 1579 1603 multiplici
1604 1515 1788 1603 idolatria,
1827 1524 1922 1593 adeo
1951 1524 2045 1597 terre
2070 1550 2126 1599 nor
2155 1536 2158 1563 ¹

118 1616 287 1687 mendace
310 1610 378 1685 hoc
403 1614 572 1711 scriptum
588 1611 728 1683 Lectori
754 1610 934 1702 potuisset.
983 1608 1107 1701 Neque
1154 1622 1271 1702 potest
1297 1612 1408 1680 taxari
1433 1636 1531 1683 suam
1556 1618 1789 1709 impietatem,
1812 1622 2158 1723 utexquisitasnpl

119 1740 185 1808 ego
202 1714 347 1809 quidem
370 1714 606 1797 animadverti
631 1735 809 1807 unquam,
834 1712 949 1805 ipsum
973 1704 1106 1781 abhor-
1153 1710 1342 1804 pliciornm
1361 1715 1581 1787 immanitate
1595 1744 1672 1790 eam
1689 1722 1859 1810 stabilire,
1874 1738 1913 1796 et
1930 1729 2051 1800 delere
2061 1732 2126 1803 luo

117 1842 197 1890 rere
210 1819 256 1887 ab
270 1817 425 1887 editione
442 1810 548 1887 huius
564 1816 618 1886 sui
638 1814 767 1906 operis.
821 1813 891 1885 Sed
912 1813 994 1907 quia
1011 1806 1103 1881 mihi
1155 1814 1251 1883 ditus
1276 1838 1398 1885 verum
1425 1818 1642 1890 intellectum
1665 1825 1849 1895 doctrinae
1864 1829 2050 1913 coelestis,
2073 1835 2126 1904 inu

117 1904 259 2011 semper
279 1942 357 2011 spes
380 1932 473 2002 erat,
499 1918 595 1999 fore,
621 1917 737 2006 utid,
764 1918 861 2009 quod
881 1913 1106 2006 explicationi
1156 1939 1296 1985 omnem
1332 1941 1435 1986 usum
1476 1916 1834 2013 propheticorum‘et
1868 1933 2126 2020 apostolicorum

118 2022 292 2092 secundae
323 2017 502 2112 Epistolae
532 2012 649 2088 adhuc
678 2020 795 2102 deest,
839 2017 1032 2109 aliquando
1061 2017 1107 2085 ab
1154 2017 1365 2108 scriptorum
1384 2021 1451 2110 piis
1466 2046 1506 2090 ex
1527 2026 1691 2095 manibus
1708 2042 1923 2121 extorquere
1939 2047 2093 2110 conetur.
2155 2100 2157 2105 .

115 2136 239 2194 autore
263 2122 503 2206 adiiceretur,
545 2120 669 2191 distuli
699 2120 863 2189 consulto
894 2118 1107 2188 editionem:
1260 2119 1317 2189 Ab
1345 2116 1401 2189 his
1432 2128 1716 2214 persecutoribus
1744 2132 1928 2215 veritatis,
1966 2136 2055 2206 falso
2077 2128 2157 2209 sili

117 2222 258 2295 Verum
274 2247 373 2308 cnm,
399 2236 557 2313 utsupra
572 2222 707 2292 dictum
724 2235 787 2306 est,
813 2216 1005 2311 Philippus
1016 2215 1108 2289 mibi
1154 2218 1301 2291 titolum
1315 2214 1494 2295 Ecclesiae
1516 2231 1782 2318 arrogantibus,
1809 2237 1995 2325 premitur
2016 2241 2127 2335 reliqu

117 2325 288 2417 privatim
311 2325 501 2415 explicanti
524 2324 706 2416 aliquibus
726 2319 905 2413 Epistolas
926 2318 1110 2402 Paulinae,
1155 2323 1279 2411 exigua
1302 2325 1516 2412 multitudo,
1549 2354 1641 2422 quae
1665 2356 1785 2402 vocem
1810 2335 1878 2406 Dei
1904 2337 2128 2433 incorruptus
2155 2330 2157 2353 ⁵

118 2423 214 2497 hanc
243 2428 469 2517 scriptionem
506 2426 741 2513 instituisset,
782 2437 818 2494 et
850 2418 937 2493 haec
969 2425 1108 2514 privata
1156 2424 1402 2516 amplectitur,
1433 2442 1468 2500 et
1489 2430 1685 2520 legitimum
1704 2434 2028 2511 sacramentorum
2048 2468 2157 2521 usnnf

121 2528 285 2598 exercitia
309 2541 450 2611 nostra,
477 2528 568 2597 sicut
592 2539 625 2596 et
651 2526 810 2614 publicas
827 2549 971 2617 operas,
997 2526 1108 2594 inter·
1158 2528 1308 2609 retinet,
1341 2527 1416 2618 ipsa
1445 2531 1609 2613 inermis,
1643 2534 1840 2623 imbecilla,
1870 2542 2056 2632 dispersa,
2082 2532 2157 2616 εἰὶ-ι

120 2631 299 2702 turbasset
322 2629 399 2698 lues
425 2629 560 2720 pastilis
586 2624 694 2699 1552.
720 2651 848 2718 cogens
868 2651 934 2697 nos
952 2625 1107 2716 Torgam
1158 2629 1241 2697 rubi
1268 2643 1385 2700 tamen
1414 2631 1558 2704 nidulos
1589 2659 1671 2707 snos
1700 2650 1734 2707 et
1763 2641 1974 2714 defensores
2006 2641 2157 2735 hebent,¹

121 2732 303 2815 secedere,
336 2730 420 2799 talia
449 2744 569 2824 postea
600 2743 759 2821 tempora
789 2742 823 2799 et
845 2743 917 2800 tam
948 2726 1107 2823 inquieta
1133 2788 1137 2835 Ι
1157 2727 1231 2800 Ubi
1247 2745 1282 2800 et
1298 2730 1364 2800 snb
1380 2733 1510 2825 quibus
1526 2748 1619 2806 tutos
1633 2761 1841 2829 congressus
1862 2744 1906 2813 in
1928 2747 2075 2838 publico
2092 2774 2131 2821 es·

125 2846 311 2902 consecuta
340 2845 442 2917 sunt,
483 2845 535 2902 tot
566 2829 845 2923 profectionibus
872 2832 1000 2922 partim
1024 2829 1110 2921 ipse,
1133 2838 1137 2887 t
1159 2832 1292 2915 lebret,
1318 2856 1502 2926 quaecum
1518 2839 1659 2911 veresit
1673 2836 1830 2914 Ecclesia
1853 2859 1890 2916 et
1905 2849 2132 2940 populusllei,
2155 2904 2157 2923 .

122 2934 252 3027 partim
280 2936 385 3002 ambo
408 2934 570 3026 impediti
589 2934 740 3014 suimus,
770 2946 810 3003 ut
835 2933 1111 3004 commentarius
1161 2933 1200 3001 iu
1217 2958 1287 3026 quo
1303 2928 1399 3006 haud
1417 2938 1524 3008 dubie
1538 2940 1641 3012 multi
1657 2956 1739 3013 sunt
1755 2947 1894 3034 renati,
1923 2963 1958 3020 et
1972 2952 2132 3026 donicata
2154 2976 2157 3019 τ

120 3039 323 3119 phantom,
348 3038 433 3104 dum
454 3036 557 3120 vixit,
582 3034 753 3125 compleri
775 3036 988 3129 nequiverit.
1040 3034 1110 3105 Vi·
1160 3031 1254 3114 Dei,
1289 3058 1370 3105 cum
1395 3037 1472 3128 ipso
1498 3041 1625 3112 victuri
1649 3045 1686 3113 io
1711 3059 1853 3118 aeterna
1881 3026 2157 3141 consuetudine!

127 3161 205 3207 sum
223 3152 341 3208 tamen
359 3152 408 3207 cst
429 3137 593 3229 plurimis
608 3136 826 3222 consultum,
842 3151 882 3207 ut
897 3133 1014 3228 potius
1030 3158 1109 3206 mu-
1159 3151 1278 3207 tamen
1297 3149 1348 3209 tot
1364 3155 1398 3210 et
1415 3142 1523 3213 tantis
1547 3145 1816 3218 confusionibus
1831 3162 1865 3219 et
1888 3155 2070 3226 scandalis
2089 3160 2132 3227 dc·
2153 3144 2157 3233 i

126 3241 214 3310 tilus
240 3241 382 3324 edatur,
409 3264 514 3332 quam
537 3262 684 3330 prorsus
706 3240 960 3329 supprimatur.
1019 3237 1112 3308 Fore
1134 3254 1138 3331 ξ
1159 3239 1335 3311 formatur
1358 3256 1452 3313 totus
1480 3257 1616 3326 coetus,
1649 3262 1689 3319 ut
1712 3243 1805 3318 nihil
1831 3250 2008 3327 videatur
2036 3262 2157 3363 miorsl

123 3341 221 3410 enim
246 3341 388 3411 aiebant
418 3336 504 3411 haec
532 3343 606 3432 ipsa
636 3341 832 3427 fragmenta
859 3355 955 3429 grata
979 3339 1111 3424 multis,
1161 3363 1252 3420 esse,
1279 3365 1384 3433 quam
1402 3348 1497 3435 quod
1515 3347 1708 3438 profitetur.

122 3465 214 3536 quae
236 3443 387 3532 priorem
411 3440 607 3532 Epistolam
630 3454 758 3526 totam,
791 3456 826 3512 et
847 3443 1021 3512 secundae
1042 3442 1109 3511 tria
1263 3440 1352 3511 Nam
1375 3445 1404 3512 si
1428 3448 1473 3515 ad
1497 3449 1663 3520 docentes
1685 3453 1872 3544 respicias,
1900 3456 2028 3530 videas
2048 3484 2132 3557 qnot-

122 3544 238 3634 capita
254 3543 292 3610 in
315 3537 381 3611 hac
398 3544 471 3633 ipsa
489 3544 661 3615 brevitate
678 3544 813 3633 egregn’e
830 3542 1017 3617 illustrent.
1134 3545 1243 3675 qaam
1268 3544 1323 3611 vel
1347 3546 1562 3632 ambitione,
1587 3552 1643 3621 vel
1667 3556 1930 3642 aemulatione,
1956 3562 2020 3633 vel
2040 3564 2132 3635 curie·

227 3643 355 3715 Sciunt
396 3659 513 3717 autem
555 3645 816 3735 intelligentes,
855 3644 948 3714 inter
986 3666 1111 3714 omues
1162 3645 1264 3715 sitate
1287 3647 1486 3719 doctrinam
1514 3676 1758 3746 corrumpere,
1799 3671 1835 3729 et
1866 3660 1961 3731 falsa
1993 3665 2132 3757 dogmate

123 3744 230 3818 Pauli
246 3744 444 3839 Epistulas,
469 3744 533 3818 has
560 3771 649 3842 quae
673 3749 717 3817 ad
733 3740 941 3817 Corinthios
962 3747 1113 3839 scriptae
1160 3748 1327 3817 audacter
1341 3770 1522 3840 spargere,
1547 3768 1609 3826 aut
1629 3758 1855 3847 pertinaciter
1873 3763 1972 3833 tueri
1984 3818 1996 3850 ,
2019 3768 2133 3863 aliquos

125 3861 227 3933 sunt,
260 3873 302 3919 ac
325 3850 530 3939 praesertim
555 3849 729 3940 priorem,
761 3862 906 3946 propter
927 3871 1112 3918 causarum
1162 3873 1235 3917 non
1252 3852 1444 3922 necessaria
1470 3856 1663 3926 cer'tamioa
1686 3883 1800 3930 serere
1822 3877 1857 3932 et
1880 3864 2010 3937 fovere
2031 3869 2132 3963 imple

123 3974 212 4045 quas
237 3964 381 4036 tractat,
407 3965 448 4023 et‘
466 3952 714 4045 quaestionum
734 3951 777 4017 de
798 3950 928 4043 quibus
952 3972 1113 4042 pronun·
1162 3950 1336 4020 cabilibus
1369 3954 1489 4039 odiis,
1530 3955 1683 4053 Aliquos
1710 3961 1925 4053 religionem
1964 3967 2132 4052 inflectere,

128 4054 199 4121 ciat
216 4050 367 4136 Paulus,
390 4055 616 4138 varietatem,
644 4051 866 4121 obscuriores
881 4074 970 4136 esse,
997 4066 1030 4120 et
1056 4075 1112 4120 re-
1161 4052 1292 4140 bnger'e
1317 4077 1357 4121 ac
1384 4054 1554 4145 refingere
1577 4063 1621 4128 ad
1650 4070 1778 4134 nutum
1801 4076 1835 4134 et
1858 4069 2077 4162 cupiditates
2095 4072 2132 4142 rel

123 4155 270 4248 quirere
286 4155 462 4224 eruditam
481 4154 762 4240 enarrationem,
789 4177 894 4246 quam
919 4153 985 4223 etsi
1000 4153 1114 4223 fateor
1161 4151 1419 4241 Dominorum,
1448 4159 1503 4227 vel
1524 4173 1708 4247 coetuum,
1734 4190 1890 4259 quorum
1905 4174 2061 4261 gratiam
2075 4176 2134 4268 pltt·

122 4279 165 4325 ex
178 4255 333 4324 aliorum
346 4258 559 4327 doctissimis
570 4254 878 4325 lucubrationibus
891 4256 983 4324 sumi
998 4277 1112 4353 posse,
1162 4256 1212 4324 tls
1227 4254 1381 4336 faciunt,
1408 4282 1514 4351 quam
1530 4263 1679 4351 8l⁰rl³¹1¹
1695 4266 1763 4336 Del
1779 4280 1814 4337 ‘¹
1835 4272 2004 4345 νθῐῖῑὸῑῖὓ
2029 4299 2133 4370 propl-

46 4398 52 4407 ι
122 4370 242 4426 tamen
261 4358 436 4426 affirmare
451 4360 576 4443 ausim,
592 4358 691 4447 pium
709 4356 873 4425 lectorem
891 4357 993 4425 etiam
1008 4351 1115 4426 huius
1162 4356 1361 4446 gationem,
1385 4355 1536 4455 Aliquos
1554 4387 1636 4434 vero
1655 4367 1861 4439 uuiversum
1878 4371 1931 4458 id,
1959 4382 2058 4470 quod
2072 4400 2133 4448 vert

121 4458 240 4549 scripti
250 4459 400 4528 lectione
416 4462 460 4529 ad
477 4460 604 4531 rectius
619 4458 867 4547 intelligendas
877 4454 1112 4550 Paulidispu·
1163 4460 1323 4528 docendo
1347 4473 1594 4547 extruxerunt,
1629 4493 1768 4538 morum
1794 4471 1960 4562 licentia,
1985 4493 2022 4550 et
2042 4478 2133 4573 turpi

121 4560 273 4630 tationes
288 4575 322 4630 et
341 4563 584 4653 responsiones
598 4556 767 4629 nonnihil
783 4560 944 4629 adiutum
960 4559 1016 4643 iri,
1031 4573 1064 4630 et
1082 4558 1114 4630 si
1163 4560 1288 4631 tudine
1305 4560 1398 4630 vitae
1412 4586 1535 4636 rursus
1554 4569 1744 4642 destruere.
1783 4568 1833 4641 Hi
1851 4578 1961 4647 naevi
1977 4579 2133 4677 consprsb‘

122 4655 216 4730 nihil
232 4662 350 4747 aliud,
377 4679 470 4733 certe
493 4665 548 4732 vel
575 4662 783 4734 brevitatem
807 4655 914 4733 huius
930 4684 1113 4729 commen·
1165 4663 1202 4732 iu
1224 4661 1352 4731 ordine
1377 4666 1620 4754 profitentium
1636 4670 1836 4743 doctrinam
1852 4679 2065 4769 coelestem,
2079 4704 2133 4753 oon

123 4763 225 4848 tarii,
252 4752 375 4832 omnes
400 4767 551 4850 otiosas,
588 4789 626 4834 ac
650 4763 914 4854 intempestivas
938 4763 1113 4832 declama·
1163 4776 1310 4854 possunt
1326 4787 1399 4833 non
1418 4770 1625 4841 contristare
1641 4771 1738 4862 pios,
1765 4788 1801 4848 et
1817 4780 1955 4852 multos
1975 4787 2023 4856 ab
2036 4784 2133 4856 Eran-

125 4866 244 4936 tiones
258 4869 537 4955 praecidentem,
561 4867 794 4959 probaturum
815 4887 899 4934 esse.
1162 4865 1246 4955 gelli
1260 4865 1378 4936 studio
1393 4871 1540 4941 reddere
1558 4874 1758 4948 allffllmss·

223 4964 341 5054 Quam
359 4982 474 5036 autem
494 4969 544 5037 stc
559 4965 628 5037 hoc
650 4981 807 5057 tempore
829 4966 898 5056 ptis
919 4966 1113 5036 necessaria
1265 4962 1407 5037 Rursus
1423 4971 1452 5038 si
1468 4976 1511 5041 ad
1530 4976 1710 5046 auditores
1725 4978 1849 5050 ocutos
1868 5000 2072 5070 convertas,
2092 4985 2133 5055 ν’»

123 5081 158 5138 et
174 5069 273 5139 utilis
288 5069 393 5140 lectio
412 5066 593 5161 Epistolae
609 5068 813 5160 praesertim
829 5067 961 5166 prioris
977 5069 1019 5136 ad
1039 5067 1114 5138 Co·
1164 5067 1265 5138 debis
1287 5068 1469 5158 religionis
1493 5088 1528 5146 et
1548 5076 1722 5149 libertatis
1742 5075 1976 5158 Christianae
1995 5088 2134 5162 foedissi-

124 5165 301 5260 cinthius,
328 5174 560 5262 experiuntur
575 5172 647 5255 illi,
673 5169 734 5264 qui
749 5169 927 5239 intuentes
944 5165 1034 5239 hanc
1048 5170 1114 5239 tri·
1164 5193 1261 5238 mum
1278 5171 1447 5254 abusum,
1473 5190 1693 5250 contemtum
1707 5193 1742 5251 et
1764 5184 2027 5273 neglectionem
2041 5189 2133 5262 uncti

126 5272 315 5340 nissimam
344 5274 467 5343 faciem
494 5271 699 5357 Ecclesiae,
741 5270 831 5339 serio
864 5270 989 5340 dolore
1014 5296 1113 5341 com·
1165 5271 1366 5352 ministerii,
1392 5273 1671 5367 disputationum
1688 5282 1957 5373 profanitatem,
1982 5292 2132 5389 direptio·

121 5385 330 5456 morentur,
355 5388 488 5445 etsuae
512 5372 707 5446 moestitiae
730 5395 772 5443 ex
794 5370 903 5442 verbo
919 5370 991 5442 Dei
1015 5374 1112 5444 miti·
1163 5394 1245 5441 nem
1281 5374 1459 5446 bonorum
1495 5378 1694 5470 Ecclesiae,
1733 5383 2030 5476 ingratitudinem
2069 5412 2130 5481 este
