4522 5782
175 218 252 299 stt
318 277 320 281 .
495 240 502 251 ·
764 196 896 274 t’tttn.
920 194 1041 274 ttttt.
1068 194 1280 276 Sfflll'l'd
1305 194 1609 276 rxttottrtm.
1755 244 1815 271 —.
2129 194 2197 271 ⁸⁷6

280 388 376 459 llaec
400 378 577 461 delinitio,
603 388 636 446 et
661 368 736 446 tota
757 372 920 444 doctrina
943 374 988 442 de
1004 373 1167 441 sacerdo-
1220 375 1386 445 catulum
1407 372 1581 457 iusticiae,
1608 396 1688 441 cum
1707 370 1777 454 ait,
1803 386 1843 441 ut
1864 372 1908 442 sit
1934 372 2070 456 iustus,
2096 382 2132 441 et
2149 370 2200 439 io-

180 503 230 569 tio
252 487 404 569 Cbristi,
438 483 539 573 plena
564 492 614 547 est
635 478 921 548 dulcissimorum
955 476 1169 545 consolatio-
1219 479 1375 545 stificans
1398 499 1498 559 etam,
1539 476 1600 567 qui
1634 488 1685 543 est
1709 497 1750 542 ex
1779 476 1848 543 lide
1870 475 1964 558 lesu,
2002 472 2040 542 id
2067 486 2137 557 est,
2165 473 2197 540 io

181 623 286 674 numo
313 605 345 659 ‘¹¹
362 584 520 679 ‘lumldie
539 581 734 668 ⁶⁰dll³¹¹d³·
1219 578 1416 666 Evangelio
1441 577 1640 645 declaratur
1664 576 1802 644 iusticia
1827 576 1917 661 Dei,
1944 577 2041 669 quod
2067 576 2141 667 ipse
2160 576 2197 663 sit

285 691 435 768 Addidit
470 701 585 756 autem
621 681 751 751 Paulus
782 674 851 750 boe
883 679 961 747 loco
997 677 1169 765 singulari
1222 683 1353 763 iustus,
1385 703 1458 747 nou
1490 701 1573 758 nos,
1610 691 1643 746 et
1674 677 1764 745 iuste
1796 681 1939 747 damnet
1965 676 2193 767 peceatumin

184 798 333 875 consilio
349 790 440 862 lunc
455 784 683 878 particulam:
711 780 826 870 Quem
853 781 968 871 posuit
993 780 1169 869 propicia·
1221 782 1405 860 omnibus,
1431 781 1521 849 sicut
1543 781 1679 872 inquit,
1705 793 1744 848 ut
1760 792 1854 849 totus
1880 782 2037 847 mundus
2062 800 2142 846 reus
2159 779 2193 845 sit
2243 838 2246 843 .

184 924 295 989 torem
325 891 512 984 perfidem
536 885 765 973 insanguine
790 884 911 973 ipsius.
981 880 1049 951 llic
1074 882 1167 948 enim
1221 884 1310 954 Deo.
1362 880 1464 951 ltem:
1492 881 1576 950 Tibi
1594 882 1660 948 soli
1678 904 1755 950 sum
1772 895 1933 972 peccator
1947 896 1981 949 et
1999 881 2193 947 atalanten.

188 991 698 1094 deipill⁰³¹l⁰¹¹⁹¹¹⁰⁸d⁰⁰fl
1225 1010 1298 1054 ram
1325 998 1357 1053 te
1379 984 1472 1062 ieci,
1508 983 1705 1052 iustificeris
1736 983 1773 1049 iu
1807 983 2034 1052 sermonibus
2059 982 2143 1063 tuis,
2167 996 2193 1050 et

290 1102 424 1172 Dicunt
447 1091 678 1179 etPapistae,
704 1088 815 1155 lilium
842 1083 906 1155 Dei
931 1085 1172 1160 mediatorem,
1225 1088 1343 1154 cineas
1366 1109 1446 1152 cum
1469 1085 1648 1157 iudicaris.
1718 1081 1881 1154 Declarat
1905 1108 1989 1169 ergo
2017 1085 2111 1153 Deus
2135 1105 2194 1151 sese
2241 1162 2243 1167 Ι

189 1210 423 1280 redemtorem
466 1208 499 1263 et
549 1191 821 1283 propiciatorem
861 1211 961 1264 esse,
1009 1188 1067 1251 sed
1106 1180 1172 1251 ltoc
1225 1188 1909 1275 aa„iustum„dammmqempecoem'
1936 1187 2071 1254 deinde
2089 1179 2195 1254 ΗΜ

191 1316 304 1401 ipsum
328 1313 445 1393 postea
462 1297 599 1377 delent,
625 1293 707 1385 quia
726 1313 867 1381 prorsus
889 1290 1057 1357 omittunt
1075 1310 1172 1351 meu-
1226 1290 1396 1375 daclarat,
1423 1292 1518 1379 quod
1537 1288 1612 1378 ipse
1636 1288 1816 1368 instituet,
1843 1314 1906 1355 uec
1929 1290 1997 1374 ipsi
2022 1312 2088 1354 noe
2110 1285 2196 1354 iusti.

191 1415 323 1481 tionem
346 1403 447 1474 fidei.
484 1399 555 1465 imo
588 1394 711 1462 iubent
735 1406 769 1460 te
802 1391 982 1469 dubitare,
1018 1413 1061 1455 au
1089 1383 1175 1455 ltaec
1227 1396 1328 1460 ficare
1351 1391 1525 1480 possimus
1548 1390 1714 1479 opt-ribus
1738 1390 1834 1477 legis.
1908 1388 2075 1459 lustifieet
2098 1401 2196 1456 autur

191 1508 358 1585 beneficia
382 1503 446 1571 lilii
464 1500 528 1569 Dei
552 1499 593 1565 ad
619 1512 652 1564 te
678 1492 896 1584 pertineant,
922 1491 1103 1570 videlicet,
1130 1512 1174 1554 au
1229 1491 1540 1582 l100m0d05930‚
1579 1492 1711 1560 ,cmm
1742 1492 1947 1559 ,emissione
1980 1502 2198 1581 peccatorum·
2241 1492 2249 1575 q

193 1613 301 1689 sisiu
327 1608 457 1698 gratia,
482 1626 521 1670 ac
544 1611 680 1666 tautum
705 1595 754 1662 sic
776 1595 988 1686 loquuntur:
1014 1587 1177 1658 Christus
1228 1595 1361 1664 Debuit
1386 1593 1494 1679 igitur
1519 1593 1800 1661 iustificatiouem
1823 1609 1862 1661 ut
1887 1593 2001 1675 iufra,
2027 1616 2110 1661 cum
2132 1592 2200 1660 citat
2242 1590 2245 1601 '

194 1714 327 1789 meruli
348 1709 499 1798 primam
517 1696 686 1788 Sillim»
714 1696 750 1765 ld
769 1710 841 1778 ²⁸1,
867 1693 1083 1763 θῑθιῦῖθῐιθῐῐι
1104 1715 1179 1759 me·
1231 1697 1382 1765 dictum:
1417 1691 1515 1761 Beati
1539 1718 1692 1785 quorum
1714 1695 1878 1761 remissae
1893 1709 1978 1763 strrst
2001 1694 2201 1787 iniqiriutes
2242 1710 2249 1733 ⁸

194 1815 322 1890 rendi,
357 1823 397 1878 ut
420 1808 448 1873 si
474 1801 724 1896 paterfamilias
751 1797 797 1867 sit
821 1821 922 1866 servo
955 1796 1111 1885 placatus
1135 1795 1180 1860 ab
1236 1796 1438 1866 lustilicatio
1468 1810 1519 1863 est
1547 1796 1701 1885 acceptio
1737 1797 1954 1865 remissionis
1983 1810 2202 1884 peccatorum,

197 1918 310 1990 amito
335 1913 474 2000 aliquo.
508 1917 628 1993 posteo
658 1912 774 1971 autem
803 1920 924 1970 servus
949 1900 1081 1987 placeat
1109 1895 1181 1961 suls
1233 1923 1292 1967 seu
1309 1897 1604 1965 reconciliationis
1626 1921 1686 1987 per
1702 1897 1821 1980 fidem,
1857 1893 2203 1991 quafiliusDeiton.

198 2018 342 2093 “fficlss·
384 2008 475 2079 ”llll
503 2006 631 2072 ‘l‘ln‘l‘
657 2001 705 2070 ibi
736 2001 867 2089 ¹¹‘80lll
896 2012 946 2067 ⁸⁸¹
970 1997 1022 2065 llll
1055 1997 1180 2064 amico·
1234 2002 1369 2070 solatur
1386 2023 1472 2082 uos,
1495 2002 1684 2068 ostendens
1700 1999 1978 2068 misericordiam
1998 1999 2132 2070 aeterni
2153 2020 2204 2088 pa-

200 2124 257 2195 sa
278 2117 435 2206 Parietes
453 2109 626 2198 capuana
645 2100 847 2191 cartarum,
864 2125 943 2172 eum
962 2100 1100 2187 fingunt
1115 2092 1182 2165 ho·
1236 2103 1300 2172 aa
1316 2101 1354 2168 tn
1372 2097 1662 2188 vocanturque,
1681 2114 1712 2169 a
1728 2101 1939 2185 ithumae
1953 2115 2072 2172 moue
2085 2114 2204 2171 aecana

201 2224 331 2293 minem
365 2228 482 2305 postea
518 2208 671 2298 propriis
712 2204 906 2275 virtutibus
940 2202 1071 2275 iustum
1100 2221 1186 2282 esse,
1207 2217 1214 2365 q
1237 2203 1387 2272 vivificat
1415 2224 1497 2287 nos,
1527 2218 1556 2268 et
1584 2205 1643 2270 dat
1666 2201 1839 2291 Spiritum
1863 2218 2049 2282 sanctum,
2084 2202 2206 2272 aeiacit

200 2349 273 2395 non
303 2323 392 2397 fide,
431 2338 504 2381 non
535 2305 776 2377 misericordia
801 2319 944 2396 propter
971 2303 1085 2372 filium
1108 2299 1186 2381 Dei,
1239 2329 1302 2371 nos
1326 2300 1492 2371 ltaeredes
1509 2304 1598 2373 vitae
1619 2320 1789 2375 aeternae.
1842 2301 2207 2375 Sic0110b30„035„‚
2248 2322 2250 2343 .

201 2432 372 2515 imputata
393 2417 541 2485 iusticia.
714 2450 725 2467 ι
1240 2408 1333 2499 quit:
1362 2404 1432 2493 Qui
1456 2399 1562 2474 habet
1588 2406 1719 2487 tilium,
1750 2402 1993 2477 halietvitam.
2047 2404 2207 2475 Heedell·

307 2524 351 2592 Al
377 2513 605 2587 ⁰¹¹mp³²¹¹¹¹⁵
628 2509 788 2578 ¹¹⁰ml¹¹³¹
810 2501 1012 2587 hlcffleme
1037 2504 1189 2595 0ΙΨθῐῑῖῑ
1243 2509 1377 2576 uitione
1407 2508 1625 2575 considerata
1650 2508 1798 2594 intelligi
1823 2521 1964 2598 potest,
2007 2533 2085 2576 non
2107 2505 2209 2577 divelli

205 2654 280 2701 eam
306 2619 543 2693 dubitationi,
583 2613 659 2680 vult
684 2610 776 2677 vinci
800 2606 1077 2689 dubitationem,
1113 2605 1188 2674 vult
1242 2609 1484 2679 remissionem
1511 2621 1753 2697 peccatorum,
1779 2624 1812 2678 et
1837 2610 2135 2693 vivificationem,
2163 2608 2210 2676 sed

206 2725 477 2824 applicationem
496 2716 571 2786 fieri
588 2716 672 2796 lide,
698 2713 774 2780 vult
798 2724 831 2778 te
854 2708 1002 2776 firmiter
1025 2722 1189 2785 statuere,
1243 2708 1327 2780 haec
1346 2709 1552 2777 correlative
1569 2733 1605 2778 ,e
1629 2705 1775 2778 ham„
1800 2711 1850 2780 sic
1872 2711 1968 2779 enim
1994 2712 2032 2781 fi¹
2058 2709 2211 2783 remissio,

207 2833 472 2927 quodpropter
504 2815 599 2888 ltuuc
631 2815 927 2905 propiciatorem,
962 2832 1023 2878 seu
1048 2825 1192 2899 propter
1244 2838 1323 2882 curu
1346 2812 1414 2878 lide
1439 2810 1628 2899 accipitur,
1655 2814 1801 2901 cogitata
1826 2838 1912 2881 voce
1933 2811 2133 2905 Evangelii.
2178 2805 2212 2879 Et

208 2940 283 3006 eius
297 2924 536 3000 obedientiam
560 2917 750 3006 accipimus
773 2912 1012 2982 remissionem
1032 2925 1190 3001 peccatu·
1245 2910 1308 2981 bac
1328 2914 1394 2979 fade
1411 2913 1571 2981 intuente
1586 2914 1823 2981 obedientiam
1839 2914 1904 2985 lilii
1920 2912 2005 3000 Dei,
2040 2917 2116 3007 ipse
2137 2912 2212 2981 filios
2249 2928 2251 2939 ·

208 3061 309 3119 rum,
342 3023 668 3100 reconcilatiouem,
709 3041 769 3083 seu
791 3015 1083 3103 acceptationem,
1125 3013 1193 3079 im·
1246 3008 1501 3111 idyocaeterui
1529 3015 1656 3104 patris,
1682 3015 2046 3086 vivificatoredentes
2073 3012 2211 3088 ethabi·

210 3149 328 3232 putata
347 3128 484 3198 iusticia
503 3137 644 3212 propter
658 3118 863 3206 sanguinem
884 3115 1103 3195 mediatoris,
1127 3113 1211 3180 sci-.
1247 3133 1295 3185 tat
1317 3118 1353 3184 in
1373 3117 1441 3191 eis,
1468 3114 1606 3205 Spiritu
1622 3131 1742 3185 sancto
1760 3118 1973 3186 confirmans
1990 3122 2111 3190 corda·
2160 3115 2213 3184 Νρ.

141 3236 144 3243 ’
211 3246 311 3319 li'cet,
337 3236 466 3302 donata
485 3225 589 3294 nobis
612 3222 723 3313 ipsius
747 3217 968 3297 obedientia,
995 3220 1088 3283 sicut
1112 3239 1192 3304 pro·
1249 3242 1315 3311 que
1333 3233 1451 3287 tamen
1469 3221 1503 3284 lit
1523 3217 1711 3285 vivificatio
1726 3230 1784 3286 aut
1800 3214 1885 3287 baec
1902 3215 2138 3303 inhabitatio,
2161 3214 2214 3284 nisi

212 3358 291 3434 pter
306 3361 381 3405 eam
398 3337 506 3401 simus
523 3327 624 3405 iusti,
650 3324 685 3389 id
712 3335 781 3400 est,
809 3320 982 3406 placentes
1008 3334 1041 3385 et
1062 3317 1193 3402 accepti
1249 3319 1446 3409 praeluceat
1461 3320 1562 3401 fides,
1590 3321 1649 3410 qur
1668 3321 1795 3389 mmm.
1812 3323 2015 3391 obedientia
2035 3323 2100 3390 5¹53
2117 3319 2187 3391 Dei·
2249 3342 2251 3347 .

213 3447 305 3516 Deo.
359 3435 409 3502 lta
436 3451 572 3517 semper
594 3436 712 3492 manet
737 3422 839 3488 nobis
860 3420 953 3487 lilius
970 3419 1196 3508 propitiator,
1358 3419 1426 3487 Sed
1443 3444 1506 3488 cur
1521 3421 1656 3512 iuquit:
1683 3420 1973 3492 Praecedentium
1987 3416 2216 3512 peccatorum?

214 3554 358 3638 Ps⁰lllel
374 3556 475 3626 ‘luem
495 3529 689 3619 P¹³⁰⁰¹¹¹¹¹32
714 3546 786 3590 ¹¹⁰⁰
808 3536 950 3611 l³l⁰llter
970 3534 1106 3590 ¹¹⁰⁵lr³⁸
1124 3520 1196 3585 vlr-
1221 3591 1225 3611 ‚
1252 3520 1321 3591 llic
1337 3524 1550 3608 respondent
1569 3521 1710 3613 quidam
1728 3522 1818 3592 banc
1837 3526 2048 3615 particulam
2068 3527 2215 3594 adiectau

215 3660 324 3725 tutes,
351 3661 439 3730 quae
457 3654 528 3700 uon
550 3639 695 3719 possunt
712 3623 844 3714 opponi
865 3623 936 3690 irae
953 3620 1029 3689 Dei.
1250 3647 1342 3704 esse,
1364 3635 1402 3690 ut
1419 3626 1567 3690 sciamus
1584 3626 1620 3690 in
1638 3621 1830 3713 Evangelio
1855 3650 1929 3694 non
1954 3627 2106 3696 concedi
2129 3626 2216 3694 licen.
2250 3650 2252 3659 .

315 3738 456 3811 Habent
474 3731 679 3800 excellentes
700 3726 846 3794 virtutes
872 3737 905 3793 et
928 3724 1068 3792 divinas
1090 3719 1196 3789 actio·
1251 3726 1334 3793 tiam
1353 3727 1537 3812 peccandi,
1563 3728 1621 3792 sed
1638 3726 1786 3795 sciamus
1804 3742 1941 3818 peccata
1959 3730 2096 3801 remitti
2121 3730 2155 3796 in
2170 3722 2217 3804 hta

216 3871 278 3922 nes
296 3848 333 3914 in
351 3863 444 3920 sese,
472 3827 615 3920 loseph,
641 3826 757 3909 Elias,
778 3824 949 3909 Elisaeus,
976 3822 1115 3906 Daniel,
1139 3822 1197 3888 sed
1250 3826 1312 3916 qui
1338 3840 1444 3911 agunt
1472 3828 1744 3914 poenitentiam,
1779 3830 1961 3920 inquibus
1979 3829 2218 3921 peccatumde-

216 3951 280 4021 bas
299 3947 446 4013 virtutes
463 3950 495 4004 et
513 3934 669 4003 actiones
684 3929 824 3997 divinas
837 3951 910 3993 non
933 3939 1120 4015 opponunt
1145 3924 1198 3988 iu-
1252 3927 1335 3997 ,init
1352 3950 1509 4015 regum
1554 3929 1606 3998 A„
1623 3927 1813 3997 Novafiani
1833 3926 1899 3999 hoc
1917 3931 1996 4000 loco
2014 3933 2118 4002 abusi
2140 3940 2217 4000 sum:

219 4052 312 4123 dicio
327 4045 413 4126 Dei,
439 4040 498 4109 sed
517 4032 725 4120 confugiunt
740 4033 782 4096 ad
805 4029 1034 4096 mediatorem
1062 4040 1094 4093 et
1117 4048 1200 4112 pro-
1252 4053 1331 4098 erran
1350 4053 1421 4096 uon
1444 4045 1609 4120 sequatur
1629 4031 1729 4113 iude,
1759 4033 1878 4120 bapsis
1900 4033 1930 4100 si
1950 4056 2078 4103 rursus
2093 4052 2218 4103 conver·

219 4142 359 4225 missam
375 4135 670 4214 misericordiam,
686 4146 719 4198 et
735 4144 893 4198 statuunt
910 4153 944 4195 se
962 4128 1096 4218 placere
1113 4123 1200 4200 Deo,
1254 4145 1395 4210 tantur,
1423 4156 1496 4197 non
1517 4134 1645 4199 remitti
1670 4134 1814 4200 delicta:
1842 4135 2127 4228 quotiescunque
2146 4131 2219 4201 eniu

221 4280 282 4349 per
304 4242 579 4319 misericordiam
604 4247 745 4324 propter
769 4233 1014 4312 mediatorem,
1050 4231 1138 4296 sicut
1164 4227 1200 4292 iu
1257 4234 1295 4302 fit
1311 4232 1489 4314 remissio,
1514 4235 1550 4301 lit
1568 4237 1852 4321 praecedentium
1874 4253 2100 4326 peccatorum
2119 4234 2221 4306 femie.

220 4356 360 4428 Psalmo
379 4348 529 4440 diciturt
560 4338 773 4408 Convertere
786 4312 960 4415 Doinine,
985 4331 1203 4420 eteripeme
1255 4336 1318 4406 sio.
1345 4331 1415 4403 Sed
1431 4330 1585 4403 ltocloco
1602 4337 1761 4404 remissio
1779 4355 2001 4425 peccatorum
2019 4352 2222 4410 nontantuu

221 4469 365 4551 propter
382 4440 656 4516 misericordiam
674 4450 791 4517 tuam,
817 4435 951 4500 salvum
972 4457 1025 4498 me
1042 4433 1106 4500 fat·
1157 4426 1203 4497 Ει
1255 4440 1299 4504 de
1319 4436 1516 4504 actualibus
1539 4437 1677 4505 delictis
1702 4440 1932 4527 intelligitur,
1969 4443 2030 4507 sed
2055 4445 2101 4511 de
2123 4439 2240 4509 remiss

221 4556 349 4629 Daniel
371 4547 507 4639 inquit:
535 4540 616 4609 Nou
638 4540 674 4605 in
695 4537 965 4605 iusticianostra
984 4534 1205 4614 exaudinos,
1256 4538 1353 4606 sione
1369 4539 1558 4607 actualium
1578 4553 1795 4626 peccatorum
1814 4554 1846 4609 et
1868 4541 2077 4628 originalis,
2102 4566 2172 4637 quo
2188 4564 2225 4609 rt·

222 4663 280 4733 sed
316 4664 458 4747 propter
486 4643 681 4715 Dominum
712 4661 775 4729 per
802 4635 1091 4707 misericordiam.
1256 4640 1363 4706 misso
1381 4640 1417 4706 in
1436 4635 1500 4709 bac
1514 4643 1584 4708 vita
1601 4656 1716 4709 tamen
1734 4644 1880 4710 morbus
1896 4656 2028 4712 manet.
2070 4644 2139 4716 Sed
2155 4643 2226 4713 Pett-

1160 4801 1166 4816 ,
1259 4742 1313 4809 lus
1337 4742 1486 4830 opponit
1503 4736 1594 4811 banc
1618 4744 1824 4831 particulam
1850 4742 2147 4816 praecedentium
2167 4766 2229 4837 pet·

224 4824 287 4901 Ad
306 4815 544 4895 ostensionem
569 4805 736 4880 iusticias
757 4827 847 4876 suae
861 4812 1007 4899 propter
1022 4801 1204 4872 remissio·

542 4937 622 4982 mm
647 4918 886 5006 peccalorum·
1259 4855 1436 4931 catorum,
1462 4841 1566 4929 Legi,
1591 4847 1689 4935 quasi
1707 4847 1817 4913 dicat:
1844 4845 1897 4914 Ne
1921 4847 1976 4914 lex
1997 4849 2146 4940 quidem
2160 4848 2227 4915 abo·
2251 4832 2253 4849 Ι

1260 4943 1347 5012 levit
1369 4959 1567 5032 peccatum,
1590 4950 1649 5013 sed
1671 4947 1705 5014 id
1730 4948 1906 5037 praecedit
1929 4951 2048 5018 donec
2072 4949 2229 5040 agnitioot

324 5064 364 5135 ld
390 5071 459 5141 est,
484 5068 526 5124 ut
547 5052 702 5122 declaret
723 5068 821 5114 suam
838 5042 1014 5114 iusticiam
1029 5043 1070 5111 iu
1086 5043 1209 5112 remis·
1246 5058 1296 5114 et
1327 5046 1454 5114 fiducia
1489 5045 1638 5116 Messiae
1671 5049 1826 5130 tollitur,
1860 5050 1949 5118 sicut
1987 5067 2112 5143 postea
2143 5052 2254 5145 diuo,

226 5176 326 5243 sione
351 5173 593 5257 peccatorum,
628 5163 664 5219 et
686 5149 1007 5239 sequiturpostea‚
1047 5147 1141 5237 quod
1165 5146 1212 5214 sit
1264 5146 1385 5240 Usque
1410 5150 1453 5216 ad
1478 5149 1588 5237 legem
1613 5164 1790 5239 peccatum
1806 5151 1873 5219 suit
1891 5151 1928 5219 iu
1947 5156 2107 5240 mundo,
2139 5155 2173 5222 id
2187 5161 2232 5230 ed,

229 5277 341 5343 iustus
357 5280 389 5335 et
405 5260 598 5330 iustificans
617 5275 716 5321 eum:
736 5249 804 5339 qui
820 5261 871 5316 est
888 5271 928 5316 ex
945 5249 1013 5315 fide
1031 5244 1119 5319 lesu.
1158 5247 1212 5316 Ac
1264 5252 1370 5319 etiam
1390 5274 1471 5319 curu
1493 5252 1548 5321 lex
1571 5254 1640 5320 lata
1664 5265 1734 5344 est,
1760 5268 1968 5323 manserunt
1985 5269 2106 5325 tamen
2133 5274 2232 5344 pecct-

229 5374 360 5442 Paulus
375 5387 457 5433 mox
474 5359 652 5440 declarat,
679 5351 859 5443 quomodo
874 5349 960 5418 velit
984 5349 1133 5438 intelligi
1150 5373 1212 5417 vo·
1248 5365 1342 5427 ¹tum
1355 5367 1388 5423 et
1404 5376 1511 5427 mors.
1560 5354 1718 5426 Tollitur
1733 5368 1852 5426 autem
1867 5357 2055 5445 agnitione
2070 5372 2104 5429 et
2125 5354 2231 5426 fiducie
