4522 5782
189 382 276 470 beh't
297 395 396 485 vitii,
424 397 500 467 'r'ton
523 392 654 469 debent
676 396 813 490 opponi
835 396 947 467 licmis
968 396 1180 470 testimoniis

192 502 403 593 scripturae,
430 499 514 595 quia
532 504 638 571 etiam
658 500 815 594 reliquae
832 514 960 571 aetates
978 495 1182 571 babuerunt

194 616 257 673 sua
279 603 515 674 incommoda.
568 599 665 673 Haec
686 602 944 694 simplicissime
965 603 1041 671 sine
1058 598 1180 694 sophi-

116 726 120 738 ’
189 699 278 779 stica
292 707 490 800 respondeo
506 707 552 776 ad
567 707 675 777 verba
691 705 884 778 oblationis
899 718 935 779 et
948 705 1122 779 sacrificii.

570 905 626 980 De
648 908 795 986 Basilio.

294 1044 337 1119 lu
351 1046 484 1119 Basilio
508 1060 627 1118 extant
651 1047 754 1119 utilia
777 1045 978 1118 testimonia
996 1046 1040 1117 dc
1055 1042 1181 1117 Trini-

194 1164 282 1232 tate,
309 1154 402 1221 etde
419 1150 634 1242 poenitentia
652 1164 774 1220 contra
788 1146 980 1224 Novatum.
1031 1145 1074 1217 ln
1089 1172 1182 1240 ,cou-

195 1254 297 1324 cione
315 1258 357 1322 de
373 1248 574 1323 bumilitate
590 1253 698 1349 tradit
714 1252 887 1344 egregiam
904 1251 1115 1322 sententiam
1137 1253 1182 1320 de

85 1355 87 1358 ⁴
193 1356 333 1426 iusticia
367 1355 468 1434 fidei,
508 1379 598 1447 quae
631 1355 736 1425 nobis
776 1368 895 1447 aperte
929 1353 1181 1445 patrocinatur.

192 1455 282 1529 Sine
304 1440 376 1527 ulla
395 1451 584 1547 sophistica
600 1450 757 1528 detrahit
775 1455 1057 1527 iustificationem
1075 1453 1181 1527 bonis

194 1560 380 1651 operibus,
415 1582 481 1629 nec
510 1559 671 1650 loquitur
700 1560 745 1629 de
773 1558 1087 1642 memorialibus,
1119 1557 1180 1627 sed

194 1664 241 1731 de
264 1662 431 1730 omuibus
454 1661 663 1741 virtutibus,
703 1685 768 1731 nec
795 1654 933 1732 lantum
956 1659 1117 1753 loquitur
1137 1660 1182 1728 de

194 1763 364 1855 operibus
383 1776 465 1832 ante
481 1764 771 1849 renovationem,
794 1765 854 1833 sed
871 1764 916 1832 de
930 1763 1124 1833 virtutibus
1142 1762 1180 1830 in

194 1865 393 1944 renovatis,
419 1888 460 1934 ac
473 1865 573 1934 iubet
589 1865 738 1950 sentire,
765 1866 859 1959 quod
876 1864 950 1935 sola
968 1864 1095 1934 fiducia
1112 1863 1180 1932 mi-

194 1967 406 2038 sericordiae
446 1981 592 2058 propter
624 1961 804 2039 Christum
841 1967 1059 2064 promissae,
1096 1965 1180 2037 iusti

193 2068 315 2140 simus.
367 2067 485 2138 Verba
502 2069 578 2138 eius
590 2063 678 2139 haec
693 2086 793 2143 sunt:
827 2070 928 2140 Dicit
946 2082 1063 2139 autern
1081 2066 1182 2160 Apo·

191 2170 321 2242 stolus:
355 2169 429 2259 Qui
453 2171 644 2259 gloriatur,
674 2172 713 2240 in
734 2174 888 2242 Domino
912 2173 1100 2260 glorietur,
1125 2170 1183 2239 di·

193 2296 276 2344 cens
305 2276 401 2366 quod
426 2270 590 2344 Christus
617 2273 720 2343 nobis
747 2274 858 2344 lactus
887 2273 934 2343 sit
961 2273 1179 2365 sapientias

192 2372 292 2465 Deo,
325 2374 483 2454 iusticia,
510 2374 737 2446 sanctificatio
759 2390 793 2446 et
816 2377 1006 2460 redemtio,
1028 2389 1067 2447 ut
1092 2375 1183 2445 siccat

194 2477 364 2568 scriptum
395 2488 464 2562 est,
504 2476 720 2566 gloriaturos
750 2478 788 2546 in
811 2476 968 2548 Domino
998 2477 1181 2569 glorietur.

191 2576 292 2649 Haec
307 2591 359 2648 est
373 2579 469 2647 enim
485 2578 638 2669 perlecta
654 2595 687 2651 et
701 2579 837 2670 integra
853 2580 1019 2670 gloriatio
1035 2580 1072 2648 io
1089 2579 1182 2660 Deo,

191 2682 338 2776 ‘quando
354 2681 556 2775 nequidem
574 2693 721 2773 propter
741 2683 915 2752 iusticiam
936 2707 1034 2753 suam
1052 2681 1182 2776 aliquis

189 2783 356 2868 effertur,
382 2787 442 2852 sed
462 2785 621 2873 agnoscit
639 2783 708 2853 sibi
723 2784 842 2854 deesse
857 2788 978 2855 veram
994 2785 1183 2869 iusticiam,

190 2886 262 2955 lide
285 2899 402 2954 autem
428 2885 502 2955 sola
533 2886 571 2955 iu
595 2879 779 2956 Christum
804 2886 1010 2969 iustificari,
1045 2900 1079 2957 et
1104 2888 1182 2978 glo·

188 2987 305 3058 riatur
320 2985 452 3057 Paulus
467 3010 504 3055 se
527 2988 707 3079 despicere
727 3010 828 3060 suam
850 2989 1047 3076 iusticiam,
1073 3013 1182 3083 quae·

191 3113 270 3158 rere
293 3103 410 3159 autem
435 3091 504 3159 fide
528 3115 590 3183 pec
604 3086 788 3162 Christum
811 3092 1005 3174 iusticiam,
1033 3115 1123 3186 quae
1141 3115 1182 3160 cx

187 3189 268 3262 Deo
290 3205 354 3266 est.

295 3324 393 3397 Haec
409 3328 516 3397 verba
540 3327 624 3396 satis
649 3328 843 3400 ostendunt
858 3326 1032 3401 Basilium
1051 3331 1102 3402 sic
1125 3330 1183 3400 in-

193 3426 363 3500 tellixisse
378 3430 552 3498 iusticiam
569 3430 647 3514 fide,
674 3431 770 3522 quod
789 3432 1015 3503 sentiendum
1031 3435 1089 3519 sit,
1115 3457 1182 3503 nos

193 3532 262 3600 fide
287 3544 431 3622 propter
455 3526 636 3601 Christum
662 3555 726 3623 pec
756 3533 1035 3604 misericordiam
1061 3537 1183 3621 iustos,

192 3628 323 3720 idest,
357 3648 518 3726 acceptos
539 3656 633 3719 esse,
657 3657 731 3704 uon
754 3649 901 3729 propter
925 3637 1085 3731 proprias
1106 3640 1180 3710 vir·

189 3742 295 3811 tutes.

299 3869 486 3944 Caeterum
520 3873 617 3965 quod
651 3869 807 3944 Basilius
838 3853 993 3966 primum
1030 3877 1183 3950 instituit

194 3990 314 4047 coetus
330 3969 606 4058 monachorum,
629 3974 665 4045 id
681 3977 881 4068 exemplum
898 3979 1039 4065 nocuit,
1065 3993 1100 4050 et
1115 3980 1182 4048 ali·

194 4080 282 4173 quid
309 4072 433 4149 habuit
458 4077 557 4160 vitii,
583 4076 720 4147 etiamsi
744 4078 820 4170 ipse
844 4079 1000 4169 primurn
1025 4104 1098 4150 uon
1116 4076 1181 4150 ha·

794 184 923 280 tutu
947 200 1066 286 lillis
1090 196 1304 281 settim
1329 200 1633 290 monim.

2164 142 2169 152 Ι

2082 214 2216 297 ,iii

1471 391 1527 467 oe
1549 391 1727 489 capas
1750 391 1996 471 usam·

1334 563 1577 638 Nazianzenus
1591 568 1753 640 tractavit
1768 568 1959 640 articulum
1973 569 2020 639 de
2033 564 2217 657 Trinitate,

1232 669 1302 741 alia
1320 670 1482 761 dogmata
1506 668 1633 740 leviter
1645 671 1799 762 attingit.
1850 669 2002 764 Scripsit
2025 669 2137 742 vitam
2152 669 2215 767 cy-

1231 771 1371 864 priani,
1393 771 1432 840 iu
1449 796 1518 866 qua
1534 787 1674 858 narrat,
1699 773 1877 866 quandam
1894 773 2051 866 puellam
2072 787 2215 843 sanatam

1233 897 1349 945 esses
1372 871 1551 967 Cypriano
1576 891 1658 947 ante
1688 875 1975 960 conversionem,
2005 898 2103 971 quas
2123 876 2215 945 inro-

1233 1000 1315 1046 cans
1332 975 1485 1046 Mariam
1508 976 1701 1067 virginem,
1726 978 1857 1050 vicerat
1882 976 2038 1069 magicas
2063 975 2214 1049 incanta·

1232 1078 1347 1152 tiones
1362 1076 1545 1174 Cypriani.

1334 1228 1412 1300 Hoc
1441 1230 1639 1321 exemplum
1671 1230 1800 1301 citatur
1821 1233 1867 1301 de
1891 1228 2122 1304 invocatione
2142 1256 2214 1303 san·

1232 1348 1384 1407 ctutum.
1436 1329 1513 1402 Etsi
1530 1345 1647 1402 autem
1670 1333 1904 1403 videturesse
1919 1334 1997 1405 dcta
2015 1334 2165 1422 labella,
2187 1347 2215 1406 et

1232 1442 1352 1527 poste'a
1375 1442 1503 1526 'sparsa
1535 1435 1638 1507 titulo
1659 1432 1892 1520 Nazianzeni,
1933 1448 2056 1507 tamen
2083 1437 2214 1507 etiamsi

1233 1562 1313 1608 vcra
1332 1553 1421 1606 essct
1438 1532 1606 1623 historie,
1632 1561 1705 1606 non
1721 1553 1775 1609 est
1787 1537 1932 1610 citanda
1946 1540 1992 1609 ad
2005 1538 2215 1610 confirmau-

1232 1641 1315 1710 dam
1333 1640 1591 1711 invocationem
1612 1655 1825 1714 sanctorum.
1877 1637 1968 1710 Nam
1986 1663 2129 1712 errores
2146 1641 2214 1733 pio·

1233 1766 1312 1813 rum
1333 1766 1407 1811 non
1430 1756 1514 1814 sunt
1537 1743 1743 1831 opponendi
1768 1742 1878 1811 verbo
1891 1741 1979 1824 Dei,
2006 1744 2216 1837 etumuibut

1232 1844 1406 1915 amoribus
1429 1846 1534 1916 etiam
1559 1845 1609 1936 pii
1635 1844 1674 1912 in
1690 1841 1849 1916 Ecclesia
1874 1837 2009 1917 babent
2024 1844 2215 1917 suasistis·

1233 1947 1382 2019 mitates.

1348 2095 1516 2191 Allcgant
1545 2099 1651 2170 etiam
1684 2123 1725 2170 ex
1756 2098 1891 2172 Basilio
1924 2114 1958 2171 et
1990 2099 2217 2186 Nazisnaeuo,

1233 2202 1332 2298 quod
1364 2202 1401 2270 in
1438 2202 1508 2271 fine
1534 2201 1749 2273 concionum
1780 2204 1827 2273 ds
1855 2204 1988 2274 sanctis
2018 2204 2139 2276 solent
2163 2224 2215 2275 cos

1233 2304 1463 2398 compellare:
1504 2297 1541 2374 Ο
1566 2299 1741 2375 Athanasi
1771 2328 1833 2375 oca
1865 2329 1931 2398 pro
1960 2305 2081 2379 nobis.
2146 2298 2214 2378 Etsi

1233 2423 1349 2479 autem
1376 2403 1444 2477 bac
1467 2402 1703 2499 apostrophae
1725 2430 1767 2476 ex
1789 2403 1978 2480 rhetoricis
2008 2406 2134 2499 liguris
2160 2430 2213 2479 es·

1234 2512 1347 2580 cusari
1375 2523 1540 2599 possunt,
1574 2521 1693 2579 tamen
1715 2507 1793 2579 fieri
1809 2523 1943 2600 potest,
1974 2524 2017 2582 ut
2044 2532 2147 2580 more
2166 2508 2213 2581 sui

1234 2613 1403 2703 temporis
1425 2627 1511 2681 tunc
1535 2611 1781 2683 invocaverint
1802 2626 1953 2686 sanctos.
2004 2609 2101 2682 Nam
2120 2612 2214 2684 invo-

1233 2716 1324 2785 catio
1346 2728 1548 2786 sanctorum
1577 2715 1749 2806 paulatim
1780 2727 1866 2784 tunc
1890 2715 1928 2783 in
1953 2709 2152 2785 Ecclesiam
2170 2715 2215 2785 ir·

1234 2817 1361 2907 repsit,
1387 2830 1420 2886 et
1439 2838 1576 2886 errores
1590 2830 1791 2906 temporum
1807 2811 1954 2888 trahunt
1974 2811 2160 2903 homines,
2179 2826 2216 2888 ul

1233 2919 1360 2991 usitata
1377 2919 1497 2988 minus
1512 2919 1735 3009 improbent,
1752 2934 1785 2988 et
1802 2919 1886 2987 boni
1903 2918 2109 2990 consulant:
2134 2920 2216 2990 sicot

1235 3024 1386 3114 impetus
1409 3020 1601 3091 fluminum
1622 3043 1739 3090 secum
1765 3021 1857 3111 rapit
1880 3021 2103 3111 navigantes.
2154 3020 2217 3093 Not

1233 3138 1352 3196 tamen
1374 3124 1454 3193 ideo
1476 3123 1705 3214 approbanda
1735 3137 1787 3192 est
1807 3123 1987 3221 invocati-o
2009 3136 2216 3195 sanctorum.

1234 3227 1287 3296 Ac
1320 3237 1506 3319 postquam
1543 3248 1622 3294 mos
1668 3225 1808 3310 crevit,
1853 3238 1886 3295 ct
1919 3226 1990 3293 iam
2016 3238 2151 3297 retecta
2171 3234 2217 3297 a!

1234 3329 1414 3420 impietas,
1453 3348 1599 3419 prorsus
1623 3350 1662 3395 ex
1687 3324 1843 3397 Ecclesia
1868 3327 1946 3396 tolli
1970 3326 2095 3399 debet.
2153 3326 2237 3403 Not.

1233 3428 1388 3500 Basilius
1413 3431 1458 3499 de
1481 3429 1706 3499 invocatione
1733 3430 1922 3522 quicquam
1946 3430 2053 3515 dicit,
2086 3444 2217 3503 tant·

1233 3535 1284 3602 ait
1296 3533 1467 3602 celebrari
1482 3531 1688 3600 memoriam
1703 3545 1927 3616 sanctorum,
1951 3545 1991 3600 ut
2008 3550 2137 3608 eorum
2150 3532 2217 3602 rit*

1233 3650 1326 3708 tutes
1340 3635 1541 3718 imitemur,
1562 3645 1598 3704 et
1612 3629 1718 3704 vocat'
1729 3647 1867 3704 sanctos
1883 3633 2069 3705 adiutores
2083 3652 2216 3726 μω·

1233 3750 1456 3819 nostrarum,
1492 3758 1565 3804 non
1588 3737 1683 3828 quod
1708 3737 1780 3806 sint
1803 3736 2015 3819 invocandi,
2049 3739 2113 3808 sed
2141 3756 2216 3831 qm

1233 3862 1358 3910 omnes
1382 3839 1477 3909 beati
1499 3839 1537 3906 in
1554 3837 1653 3907 coelo
1676 3851 1778 3908 ocant
1801 3862 1866 3930 pro
1889 3834 2069 3927 Ecclesia,
2093 3852 2130 3911 et
2149 3856 2215 3910 en

1234 3941 1309 4013 Deo
1326 3942 1587 4012 commendant.

2250 1232 2255 1257 l

2250 1268 2255 1287 l

2249 1292 2255 1305 a

2250 1318 2255 1365 l

2243 3948 2255 4025 l

1334 4078 1561 4186 Epiphanius
1585 4089 1709 4162 scribit
1732 4091 1898 4162 mulieres
1923 4084 2098 4185 quasdam
2124 4093 2213 4163 inso-
2240 4032 2255 4185 l

193 4182 273 4252 buit
301 4203 432 4251 crassas
458 4178 745 4271 superstitiones,
784 4195 819 4252 et
839 4181 895 4250 illi
920 4196 1040 4254 coetus
1066 4178 1183 4254 adhuc
1234 4210 1352 4267 canses
1370 4196 1541 4286 virginem
1559 4191 1731 4273 Mariam,
1761 4194 2129 4266 solitascircumsem
2150 4194 2234 4263 eius.-

187 4284 366 4376 quaedam
389 4283 505 4370 imago
528 4296 629 4351 erant
649 4277 863 4354 scholarum.
913 4279 1181 4355 Circumferun·
1234 4311 1396 4372 spamam,
1449 4286 1670 4367 floccorum
1694 4296 1875 4385 negotium
1898 4288 2104 4369 damnatas
2126 4304 2210 4365 vacat

194 4397 310 4456 lucet
333 4384 418 4453 libri
441 4385 585 4476 quidam
607 4383 870 4466 eiusnomine,
911 4386 974 4478 qui
999 4387 1182 4457 continent
1235 4400 1576 4490 idolatricumopug
1629 4396 1908 4470 concineremus
1925 4392 2238 4490 Epiphaniam--

195 4480 630 4576 1²8⁰l³⁵¹1¹⁰¹¹³0h0fflms
655 4510 807 4577 q⁰⁰r1²¹1¹
831 4489 943 4584 aliqui
961 4482 1056 4558 houd
1075 4488 1183 4559 dubie
1235 4502 1427 4574 lutationes
1449 4517 1607 4570 vetorum
1625 4496 1841 4585 haeresium,
1866 4503 2059 4592 praecipue
2080 4500 2127 4571 de
2140 4495 2209 4569 Tri·

196 4604 280 4660 sunt
301 4587 541 4678 suppositicii,
567 4600 600 4657 et
616 4587 724 4677 longo
741 4602 899 4680 tempore
916 4603 993 4682 pust
1008 4587 1185 4661 Basilium‘
1234 4604 1364 4686 nitate,
1390 4602 1562 4695 espancis
1584 4601 1662 4671 aliis
1683 4603 1857 4688 materiis,
1884 4626 1992 4696 quam
2008 4605 2150 4697 quidem
2165 4594 2209 4669 bi-

198 4693 289 4776 nali,
305 4705 389 4760 sunl
406 4690 501 4759 enlm
517 4689 612 4781 pleni
630 4691 797 4762 falsarum
813 4694 1025 4783 opinionum
1040 4696 1084 4763 de
1102 4718 1183 4764 coe·
1233 4706 1379 4778 storiam
1393 4704 1579 4798 praecipue
1597 4703 1781 4794 legendam
1799 4728 1872 4774 esse
1888 4727 2030 4781 censeo,

187 4793 327 4883 libain,
354 4807 387 4863 et
407 4792 487 4862 aliis
511 4790 666 4860 cultibus
689 4795 893 4884 excogitatis
918 4796 995 4865 sine
1013 4798 1181 4869 mandato

197 4893 284 4981 Dei,
319 4909 354 4967 et
374 4895 559 4965 continent
583 4892 750 4965 ridiculas
781 4921 912 4989 nugas,
947 4911 988 4970 ut
1016 4923 1182 4988 magnum

199 5022 365 5069 acervum
383 5020 580 5087 poenarum
597 5017 658 5065 seu
683 4997 984 5084 satisfactionum,
1009 5026 1098 5094 quos
1122 5026 1185 5070 vo·
2242 5044 2255 5093 p

199 5114 254 5172 cat
272 5093 450 5190 ἐπιτίμιαε
477 5099 507 5168 si
523 5096 640 5167 riserit
656 5098 773 5189 puella
788 5100 827 5167 in
844 5095 971 5186 choro,
997 5106 1114 5173 sedeat
1129 5103 1186 5172 bi·
1340 5094 1585 5193 Chrysostomi
1600 5108 1694 5167 aetas
1708 5095 1840 5165 multos
1852 5092 1925 5163 iam
1949 5091 2099 5164 vitiosos
2113 5110 2214 5162 mores
2245 5098 2255 5195 .'

200 5203 273 5272 duo
298 5203 336 5270 in
357 5200 552 5285 vestibulo,
573 5211 608 5269 et
621 5199 754 5268 similes
771 5202 933 5288 naenias,
961 5205 1090 5298 quassi
1109 5205 1188 5297 quis
1239 5215 1435 5293 receperat,
1470 5222 1558 5294 quos
1588 5199 1663 5288 ipse
1684 5217 1868 5266 recensens
1889 5219 1964 5265 non
1984 5192 2215 5288 reprehendit,

203 5304 309 5372 vellet
324 5326 496 5375 renovare
515 5302 751 5373 admiratione
766 5305 1008 5399 antiquitatis,
1033 5330 1113 5380 vere
1132 5306 1189 5376 in·
1239 5306 1331 5376 sicut
1347 5304 1469 5374 laudat
1484 5304 1653 5371 adeuntes
1667 5299 1887 5370 monimenta
1904 5311 2124 5386 sanctorum,
2146 5294 2217 5368 iacit

82 5412 86 5418 ’
200 5404 344 5480 sanirct.
839 5419 844 5426 '
1241 5407 1460 5479 mentionem
1486 5404 1659 5475 orationis
1683 5424 1749 5497 pro
1770 5403 1932 5474 mortuis.
1990 5398 2217 5474 Monostic-

1560 4939 1613 5014 De
1637 4938 1901 5038 Chrysostomo.
