4522 5782
211 80 233 143 x.

51 174 126 271 tll

57 472 255 560 gementes
280 469 318 538 in
348 470 526 540 creatione
551 471 728 541 mentibus
748 469 911 554 insitam,
944 495 1043 562 repe·

55 570 159 657 tivit,
174 587 210 645 et
225 571 425 642 testimonia
444 573 595 642 illustria
612 572 769 657 addidit,
794 589 827 644 et
840 573 947 641 scribi
964 582 1049 641 eam'

51 673 178 761 iussit..
229 670 320 743 Nam
345 688 421 762 post
448 688 595 743 naturae
621 669 797 750 humanae
818 675 1042 765 depravatio·

51 799 136 844 nem
162 776 202 843 in
223 774 402 844 mentibus
423 789 472 846 est
495 776 625 863 caligo,
659 789 694 844 et
719 776 870 845 multum
887 778 1042 849 {dubita-

52 876 209 947 tionum.
249 872 297 946 Et
313 876 485 971 paulatim
504 879 594 945 mala
612 877 769 966 exempla
794 878 968 966 augebant
984 903 1042 947 ca-

51 977 213 1069 liginem.
281 975 349 1048 Sed
371 978 415 1045 de
444 972 501 1047 his
525 978 682 1047 materiis
713 978 800 1047 atini
831 1002 933 1069 saepe
956 980 1041 1054 dixi.

50 1074 99 1150 Et
119 1072 259 1149 discant
283 1078 460 1164 iuniores,
495 1081 582 1174 quid
614 1103 695 1148 vere
714 1079 756 1147 sit
781 1078 855 1149 Lex
883 1094 1041 1165 naturae,

52 1194 87 1251 et
103 1195 249 1250 teneant
263 1181 420 1270 regulam
437 1204 456 1248 a
473 1182 651 1250 veteribus
674 1181 858 1253 traditam:
883 1181 1040 1252 Violatio

42 1283 141 1352 iuris
157 1298 305 1352 natiuae
320 1296 369 1353 est
387 1296 568 1373 peccatum
592 1282 763 1374 mortale,
790 1283 880 1354 sicut
896 1284 1040 1354 violatio

53 1384 284 1457 iurisdivini.
931 1388 939 1407 '

102 1552 105 1556 ’
135 1543 252 1646 Quod
274 1543 371 1618 talia
387 1546 572 1646 facientes
601 1541 713 1642 digni
733 1554 846 1617 morte
869 1546 956 1616 sini.

100 1718 107 1727 ·
154 1684 251 1756 Mira
275 1684 432 1774 prob-cto
453 1683 626 1753 sententia
652 1696 723 1767 est,
749 1685 843 1776 quod
868 1680 937 1766 ait,
971 1676 1037 1749 bo·

50 1791 165 1859 mines
189 1786 398 1855 naturaliter
428 1785 644 1875 intelligere,
680 1785 806 1873 dignos
828 1797 941 1852 morte
965 1806 1037 1851 esse

50 1913 194 1969 omnes,
228 1888 289 1981 qni
314 1888 448 1955 violant
475 1888 566 1976 leges
591 1901 749 1958 naturae.
808 1884 880 1956 Sed
903 1882 1038 1954 Paulus

51 2018 123 2062 non
140 1991 302 2082 loquitur
320 1992 363 2056 de
381 1988 522 2078 politica
538 1987 816 2077 gubernatione,
843 2009 933 2080 quae
957 2002 1036 2054 tau-

50 2110 123 2164 tum
141 2109 283 2162 externa
306 2092 394 2160 fascia
419 2091 539 2180 punit:
569 2088 700 2158 Verum
723 2092 767 2156 de
792 2089 924 2158 iudicio
951 2111 1034 2177 pro-

52 2196 129 2287 prio
161 2196 199 2263 iu
232 2192 402 2283 cuiusque
441 2192 671 2274 conscientia,
719 2191 879 2259 intuente
908 2184 1035 2258 Deum.

51 2300 100 2367 Ac
134 2296 248 2364 ιιιιιΙιο
280 2294 386 2362 altius
417 2293 617 2379 introspicit
655 2303 792 2380 ruentes
831 2287 1035 2375 hominnm,

53 2422 157 2493 queam
191 2396 245 2464 vel
270 2392 456 2486 Epicurei,
492 2395 548 2461 vel
571 2388 802 2487 ..hypocritam
834 2391 897 2486 qui
921 2392 1034 2462 securi

51 2516 79 2571 et
96 2499 187 2567 ebrii
206 2497 469 2585 voluptatibus,
490 2521 562 2562 reon
586 2508 667 2562 snut
689 2494 821 2580 experti
846 2516 946 2561 veros
971 2517 1034 2582 pa-

52 2599 410 2671 soresconscieutiae.
463 2597 544 2666 Non
570 2597 700 2664 indicat
723 2596 827 2679 Saul,
862 2619 898 2663 se
921 2610 1034 2665 mesrte

52 2704 197 2793 dignum
224 2725 315 2780 esse,
357 2724 437 2768 cum
470 2714 591 2768 contra
625 2702 829 2767 mandatum
857 2695 1032 2767 Samuelis

52 2802 160 2896 percit
175 2803 247 2892 regi
266 2803 415 2892 captivo.
468 2799 536 2871 Sed
566 2813 651 2869 tunc
676 2799 835 2886 agnoscit
851 2798 1031 2867 conscien-

51 2906 117 2990 tia,
143 2902 329 2997 quodlibet
345 2916 525 2995 peccatum
544 2917 657 2969 morte
673 2901 819 2988 dignum
840 2923 931 2979 esse,
951 2924 1030 2967 cum

52 3006 207 3077 intuetur
228 3002 364 3088 Deum,
398 3017 431 3071 et
463 3004 569 3073 sentit
595 3004 683 3070 iram
708 3001 791 3084 Dei,
825 3015 859 3071 et
881 3014 1032 3089 reputat,

52 3121 222 3201 quantum
245 3106 377 3173 malum
401 3105 447 3173 sit
471 3106 643 3191 neglectio
659 3100 742 3184 Dei,
768 3103 823 3170 vel
846 3117 1031 3172 coutuma-

53 3210 100 3279 tia
117 3210 286 3279 adversus
299 3203 426 3285 Deum.
478 3207 520 3274 lu
544 3199 611 3274 boc
632 3204 764 3273 iudicio
787 3205 908 3272 vident
931 3228 1030 3272 men·

49 3324 113 3393 tes,
139 3323 318 3401 peccatum
344 3331 417 3374 esse
440 3332 512 3376 non
530 3320 667 3376 tantum
683 3306 941 3376 deformitatem
957 3306 1029 3374 dis-

49 3413 253 3480 sentientem
283 3410 328 3477 ab
362 3404 548 3477 barmonia
580 3422 746 3490 naturae,
777 3408 835 3476 sed
859 3407 1027 3499 quiddam

48 3536 165 3592 mum,
191 3525 225 3580 et
242 3514 448 3579 damnatum
466 3533 582 3580 coram
601 3511 699 3589 Deo,
727 3523 761 3577 et
773 3504 876 3593 ‚banc
890 3521 1027 3576 sontem

47 3628 209 3684 naturam
224 3627 368 3702 propter
385 3626 600 3681 contemtum
609 3608 675 3680 Dei
691 3611 833 3698 dignam
851 3631 925 3677 esse
944 3603 1029 3676 bor-

14 3764 22 3795 ,
45 3718 164 3785 tendis
183 3714 304 3804 poenis
321 3728 356 3783 et
374 3714 623 3784 destructione.
675 3710 789 3780 Adam
814 3734 892 3779 cum
909 3723 1026 3798 gusta-

37 3832 96 3887 -ret
127 3840 272 3909 pomum
304 3830 426 3884 contra
458 3817 683 3897 mandatum,
715 3812 955 3893 existimabat,
992 3813 1028 3880 id

44 3918 174 3989 fertum
200 3940 273 3985 non
295 3920 412 4005 magni
439 3917 608 3985 momenti
632 3939 715 3984 esse.
769 3913 937 3982 Nondum
964 3908 1028 3984 bos

44 4013 242 4091 horrendos
259 4036 410 4086 terrores
427 4017 659 4086 conscientiae
676 4029 838 4106 expertus
853 4028 939 4099 crat,
967 4017 1028 4107 qui

42 4115 134 4191 banc
156 4119 320 4188 miseram
352 4135 514 4189 naturam
538 4119 745 4208 opprimunt
777 4116 900 4186 morte.
959 4115 1029 4185 Ρο-

45 4236 117 4292 stea
143 4246 230 4289 vero
259 4221 465 4309 obiurgatus
494 4218 629 4303 aDeo,
670 4221 815 4307 agnovit
848 4230 1027 4307 peccatum

44 4347 117 4394 esse
147 4323 405 4412 neglectionem
441 4344 501 4389 seu
537 4333 752 4390 contemtum
787 4315 873 4401 Dei,
920 4322 1028 4389 sensit

42 4425 145 4494 irasci
160 4421 298 4504 Deum,
325 4423 481 4512 expavit,
508 4438 538 4491 et
556 4423 730 4493 extinctus
746 4433 834 4490 esset
849 4420 1029 4510 magnitu-

44 4527 128 4595 dine
151 4527 304 4606 doloris‚
339 4526 407 4593 nisi
432 4525 553 4593 divina
590 4523 821 4613 promissione
849 4546 891 4589 ex
915 4536 1027 4591 morte

43 4640 229 4698 revocatus
245 4642 345 4696 esset.
396 4624 481 4709 Les,
500 4626 616 4719 inquit
634 4623 776 4707 Paulus,
805 4637 855 4691 est
871 4624 1027 4713 potentia

41 4729 187 4818 peccati.
239 4725 291 4798 lta
315 4728 368 4796 lex
395 4741 541 4796 naturae
571 4729 621 4796 in'
638 4726 818 4794 mentilms
840 4718 1025 4793 bominum

39 4832 173 4899 iudicat
189 4844 221 4898 et
237 4831 383 4897 damnat
408 4844 598 4918 peccatum.
654 4822 699 4895 Et
722 4829 758 4895 in
776 4827 868 4895 veris
882 4827 1025 4915 pavori·

38 4932 103 5001 bns
117 4930 293 5014 ostendit,
319 4929 434 4998 Deum
457 4930 556 4999 irasci
580 4927 748 4998 omnibus
774 4928 942 5018 peccatis,
966 4951 1025 4996 ex·

40 5033 149 5103 ternis
166 5044 201 5101 et
220 5032 461 5110 interioribus,

137 5130 195 5204 De
228 5127 295 5202 boc
324 5156 407 5201 vero
436 5130 568 5200 iudicio
597 5129 760 5221 propriae
788 5126 1023 5199 conscientiae

35 5236 198 5328 loquitur
220 5229 277 5303 bic
302 5228 449 5314 Paulus,
482 5257 522 5300 ac
554 5232 700 5300 damnat
724 5255 797 5298 nou
822 5231 937 5299 solum
963 5253 1020 5297 ex-

336 192 439 271 xrn.
491 197 528 271 e.
560 189 860 271 rutensem
886 190 1041 275 susc.
1067 148 1215 270 raum
1240 192 1308 269 an
1334 189 1597 272 nouenos.
1647 193 1755 276 ose.
1781 202 1811 276 1.
1883 237 1888 253 ‚‚
1926 226 1958 278 ι
2013 204 2090 286 ue

57 348 204 461 mill&
226 391 314 460 quas
332 364 427 441 Deus
453 392 610 458 expressa
636 391 721 439 voce
744 362 837 439 banc
859 368 970 460 ipsam
993 368 1046 439 le··

1095 368 1323 454 interiorem,
1358 368 1577 439 aversionem
1603 395 1623 441 a
1645 367 1740 459 Deo,
1771 373 2013 449 dubitationes
2036 382 2082 452 de

1094 468 1190 555 Deo,
1217 496 1355 540 coccam
1373 470 1613 559 securitatem,
1638 485 1673 544 et
1693 489 1910 549 contemtum
1934 478 2020 565 Dei,
2044 495 2079 553 et

1094 595 1218 643 omnes
1235 595 1361 671 pravas
1377 571 1648 659 inclinationes,
1675 589 1708 645 et
1732 573 1887 649 errantes
1902 582 2076 673 eupidita-

1093 687 1156 750 tes.
1209 673 1293 745 ldeo
1310 688 1448 745 accusat
1461 699 1534 765 npn
1550 677 1665 744 solum
1680 676 1868 767 iacientes,
1882 684 1942 752 sed
1960 684 2076 769 etiam,

1091 770 1205 847 uthic
1228 776 1406 860 nominat,
1431 772 1769 865 συνευδοκοῦντος,
1795 781 1832 851 id
1856 795 1924 869 est,
1949 783 2011 878 qui
2035 784 2074 855 in

1091 900 1152 945 sua
1168 892 1296 947 nutura
1314 876 1444 946 similia
1461 878 1545 948 vitia
1562 894 1730 966 cernunt,
1747 896 1780 951 et
1795 882 1840 950 ab
1856 884 1906 952 eis
1920 909 1994 955 non
2010 887 2075 956 sl)-

1091 972 1255 1064 borrent,
1281 1003 1345 1047 nec
1363 979 1509 1062 dolent,
1535 1004 1615 1050 oum
1636 982 1828 1053 titillantur
1851 978 1907 1053 bis
1931 986 2004 1056 suis
2019 988 2074 1055 vi-

1091 1081 1160 1151 tiis.
1214 1078 1420 1171 Erumpunt
1436 1095 1553 1152 autem
1570 1081 1631 1150 alii
1649 1084 1806 1153 adlectus
1821 1085 1859 1154 in
1875 1086 1965 1160 aliis.
2007 1086 2073 1160 At·

1090 1183 1179 1252 ticus
1195 1207 1267 1251 non
1287 1197 1337 1251 est
1357 1181 1527 1264 incestus,
1553 1208 1627 1251 non
1645 1184 1725 1254 iecit
1742 1188 1881 1255 caedem
1899 1190 2074 1275 manibus,
2190 1264 2193 1269 ,
2245 1264 2249 1271 ,

1089 1286 1148 1352 sed
1174 1300 1290 1353 tamen
1319 1285 1478 1368 dubitat,
1512 1309 1557 1353 an
1581 1281 1677 1354 Deus
1699 1300 1796 1358 curet
1815 1282 1993 1377 humana,
2025 1314 2072 1360 an

1090 1386 1230 1476 puniat,
1256 1410 1302 1454 an
1323 1386 1485 1454 exaudiat
1510 1380 1706 1469 homines,‘
1723 1392 1853 1476 gaudet
1872 1391 1941 1458 sibi
1965 1392 2071 1461 eximi
2149 1406 2158 1415 ’

1089 1501 1220 1557 metum
1247 1487 1369 1555 indicii
1389 1485 1502 1554 divini
1532 1488 1739 1555 academicis
1759 1490 2073 1580 disputationibus,

1088 1589 1225 1679 quaerit
1247 1612 1346 1657 suam
1375 1588 1667 1678 tranquillitatem
1691 1590 1767 1659 sine
1790 1591 1970 1679 agnitione
1990 1588 2071 1679 Dei,

1087 1705 1122 1760 et
1136 1693 1242 1760 sentit
1260 1693 1351 1778 ipse,
1378 1712 1414 1759 se
1431 1686 1562 1759 babere
1576 1690 1704 1760 multos
1726 1704 1843 1761 motus
1865 1695 2069 1767 aberrantes

1086 1817 1104 1859 a
1120 1792 1195 1879 lege
1210 1806 1365 1860 naturae.
2013 1842 2019 1849 -

1188 1892 1357 1961 Nominat
1381 1891 1475 1960 enim
1500 1889 1632 1962 Paulus
1657 1888 1715 1962 bic
1740 1892 2070 1984 συνευδοκοῦντος,

1086 2019 1159 2063 non
1184 1994 1281 2063 utin
1306 1994 1382 2062 soro
1407 1994 1578 2076 dicimus,
1605 1997 1880 2078 consentientes,
1906 2000 1969 2091 qui
1992 2024 2069 2069 ma·

1084 2097 1210 2165 niseste
1241 2093 1411 2166 adiuvant
1440 2107 1501 2181 aut
1524 2096 1718 2163 defendunt
1743 2096 1893 2167 aliorum
1919 2100 2068 2171 scelera:

1085 2201 1143 2266 sed
1166 2221 1245 2280 eos,
1280 2194 1402 2289 quiin
1426 2218 1488 2263 sua
1522 2210 1648 2265 natura
1674 2196 1865 2268 titillantur
1891 2200 2070 2271 similibus

1084 2298 1396 2374 inclinationibus,
1423 2296 1559 2365 etiamsi
1576 2321 1632 2365 eas
1649 2321 1722 2365 uon
1741 2300 1936 2389 proferunt.
1975 2298 2068 2372 Nam

1084 2394 1245 2471 seidonais
1264 2398 1475 2490 generaliter
1493 2410 1554 2479 est,
1570 2398 1743 2468 benevolo
1760 2400 1880 2471 animo
1899 2426 1971 2470 esse
1987 2425 2069 2491 erga

1083 2502 1239 2594 aliquid,
1277 2515 1318 2571 ut
1339 2492 1485 2570 εὐδοκεῖ
1501 2494 1613 2592 ξένῳ,
1648 2501 1682 2569 id
1708 2515 1776 2581 est,
1817 2516 1870 2573 est
1893 2505 2066 2573 benevolo

1083 2604 1204 2670 animo
1228 2625 1307 2691 erga
1335 2597 1528 2688 bospitem,
1563 2625 1635 2668 non
1662 2614 1715 2670 est
1738 2603 1852 2672 aliena
1878 2604 2069 2679 voluntate.

1084 2698 1231 2775 εὐδοκεῖ
1251 2697 1476 2800 λεγομένοις,
1510 2701 1633 2792 recipit
1657 2703 1762 2775 dicta.
1814 2704 1954 2773 Atticus
1978 2725 2069 2778 συν-

1082 2799 1230 2877 ευδοκεῖ
1258 2794 1476 2900 φιλοσόφοις
1502 2807 1733 2895 καταγελῶσι
1765 2807 1844 2876 τῶν
1873 2799 2066 2878 πιστεύον-

1081 2930 1180 2995 των,
1215 2901 1310 2979 εἶναι
1332 2900 1502 2995 τιμορίοις
1523 2900 1628 2985 τινὰς
1652 2899 1861 2998 ἀνθρώπιον
1878 2902 1973 2998 μετὰ
1993 2900 2069 2978 ted-
2153 2989 2156 2993 ,

1081 3032 1208 3080 ναῖον.
1276 3004 1331 3076 Ex
1362 3007 1492 3074 talibus
1520 3007 1688 3097 exemplis
1726 3009 1826 3077 verbi
1858 3008 2068 3098 significatio

1079 3110 1162 3179 satis
1181 3108 1332 3198 intelligi
1350 3118 1473 3197 potest.

1454 3347 1592 3460 Caput
1627 3354 1685 3437 11.

1183 3501 1224 3572 ln
1243 3500 1389 3571 secundi
1405 3497 1541 3591 Capitis
1557 3501 1662 3571 initio
1677 3503 1777 3571 addit
1793 3503 2070 3593 conclusionem,

1081 3605 1224 3697 proprie
1253 3603 1488 3693 pertinentem
1511 3607 1553 3671 ad
1573 3596 1665 3671 bane
1690 3606 1946 3674 accusationem
1976 3608 2069 3678 inte·

1079 3709 1214 3778 ciorum
1237 3706 1418 3773 vitiorum.
1487 3700 1581 3793 Ergo
1608 3719 1641 3772 et
1666 3718 1725 3787 tu,
1759 3707 1820 3797 qui
1844 3706 1996 3789 iudicas,
2030 3711 2067 3778 id

1079 3826 1127 3879 est
1138 3861 1150 3893 ,
1177 3807 1237 3900 qui
1255 3828 1459 3898 quanquam
1475 3829 1548 3872 uon
1568 3805 1652 3873 iacis
1668 3820 1808 3875 externa
1828 3808 1978 3889 scelera,
2004 3814 2068 3878 sed

1080 3909 1253 3983 tamenin
1278 3921 1396 3975 mente
1420 3919 1454 3974 et
1477 3907 1583 3975 corde
1604 3906 1754 3974 similem
1779 3902 1888 3977 habes
1910 3910 2068 3978 immun·

1079 4013 1217 4093 ditiem,
1244 4030 1325 4077 reus
1342 4030 1377 4074 es
1391 4031 1508 4075 coram
1528 4007 1614 4080 Deo.

1180 4109 1415 4205 syllogismus
1435 4107 1570 4196 integer
1586 4124 1647 4178 est.
1699 4105 1742 4177 ln
1764 4109 1834 4177 line
1858 4109 1987 4199 prioris
2008 4136 2067 4182 ca·

1081 4214 1165 4305 pitis
1192 4213 1359 4280 recitatur
1385 4211 1515 4277 maior:
1543 4210 1655 4297 Digni
1685 4225 1797 4278 morte
1825 4225 1908 4280 sunt
1929 4236 2065 4292 omnes,

1078 4340 1158 4386 cnm
1179 4328 1320 4382 externa
1338 4311 1465 4380 scelera
1482 4310 1669 4390 iacientes,
1697 4322 1772 4378 turn
1791 4336 1873 4380 vero
1895 4312 1975 4392 alii,
2002 4316 2065 4407 qui

1080 4419 1183 4486 salsas
1207 4414 1396 4504 opiniones
1420 4415 1462 4479 de
1489 4409 1564 4479 Deo
1587 4413 1624 4478 in
1650 4426 1767 4480 mente
1798 4414 2065 4500 circumferunt,

1079 4533 1109 4586 et
1131 4514 1261 4586 habent
1278 4515 1420 4582 vitiosas
1439 4512 1686 4580 inclinationes
1702 4513 1738 4580 iu
1755 4519 1859 4581 corde
1882 4516 2063 4604 plurimas.

1077 4619 1248 4712 Sequitur
1271 4616 1390 4683 minor
1412 4615 1448 4681 in
1470 4614 1625 4681 secundo
1649 4613 1777 4703 capite:
1804 4614 1863 4684 Tu
1884 4617 1945 4708 qni
1968 4617 2063 4686 iudi-

1076 4745 1132 4791 cas
1146 4720 1307 4799 alterum,
1330 4717 1414 4783 facis
1433 4718 1565 4795 eadem,
1591 4715 1627 4782 id
1645 4728 1706 4792 est,
1724 4715 1785 4806 qui
1803 4715 1894 4806 regis
1912 4714 2056 4788 honeste

1077 4837 1242 4908 externas
1252 4819 1426 4898 actiones,
1447 4831 1480 4885 et
1498 4816 1631 4886 iudicas
1647 4838 1705 4884 eos
1724 4831 1859 4887 tanturn
1876 4820 2061 4910 displicere

1075 4923 1170 5007 Deo,
1195 4921 1258 5013 qui
1273 4919 1426 4988 externis
1441 4918 1577 4985 delictis
1596 4917 1722 5007 polluti
1739 4933 1842 5003 suut,
1874 4945 1938 4989 nee
1959 4924 2060 4988 dam·

1075 5050 1137 5094 nas
1162 5024 1333 5112 teipsum,
1375 5023 1433 5087 sed
1459 5018 1593 5089 indicas
1624 5031 1657 5087 te
1682 5020 1811 5088 iustum
1836 5044 1910 5091 esse
1939 5045 2057 5090 coram

1077 5128 1155 5196 Deo
1179 5141 1323 5214 propter
1344 5135 1504 5191 externas
1524 5120 1678 5189 actiones
1696 5115 1879 5204 honestas,
1905 5122 1989 5192 iacis
2006 5138 2059 5193 ta-

1074 5253 1153 5296 men
1173 5229 1315 5306 eadem,
1341 5224 1376 5290 id
1393 5234 1460 5302 est,
1488 5216 1596 5289 habes
1612 5220 1742 5288 similia
1769 5221 1851 5288 vitia
1879 5224 1916 5291 in
1939 5238 2059 5294 mente

32 5352 132 5407 terna
150 5335 297 5416 delicta,
326 5337 386 5405 sed
409 5335 511 5402 etiam
534 5333 736 5401 nniversam
756 5330 1019 5400 immunditiem
1072 5346 1104 5404 et
1120 5330 1242 5400 corde:
1270 5322 1420 5396 Dubitas
1435 5347 1481 5391 an
1497 5322 1592 5393 Deus
1609 5334 1706 5391 curet
1723 5316 1895 5408 humana,
1921 5348 1966 5393 an
1989 5351 2060 5418 pu.
