4522 5782
72 196 118 273 ω
338 122 372 229 Ι’
487 196 572 277 xtt.
624 191 926 273 ttnanntrto
953 193 1004 269 [Ν
1029 192 1215 272 EVANG.
1243 192 1461 273 lOANNlS.
1511 199 1617 275 CAP.
1646 201 1693 279 ll.
2059 206 2112 293 lli

70 370 276 463 voluptates.
327 363 419 439 Cum
442 366 553 458 igitar
571 364 632 440 hie
650 367 1066 441 litmentiouniusone-
1116 367 1286 454 columis,
1320 392 1524 467 quanquam
1557 372 1596 441 in
1628 373 1755 461 exilio,
1789 372 1916 451 habuit
1940 378 2109 451 etlilium

65 473 129 558 ris,
179 469 320 541 seilicet
345 470 509 562 inopiae,
554 484 690 543 caetera
721 471 827 545 etiam
859 473 1064 561 cogitemus,
1114 484 1369 557 successorem,
1401 473 1457 543 cni
1481 476 1621 545 reddita
1644 490 1696 551 est
1718 479 1831 570 patria
1856 482 1966 554 udas.
2020 479 2106 553 ldeo

66 572 218 647 sumat
233 595 379 643 cauam
397 574 682 658 consideremus,
709 577 804 668 quod
825 575 987 646 videlicet
1003 599 1063 665 ge-
1113 567 1174 643 hic
1195 572 1332 666 inquit:
1363 573 1493 645 Videas
1514 576 1607 648 lilios
1630 579 1786 651 filiorum
1804 596 1968 670 tuorum,
1993 597 2026 654 et
2042 608 2105 675 pa-

32 666 38 691 '
66 699 126 748 nus
148 672 357 746 humanum
381 676 578 747 subiectum
597 677 641 746 sit
659 675 864 765 ingentibus
881 678 1062 747 aerumnis
1113 698 1188 745 cem
1213 697 1319 767 super
1344 675 1465 749 lsrael.
1536 677 1604 749 llis
1625 684 1922 773 promissionibus
1944 686 1992 777 pii
2018 708 2104 757 con·

68 792 210 873 propter
233 791 437 869 peccatum,
471 781 566 873 quud
590 778 692 851 Deus
714 781 800 850 velit
823 803 890 849 nos
913 781 1061 851 obedire
1113 776 1210 864 iuges
1224 800 1262 847 se
1277 780 1525 864 casasolentur,
1552 797 1584 853 et
1600 787 1745 857 credant
1759 808 1797 857 se
1811 811 1916 858 curae
1931 784 2104 874 eueDeo,
2216 832 2224 841 .

65 884 98 952 ia
117 876 176 951 bis
201 878 609 977 pec-terendis3ouereta
632 879 741 972 igitur
763 875 821 952 hic
842 881 967 951 anxiae
983 907 1059 951 ma·
1112 879 1254 970 delendi
1279 895 1313 952 et
1336 882 1451 951 iuvari
1476 885 1521 951 ab
1544 908 1598 958 eo.
1650 886 1753 959 Certe
1772 904 1931 981 tempora
1947 914 2013 961 nos
2027 890 2101 980 ipsa

65 982 283 1055 tristamilias
316 982 549 1068 describitur,
582 1007 662 1053 cum
691 983 809 1076 inquit
830 997 959 1055 mater:
994 983 1058 1052 vi.
1110 982 1297 1067 adiuvent,
1325 997 1365 1055 ut
1386 978 1450 1054 has
1474 988 1734 1061 consolationes
1755 1016 1979 1085 quaeramus.
2032 992 2103 1064 vi·

66 1108 143 1157 sum
160 1108 242 1154 non
260 1077 405 1154 habent.
1109 1083 1234 1154 demus
1258 1085 1353 1155 enim
1376 1087 1497 1156 omnia
1521 1113 1629 1179 regna
1646 1093 1778 1187 ubique
1796 1093 1930 1183 magnis
1946 1096 2103 1167 motibus
2135 1134 2137 1139 ,

157 1186 313 1258 Tertius
332 1186 452 1270 lorus,
475 1207 556 1254 cum
573 1180 738 1258 Christus
758 1183 862 1258 sarcit
886 1186 1058 1286 inopiam,
1110 1187 1270 1270 concuti,
1305 1182 1492 1260 in'ter‘ltos
1521 1207 1638 1263 motus
1669 1209 1787 1267 tamen
1814 1190 1911 1267 Deus
1932 1192 2102 1268 Ecclesiis

68 1304 208 1362 testatur
223 1285 344 1359 Deum
360 1291 481 1359 adesse
496 1288 688 1378 coniugum
703 1290 901 1370 aerumnis,
928 1312 1057 1383 easque
1108 1288 1265 1381 aliquam
1297 1293 1413 1359 sedem
1445 1292 1610 1365 servabit.
1687 1297 1853 1372 Servabit
1885 1298 1994 1391 igitur
2022 1300 2100 1393 pios

67 1394 184 1463 lenire.
238 1386 454 1482 Exemplum
475 1389 583 1479 igitur
604 1392 855 1462 transieramus
871 1394 915 1461 ad
933 1416 1056 1463 omnes
1108 1391 1275 1481 coniuges
1292 1405 1326 1462 et
1343 1393 1478 1487 aliquas
1495 1395 1648 1486 politiae.

66 1496 301 1567 difficultates.
359 1491 445 1563 lde'o
468 1492 563 1560 enim
590 1488 647 1564 bis
670 1495 818 1566 subiecti
844 1518 986 1580 sumus,
1016 1509 1057 1565 ut

66 1620 295 1688 agnoscamus
316 1609 517 1687 peccatum,
544 1620 712 1666 vocemur
727 1599 770 1666 ad
788 1597 1055 1688 poenitentiam,
1109 1646 1118 1663 .

64 1704 239 1791 erigamus
267 1722 335 1769 nos
362 1699 450 1782 lide,
485 1697 696 1768 invocemus
716 1699 853 1785 Deum,
886 1713 920 1770 et
943 1702 989 1769 ab
1013 1723 1054 1769 eo

64 1816 242 1895 petamus,
289 1823 487 1892 speremus.
533 1824 573 1870 ae
611 1817 832 1893 expectemus
869 1802 1055 1881 auxilium,

64 1928 213 1998 eamque
252 1903 470 1974 celebremus
505 1904 746 1988 conditorem,
792 1904 1056 1996 opitulatorem,

64 2009 295 2092 salvatorem,
328 2018 368 2074 nt
397 2018 433 2076 et
461 2004 524 2074 alii
547 2029 626 2075 eum
650 2020 861 2095 agnoscant,
895 2006 1056 2088 timeant,

63 2124 90 2181 et
108 2110 288 2179 invocare
313 2109 462 2180 discant.
515 2104 568 2177 lta
594 2110 705 2197 prima
722 2106 875 2178 Ecclesia
900 2123 948 2178 est
968 2132 1053 2178 con-

63 2213 182 2302 iugum
214 2211 383 2289 societas,
414 2210 453 2277 iu
478 2203 546 2278 hac
568 2210 644 2280 vult
666 2207 763 2280 Deus
786 2210 962 2300 conspici,
996 2233 1051 2278 rn-

64 2314 178 2385 aooaxi
219 2326 258 2384 et
291 2313 476 2384 celebrari.
550 2308 619 2380 Hic
656 2312 765 2402 igitur
802 2312 1053 2403 promissiones

65 2416 356 2508 contemplemur.
416 2412 546 2483 Psalm.
567 2412 649 2485 34.:
682 2413 763 2484 Non
787 2430 840 2486 est
864 2415 986 2513 inopia
1007 2414 1053 2484 ti·
1144 2465 1152 2481 .

64 2518 243 2592 ruentibus
264 2542 358 2588 euna.
426 2514 495 2588 Sed
520 2518 662 2607 proprie
685 2519 730 2586 ad
751 2517 917 2606 coniuges
936 2517 1048 2606 ¹perti·

65 2637 115 2692 ιιι
146 2621 287 2694 Psalm.
318 2619 404 2695 tas.
455 2615 547 2689 Ecce
583 2621 632 2688 sic
666 2620 898 2690 benedicetur
933 2613 1053 2703 laomo,

63 2725 115 2817 qui
128 2725 239 2795 timet
254 2721 458 2792 dominum:
504 2718 600 2792 Haec
614 2746 681 2790 vox
699 2733 846 2793 testatur
858 2720 974 2792 Deum
989 2723 1051 2791 ad-

64 2850 129 2897 esse
151 2826 228 2919 piis
251 2824 390 2893 maritis
414 2837 449 2893 et
470 2824 660 2908 matronis,
689 2825 888 2917 etquidem
906 2825 1052 2895 benedi-

63 2952 134 3001 ατο
165 2929 264 3012 illis,
296 2927 333 2995 id
368 2939 437 3011 est,
469 2927 609 3011 lavere,
641 2928 724 2996 dare
748 2928 925 3004 sobolem,
959 2926 1051 2995 tueri

61 3031 233 3117 familias,
258 3029 428 3099 adiuvare
440 3028 554 3097 ollicia
571 3028 781 3113 vocationis,
804 3042 879 3098 tum
897 3029 935 3096 in
949 3052 1052 3098 oeco-

62 3134 201 3219 nomia,
235 3147 312 3203 tum
342 3131 381 3200 in
410 3130 555 3230 politia,
590 3129 694 3202 taxari
722 3131 945 3200 foecunditas
969 3155 1053 3222 pro-

60 3237 234 3309 mittitur:
259 3231 359 3306 Uxor
374 3247 432 3303 tua
446 3234 539 3304 sicut
553 3233 636 3301 vitis
652 3235 848 3302 abundans.
897 3231 1053 3302 Promit-

60 3339 148 3411 titur
172 3350 209 3408 et
231 3337 372 3406 soboles
391 3336 523 3407 florens
540 3334 677 3406 viribus
696 3336 872 3427 corporis,
899 3347 934 3404 et
947 3335 1053 3425 spiri-

59 3455 118 3527 tu,
143 3442 241 3512 sicut
262 3439 426 3509 novellae
450 3438 639 3508 olivarnm.
692 3435 918 3509 Promittitur
940 3437 1053 3507 felici-

59 3559 113 3617 tas
137 3545 182 3616 in
202 3541 330 3612 olbciis
352 3541 566 3610 vocationis:
603 3538 758 3609 Labores
778 3564 949 3609 mannum
973 3553 1052 3608 tua·

58 3670 141 3717 mm
166 3644 253 3740 qnia
274 3641 525 3728 manducabis,
552 3642 678 3711 beatus
699 3664 752 3726 es,
778 3643 901 3725 idest,
928 3642 1055 3711 elliciet

58 3746 180 3829 Deos,
210 3758 254 3816 nt
275 3744 405 3815 fruaris
427 3745 611 3814 laboribus
633 3743 723 3823 tuis,
756 3739 886 3814 babeas
909 3743 1054 3826 victum,

58 3870 244 3924 successus
271 3849 310 3916 in
340 3847 414 3917 vita
437 3847 574 3937 privata
599 3860 633 3916 et
657 3846 810 3935 publica.
870 3844 1052 3916 Postremo

58 3956 171 4044 longe
199 3950 509 4042 amplius-munus
540 3946 781 4046 promittitur,
815 3947 1054 4041 tranquillitas

59 4058 227 4155 publica,
260 4076 327 4143 pax
348 4065 384 4123 et
408 4051 624 4122 diuturnitas
644 4049 797 4139 imperii.
855 4047 953 4119 llaec
976 4072 1052 4117 ma·

60 4188 128 4257 goa
159 4182 219 4230 res
241 4178 309 4228 est:
343 4152 476 4224 Vident
499 4153 551 4245 pii
576 4152 761 4241 coniuges,
795 4151 902 4220 miras
924 4173 998 4219 esse
1020 4165 1054 4219 et

60 4263 293 4364 quotidianas
320 4257 532 4328 mutationes
556 4276 767 4343 regnorum,
797 4254 898 4322 facile
922 4253 1054 4344 ubique

59 4368 151 4440 oriri
167 4365 281 4447 bella,
309 4361 439 4454 quibus
454 4358 548 4428 cives
564 4357 791 4426 excutiuntur
807 4380 846 4425 ex
866 4354 1054 4446 possessio·

1209 1541 1368 1632 Quartus
1399 1544 1498 1613 locus
1528 1561 1579 1618 est
1609 1549 1653 1617 de
1684 1545 1921 1625 luvocatione.
1987 1553 2098 1630 Matri

1107 1647 1351 1736 interpellanti
1379 1648 1516 1717 duriter
1543 1653 1735 1742 respondet
1765 1653 1878 1739 lilius,
1918 1656 1991 1728 imo
2018 1684 2096 1730 eam

1107 1749 1206 1840 quasi
1236 1749 1387 1819 alienam
1416 1752 1570 1819 aversari
1602 1753 1753 1828 videtur.
1819 1755 1981 1828 Primum
2012 1756 2098 1832 baec

1106 1864 1294 1920 causaest:
1322 1850 1414 1939 Quia
1432 1852 1513 1932 illa,
1541 1879 1631 1947 quae
1646 1859 1689 1924 ad
1709 1858 1930 1930 vocationem
1945 1860 2097 1934 Messiae

1106 1953 1350 2042 pertinebant,
1378 1978 1450 2020 non
1474 1956 1551 2023 vult
1575 1957 1765 2045 gubernari
1781 1955 1947 2033 humanis
1960 1966 2098 2037 allecti·

1106 2059 1172 2123 lans
1194 2053 1316 2125 matris
1340 2069 1375 2125 et
1396 2056 1567 2140 aliorum,
1592 2060 1684 2130 sicut
1708 2062 1793 2131 alibi
1817 2064 1916 2136 dicit:
1953 2065 2097 2140 Nescie-

1105 2157 1197 2226 batis
1213 2182 1269 2226 me
1284 2172 1447 2248 oportere
1460 2159 1499 2227 in
1514 2161 1666 2256 negotiis
1680 2184 1753 2233 esse
1767 2165 1837 2234 mei
1851 2170 1971 2257 patris.
2023 2173 2096 2244 De·

1105 2259 1189 2328 inde
1212 2273 1248 2329 et
1264 2254 1332 2329 boc
1347 2262 1393 2327 de
1411 2260 1498 2350 ipsis
1515 2263 1705 2352 coniugum
1724 2270 1904 2339 aenrmnis
1919 2272 2096 2362 significa-

1105 2377 1184 2447 tur,
1216 2384 1318 2454 saepe
1349 2363 1517 2451 coniuges
1547 2379 1650 2434 orant
1681 2366 1792 2437 levari
1822 2386 1955 2443 certum
1985 2399 2096 2467 geratis

1106 2464 1286 2548 miseriae,
1312 2487 1377 2534 nec
1392 2478 1510 2533 tamen
1528 2467 1647 2538 subito
1664 2469 1857 2560 impetrant
1871 2474 2096 2566 levationem,

1106 2567 1178 2637 imo
1201 2567 1379 2636 interdum
1404 2581 1567 2638 crescunt
1586 2570 1819 2648 difficultates.
1870 2573 1961 2649 Cum
1977 2580 2096 2652 Abra·

1106 2665 1187 2739 laam
1211 2671 1398 2738 extrudere
1414 2656 1527 2738 lilium
1544 2669 1671 2744 lamael
1688 2689 1720 2744 et
1739 2690 1885 2746 matrem
1901 2681 2095 2774 eiuseoge-

1106 2786 1221 2854 retur,
1247 2758 1286 2839 in
1311 2783 1445 2864 quanto
1471 2772 1594 2842 dolore
1619 2775 1711 2844 luit?
1762 2775 1871 2864 ltem,
1897 2799 2032 2875 quanto
2056 2788 2096 2859 in

1107 2877 1203 2944 luctu
1221 2874 1289 2943 luit
1305 2871 1411 2944 Iacob
1428 2876 1578 2945 extincta
1594 2873 1748 2963 Rachel,
1773 2880 1858 2952 item
1877 2886 2005 2957 amisso
2021 2889 2095 2959 lilio

1109 2972 1260 3066 loseph?
1311 2971 1466 3046 Exaudit
1490 2979 1586 3051 Deus
1618 2993 1696 3049 vota
1725 2995 1760 3051 et
1780 2983 1932 3072 gemitus
1952 2989 2093 3080 piorum

1106 3079 1314 3166 coniugum,
1341 3100 1471 3170 eosque
1485 3080 1698 3149 mirabiliter
1711 3098 1843 3169 servat,
1868 3092 2005 3160 tametsi
2021 3116 2094 3165 non

1106 3180 1227 3249 omnia
1259 3180 1448 3263 eveniunt,
1479 3205 1569 3272 qnae
1596 3183 1749 3272 petimus
1778 3199 1839 3257 aut
1867 3204 1906 3260 nt
1930 3193 2095 3282 petimus.
2209 3200 2214 3208 '

1106 3281 1192 3354 Seni
1215 3277 1319 3351 lacob
1349 3283 1513 3352 redditur
1536 3279 1680 3375 loseph,
1713 3288 1884 3365 annon.
1907 3279 2093 3389 postquam

1106 3387 1221 3453 luerat
1236 3383 1393 3456 amissus.
1447 3381 1577 3453 Davidi
1592 3387 1740 3458 omnino
1756 3414 1831 3460 non
1847 3408 2008 3469 servatur
2019 3394 2098 3470 Ab.

1107 3486 1222 3558 solon.
1278 3480 1381 3553 Hanc
1413 3487 1616 3557 varietatem
1647 3490 1697 3578 pii
1728 3494 1969 3580 considerent,
2012 3503 2096 3594 quia

1106 3587 1202 3659 Deus
1216 3609 1281 3654 nos
1297 3610 1371 3655 non
1386 3582 1554 3657 humanis
1568 3591 1726 3661 consiliis
1743 3595 1849 3685 regit,
1874 3600 1934 3667 sed
1943 3623 2015 3672 suo
2022 3652 2034 3687 ,
2062 3619 2098 3677 et

1107 3691 1201 3770 vult,
1236 3701 1276 3758 nt
1304 3690 1373 3758 lide
1402 3713 1443 3759 ex
1469 3690 1546 3782 ipso
1570 3695 1796 3782 pendeamus.
1855 3696 1999 3788 Servat,
2034 3710 2094 3776 sed

1106 3794 1211 3880 longe
1240 3792 1361 3876 aliter,
1402 3816 1509 3884 quam
1538 3817 1605 3862 nos
1636 3798 1911 3871 somniabamus.
1976 3803 2095 3879 Moses
2221 3866 2225 3873 .

1107 3896 1258 3962 educens
1289 3894 1461 3983 populum
1495 3918 1535 3963 ex
1557 3897 1740 3990 Aegypto,
1773 3926 1996 3997 nequaqnam
2019 3909 2096 3978 sore

1106 3995 1291 4085 cogitavit,
1324 4008 1365 4064 nt
1395 4009 1492 4066 tanta
1516 4000 1709 4070 multitudo
1731 4003 1808 4071 sine
1830 4007 1933 4074 certis
1953 4010 2096 4081 sedibus

1107 4100 1145 4166 in
1167 4099 1304 4166 deserto
1329 4098 1380 4167 40
1405 4099 1510 4169 annis
1534 4116 1735 4191 vagaretur,
1763 4118 1797 4175 et
1818 4119 1935 4177 tamen
1953 4104 2013 4180 bic
2028 4113 2098 4182 mi·

1107 4200 1268 4270 rabiliter
1283 4213 1457 4274 servatur.

1208 4349 1305 4421 llaec
1326 4365 1378 4423 est
1401 4353 1500 4424 utilis
1523 4354 1685 4425 doctrina
1711 4358 1779 4449 piis
1800 4322 2106 4455 incorporalibus

60 4474 191 4550 nibus,
227 4459 476 4535 distrabantur
503 4460 690 4547 coniuges,
719 4458 923 4528 avelluntur
950 4455 1055 4526 liberi
1108 4455 1297 4540 aerumnis,
1323 4467 1363 4525 ut
1377 4455 1490 4525 sciant
1504 4479 1540 4524 se
1555 4481 1627 4526 nun
1643 4474 1827 4551 propterea
1842 4464 1999 4540 abiectos
2012 4494 2099 4561 esse,

60 4570 290 4662 aconaplexu
308 4577 515 4658 parentum,
540 4561 759 4650 dissipantur
775 4556 970 4643 Ecclesiae,
996 4584 1054 4628 ex·
1108 4558 1245 4628 etiamsi
1270 4581 1343 4625 nun
1365 4557 1462 4639 venit
1481 4551 1567 4643 ltoc,
1594 4564 1689 4653 quod
1708 4563 1853 4636 mallent
1871 4566 1950 4659 ipsi,
2001 4570 2098 4646 Deus

59 4674 244 4765 tinguitur
263 4666 396 4740 noticia
413 4663 497 4750 Dei,
524 4687 565 4733 ae
586 4663 709 4732 vident
732 4662 905 4752 sapientes
920 4675 1058 4730 tantam
1108 4660 1204 4729 enim
1221 4658 1355 4731 etiamsi
1375 4658 1449 4728 vult
1466 4682 1531 4728 nos
1546 4659 1666 4754 aliquo
1681 4678 1777 4734 certo
1792 4689 1919 4756 genere
1935 4679 2099 4763 exerceri,

61 4802 137 4849 esse
169 4766 446 4844 inconstantiam
471 4790 591 4836 rernm
614 4760 871 4848 humanarum,
907 4778 946 4833 ut
970 4787 1056 4832 tatas·
1110 4776 1227 4832 tamen
1252 4760 1393 4829 interim
1414 4784 1487 4830 non
1508 4762 1654 4843 deserit,
1682 4767 1802 4845 etalio
1818 4772 1925 4842 modo
1942 4798 2009 4845 nos
2026 4801 2099 4849 sec.

62 4904 174 4975 φηπι
197 4876 245 4945 sit
264 4874 436 4945 diuturna
455 4883 596 4940 etcerta
615 4867 865 4961 tranquillitas.
921 4863 1057 4937 Conso·
1110 4878 1180 4934 vat.
1237 4856 1471 4933 Pe'eminebu
1499 4864 1610 4935 everti
1642 4862 1914 4963 lerosolymam,
1954 4882 2099 4968 perduct

64 4985 163 5055 latur
192 4996 278 5068 ergo
304 4972 468 5047 Psalmus
494 4971 573 5063 pios
603 4971 789 5057 coniuges,
824 4980 858 5037 et
888 4980 1055 5060 tanquam
1111 4966 1188 5056 pios
1202 4961 1442 5058 Babylonem,
1467 4980 1501 5037 et
1521 4967 1570 5035 ibi
1585 4990 1645 5036 eos
1661 4971 1795 5057 maiore
1810 4973 1923 5062 gloria
1940 4984 2103 5066 ornabat,

64 5104 192 5156 muros
213 5094 249 5151 et
271 5100 386 5148 arcem
405 5087 586 5157 extruens,
614 5072 803 5162 pollicetur
818 5071 978 5139 divinam
995 5069 1057 5136 de·
1110 5091 1218 5161 quant
1249 5065 1390 5157 qualem
1420 5066 1518 5137 domi
1543 5064 1752 5145 habuerant.
1818 5072 1917 5147 Haec
1939 5082 2101 5156 doctrina

65 5187 286 5266 tensionem,
324 5179 377 5270 pii
414 5178 581 5262 coniuges
615 5187 720 5244 eruut
747 5173 833 5258 tuti,
874 5171 1059 5262 posteritas
1112 5171 1243 5261 pariter
1264 5172 1309 5237 de
1326 5170 1549 5256 obedientia,
1573 5185 1607 5242 et
1624 5173 1668 5241 de
1685 5174 1754 5245 lide
1771 5180 2021 5265 concionatur,
2046 5186 2103 5257 iu·

67 5310 192 5361 aarum
211 5278 359 5355 babebit
380 5278 518 5372 aliquas
538 5277 657 5359 sedes,
688 5273 848 5365 politiae,
873 5270 1059 5352 Ecclesiae,
1111 5273 1171 5346 bet
1194 5284 1346 5343 statuere
1364 5274 1460 5365 quod
1479 5269 1555 5342 Deo
1572 5297 1678 5343 curas
1692 5278 1822 5364 simus,
1848 5294 1881 5349 et
1900 5287 1945 5352 ab
1962 5309 2003 5355 eo
2019 5311 2104 5379 pro.

71 5408 109 5465 ot
133 5383 321 5463 leobanius
346 5384 598 5471 obtemperante
624 5375 813 5462 Ieremias,
844 5375 973 5447 mansit
1002 5374 1058 5442 in·
1113 5387 1294 5464 tegamur,
1320 5387 1355 5445 ct
1376 5387 1495 5445 tamen
1511 5375 1668 5468 perterre
1683 5377 1846 5473 iuterim,
1871 5383 1901 5452 si
1917 5411 2008 5480 qnae
2023 5406 2105 5461 eunt

121 5498 300 5563 Mensura.
331 5490 434 5555 Orsa.
460 5476 545 5550 Vos.
565 5483 650 5547 XV.
1433 5544 1441 5555 .
1595 5475 1620 5551 5
