4522 5782
759 168 1599 255 PHtLMEL.anlPTAEXllGET1CA.
2116 150 2198 251 rna

170 202 266 283 tstt

172 394 250 449 tur:
289 368 404 440 Filius
434 362 495 457 qui
527 373 578 430 est
601 358 638 427 in
662 355 741 426 sinu
769 351 888 443 patris.
957 345 1063 431 ltem,
1102 340 1161 415 lo·
1215 369 1294 418 mus
1315 347 1359 417 ad
1385 371 1466 418 enm
1492 361 1527 418 et
1556 350 1776 420 mansionem
1807 350 1904 443 apud
1930 370 2017 418 eum
2046 348 2199 421 faciemus

175 474 355 550 haun.5.:
389 468 501 537 Filius
525 459 679 531 horninis
703 455 763 548 qui
787 453 899 524 estin
926 452 1036 523 coelo.
1088 444 1161 518 Pse-
1215 449 1882 538 etc.intelliganturcommunicatione
1905 451 2132 524 idiomatum.
2162 452 2199 525 Et

177 580 353 673 spondeo:
390 571 431 639 ln
454 565 616 661 symbolo
637 556 1023 646 intelligaturdictum,
1048 564 1161 623 utro·
1214 555 1259 621 de
1284 549 1349 620 hac
1376 555 1571 644 praesentia
1593 555 1656 623 filii
1680 558 1718 627 in
1744 549 2200 643 praedicationeflmgeffi

176 697 239 753 nat
253 682 374 758 litera,
402 677 653 757 etdecorpore
670 664 763 730 etde
780 656 957 747 corporali
974 654 1163 723 locatione.
1217 668 1251 724 et
1274 653 1314 723 in
1335 656 1485 735 sanctis,
1517 680 1658 726 necesse
1673 675 1722 727 est
1740 656 1938 727 Ecclesiam
1956 656 2116 728 fideliter
2132 678 2201 725 eni·

177 781 366 861 Ascendit,
400 774 531 844 scilicet
558 763 732 856 corporali
756 774 788 831 et
812 755 956 852 physica
980 754 1165 834 locatione,
1217 756 1307 838 diri,
1347 770 1387 825 ut
1412 779 1641 846 agnoscamus
1672 760 1872 829 Dominum
1903 770 2073 828 nostrum
2099 758 2201 829 lesum

178 888 217 955 in
239 883 396 960 coelum,
422 876 459 942 id
484 887 551 953 est,
577 869 752 937 inlocum
778 862 982 942 coelestem,
1012 857 1166 927 ubicun·
1217 853 1399 930 Christum
1414 862 1534 928 adesse
1548 856 1745 949 Ecclesiae,
1771 875 1806 932 et
1822 883 1898 930 esse
1914 860 2201 953 capntomnisin

179 1011 248 1079 que
270 997 340 1066 est,
365 979 448 1071 quia
473 971 626 1044 hicnon
654 981 736 1037 sunt
760 965 941 1052 fingendae
967 960 1164 1048 allegoriae.
1218 960 1388 1031 omnibus
1410 962 1606 1052 perficiens.

180 1085 350 1160 Ascensio
375 1081 443 1149 fnit
468 1074 618 1144 visibilis
647 1084 679 1139 ct
708 1065 921 1156 corporalis,
963 1078 998 1133 et
1030 1082 1168 1150 semper

177 1193 227 1260 ita
258 1185 396 1276 scripsit
425 1194 497 1250 tota
531 1174 742 1266 antiquitas,
782 1155 966 1238 Christum
992 1162 1167 1254 corporali

36 1282 42 1291 ⁵
159 1289 357 1360 'locatione
377 1286 415 1352 in
439 1282 559 1372 aliquo
582 1279 659 1346 loco
685 1295 758 1341 esse
781 1269 987 1360 ubicunque
1011 1266 1106 1348 vrrlt,
1134 1278 1169 1333 et

180 1393 336 1462 ascensio
354 1382 547 1476 corporalis
562 1381 652 1449 sacta
669 1389 719 1444 est
728 1395 878 1442 sursum.
932 1369 1016 1439 ldeo
1037 1366 1169 1438 Paulus

179 1497 218 1564 in
237 1491 304 1563 hoc
319 1488 433 1589 capite
451 1485 566 1554 locum
585 1482 687 1550 illum
704 1475 868 1545 nominat
881 1495 1034 1542 sursum.

1322 1129 1397 1200 lam
1414 1132 1457 1200 ad
1475 1128 1732 1219 Argumentum
1751 1114 1867 1205 l’auli¹
1880 1134 2013 1215 redeo,
2045 1133 2111 1229 qui
2133 1133 2204 1203 lacit

1220 1228 1412 1306 antithesin
1431 1235 1556 1303 mortis
1578 1249 1718 1304 nostrae
1731 1251 1765 1304 et
1780 1237 2068 1310 resurrectionis.
2120 1233 2204 1305 Dicit

1221 1348 1286 1405 nos
1307 1360 1380 1405 esse
1405 1352 1582 1418 mortuos,
1612 1337 1765 1423 scilicet,
1800 1340 1882 1432 quia
1901 1340 1939 1407 in
1959 1363 2047 1409 vera
2067 1362 2203 1406 conver·

1220 1441 1321 1509 sione
1345 1452 1470 1508 natura
1494 1439 1644 1507 carnalis
1669 1441 1793 1528 incipit
1818 1442 1931 1525 mori,
1968 1454 2005 1511 et
2027 1440 2129 1510 addit
2150 1462 2203 1509 nos

1221 1541 1444 1611 resuscitatos
1463 1564 1552 1624 esse,
1577 1541 1660 1633 quia
1679 1542 1865 1613 vivificatio
1883 1542 2027 1613 incoata
2042 1556 2114 1625 est,
2127 1542 2203 1612 sicut

284 1660 333 1734 At
355 1662 392 1729 in
416 1653 680 1750 propositione:
708 1645 823 1716 Filius
846 1642 907 1736 qui
929 1654 980 1712 est
1000 1642 1039 1711 in
1057 1642 1170 1725 coelo,
1222 1656 1256 1714 et
1273 1665 1378 1733 supra
1402 1642 1540 1713 locutus
1563 1659 1625 1715 est.
1676 1641 1770 1712 Hinc
1794 1644 1938 1715 ducitur
1963 1657 2203 1734 argumentum

182 1771 316 1841 dictum
352 1761 572 1847 intelligatur
599 1747 920 1822 conrmunicatione
947 1745 1170 1815 idiomatum.
1222 1744 1452 1815 exelficiente
1476 1769 1596 1826 causa,
1632 1744 1722 1816 sicut
1745 1744 1852 1818 Rom.
1871 1746 1909 1821 6.
1934 1760 2204 1837 argumentetur.

182 1864 309 1968 Λόγος
324 1886 460 1955 semper
483 1872 535 1931 est
558 1859 595 1925 in
621 1852 740 1935 coelo,
767 1847 902 1917 etiamsi
925 1847 1100 1938 corporali
1116 1847 1170 1915 lo·
1222 1845 1368 1916 Mortua
1392 1861 1517 1917 natura
1540 1870 1615 1915 non
1641 1847 1688 1916 sit
1718 1849 1858 1935 efficax,
1902 1849 1987 1918 viva
2007 1848 2057 1919 sit
2084 1848 2202 1920 elficar.

183 1975 322 2045 catione
346 1988 473 2054 corpus
496 1973 547 2030 est
568 1958 606 2026 in
622 1955 772 2043 virgine.
825 1948 921 2019 Haec
938 1949 1093 2017 narratio
1111 1973 1170 2017 es·
1221 1944 1446 2019 llsttsaurem
1470 1948 1636 2018 vivificati
1653 1948 1744 2035 vita,
1770 1952 1849 2021 luce
1869 1965 1904 2022 et
1920 1951 2086 2035 iusticia,
2108 1972 2203 2043 quun

183 2096 300 2167 pressa
318 2085 366 2141 est
388 2069 424 2136 in
441 2062 664 2134 enarratione
681 2053 851 2150 symboli,
880 2076 967 2144 quea
986 2051 1114 2139 legitur
1131 2050 1168 2117 in
1221 2053 1282 2121 dat
1302 2050 1395 2121 filius
1410 2046 1479 2120 Dei
1501 2051 1726 2120 resuscitatus
1748 2057 1792 2121 ad
1812 2049 1901 2140 hoc,
1925 2067 1968 2123 ut
1987 2076 2052 2122 vos
2068 2052 2203 2122 retusu-

182 2176 285 2246 libris
300 2169 489 2266 Cypriani,
511 2163 576 2234 etsi
591 2158 676 2229 alibi
692 2156 874 2246 inscriptio
889 2168 953 2223 est:
980 2146 1169 2222 Enarratio
1221 2167 1270 2223 tet
1285 2166 1320 2223 et
1335 2150 1499 2225 vivificet.
1550 2148 1646 2240 Ergo
1670 2147 1755 2223 haec
1772 2156 1832 2224 lnx
1849 2171 1882 2227 et
1901 2156 2046 2226 iusticia
2072 2155 2119 2225 sit
2139 2154 2202 2223 elfi-

182 2276 342 2358 Rutfint,
383 2268 553 2341 Ascendit
580 2265 625 2332 ad
655 2260 792 2337 coelos,
834 2279 908 2324 non
933 2255 995 2325 ubi
1021 2256 1168 2323 verbum
1221 2278 1302 2337 cax,
1327 2279 1400 2322 non
1415 2254 1460 2324 sit
1475 2254 1587 2323 otiosa
1604 2255 1643 2322 in
1660 2258 1761 2325 vohis
1783 2257 1977 2329 vivificatio
2000 2258 2140 2329 incoats
2154 2279 2204 2348 per

183 2381 280 2453 Deus
305 2389 408 2447 antea
430 2394 503 2440 non
526 2370 661 2447 luerat,
695 2359 826 2453 quippe
850 2359 1010 2451 quierat
1034 2379 1171 2447 semper

184 2485 225 2551 in
242 2480 361 2561 coelo,
386 2491 420 2546 et
437 2471 603 2540 manebat
620 2488 699 2535 cum
718 2476 833 2553 patre,
859 2463 918 2528 sed
935 2460 996 2529 uhi
1021 2459 1169 2527 verbum

185 2608 267 2655 caro
279 2583 410 2651 factum
429 2587 532 2643 antea
546 2594 620 2639 non
635 2566 798 2646 sedehat,
825 2564 860 2631 id
879 2576 944 2644 est,
963 2562 1024 2630 ubi
1044 2584 1171 2649 corpus

185 2701 288 2756 antea
311 2704 384 2751 non
407 2673 580 2749 habuerat
597 2667 814 2759 corporalem
839 2664 1061 2733 locationem.
1113 2661 1172 2732 Sic

185 2784 408 2874 Augustinus
423 2779 600 2871 loquitur,
627 2785 660 2841 et
677 2764 954 2839 citantur‘verba
976 2766 1014 2832 in
1030 2764 1172 2852 Longo.

184 2883 438 2960 baruntius
466 2879 622 2950 distinct.
645 2875 724 2943 22:
770 2868 850 2939 Non
875 2868 1012 2936 dimisit
1038 2881 1172 2958 patrem

185 2988 366 3072 Christos,
391 3008 471 3056 cum
488 2981 584 3051 venit
600 2974 791 3056 infirmior,
816 2971 949 3073 ubique
964 2981 1077 3046 totus,
1093 2969 1175 3039 ubi-

188 3117 258 3187 que
274 3091 458 3183 perfectus.
523 3080 660 3152 Deinde
686 3077 829 3143 additur
849 3074 962 3142 forma
984 3071 1173 3139 sermonis:

188 3195 330 3286 Ubique
354 3206 447 3262 totus
471 3200 541 3264 est,
570 3186 629 3250 sed
656 3203 728 3246 non
751 3191 874 3247 totum.
929 3170 1001 3243 Alii
1027 3174 1174 3242 concin-

187 3299 270 3366 nius
291 3295 400 3363 locuti
424 3303 526 3360 sunt:
563 3281 765 3373 Propositio
797 3301 877 3346 vera
899 3290 949 3346 est
974 3275 1175 3345 communi·

188 3399 327 3471 catione
341 3395 567 3464 idiomatum:
583 3381 745 3454 Christus
759 3381 893 3471 ubique
912 3391 973 3446 est.

280 3555 497 3630 Athanasius
513 3552 561 3619 sic
573 3546 734 3639 loquitur
746 3545 789 3610 de
804 3541 1047 3610 incarnatione
1060 3541 1175 3610 verbi:

188 3658 316 3765 Λόγος
330 3685 404 3730 non
422 3656 604 3743 colligatus
621 3661 671 3716 est
695 3646 853 3735 corpori,
881 3645 940 3713 sed
959 3644 1032 3733 ipse
1048 3666 1177 3735 corpus

188 3769 364 3849 continet,
397 3775 435 3831 ut
460 3773 493 3827 et
518 3757 556 3823 in
581 3777 622 3821 eo
646 3750 708 3831 sit,
733 3761 767 3816 et
789 3758 883 3815 extra
911 3742 1050 3828 omnia,
1079 3745 1177 3816 etin

189 3874 271 3944 sinu
297 3866 423 3959 patris,
451 3880 564 3951 neque
587 3877 667 3923 cum
689 3849 795 3919 sitin
818 3848 1005 3927 omnibns,
1032 3848 1071 3917 lit
1099 3870 1177 3936 pars

188 3979 227 4047 in
249 3974 420 4050 aliorum,
446 3963 507 4032 sed
526 3957 645 4028 omnia
666 3954 795 4036 vitam,
817 3950 1177 4043 sustentationemque

189 4076 329 4167 abipso
350 4066 540 4166 accipiunta

292 4239 342 4311 Ut
363 4249 479 4305 autem
507 4232 551 4299 de
575 4224 680 4297 locali
707 4222 910 4293 ascensione
934 4233 1083 4290 naturae
1107 4215 1177 4290 bu·

189 4367 315 4418 manae
329 4341 463 4409 dictum
479 4346 546 4402 est:
570 4327 740 4399 Ascendit
757 4329 799 4393 ad
824 4325 959 4407 coelos,
985 4322 1033 4392 ita
1052 4323 1097 4391 de
1117 4348 1176 4391 ex-

188 4446 357 4522 altatione
377 4452 522 4508 naturae
543 4428 718 4502 humanae
741 4449 847 4517 super
861 4446 983 4493 omnes
1001 4439 1176 4494 creaturas

189 4553 407 4621 dictumest:
432 4539 537 4610 Sedet
555 4537 599 4605 ad
617 4536 792 4602 dexteram
809 4529 927 4619 patris,
950 4540 989 4596 ut
1008 4522 1066 4596 hic
1082 4525 1175 4596 Pau·

189 4656 246 4724 lus
263 4647 396 4740 inquit:
424 4640 496 4712 Ubi
513 4639 622 4709 estad
641 4637 816 4703 dexteram
836 4631 903 4700 Dei
924 4633 1061 4701 sedens.
1112 4626 1175 4699 Ait

187 4742 372 4827 Christum
397 4767 536 4812 sursum
560 4763 650 4822 esse,
691 4749 725 4804 et
757 4733 900 4824 quidem
931 4734 974 4800 ad
997 4735 1173 4800 dexteram

189 4855 276 4942 Dei,
302 4852 337 4920 id
362 4860 432 4929 est,
458 4868 530 4914 non
552 4856 592 4912 ut
613 4839 706 4909 beati
730 4835 845 4923 angeli
869 4847 901 4904 et
918 4829 1174 4902 hominessur·

1222 2357 1335 2425 filium
1358 2353 1427 2426 Dei
1450 2356 1705 2430 resuscitatum.

1323 2521 1419 2593 llaec
1446 2536 1497 2591 est
1520 2522 1720 2611 argumenti
1748 2542 1884 2592 summa
1914 2517 1987 2594 boe
2010 2526 2105 2597 loco.
2154 2524 2205 2595 ln·

1225 2627 1309 2696 texit
1333 2639 1449 2694 autem
1477 2624 1691 2713 singularem
1718 2625 2023 2712 consolationem,
2066 2653 2134 2722 qua
2155 2652 2207 2697 oc·

1224 2728 1335 2798 currit
1360 2726 1485 2795 tacitae
1508 2726 1718 2796 obiectioni:
1762 2724 1834 2797 Cur
1855 2729 1946 2798 dicis
1974 2753 2044 2798 nos
2070 2731 2206 2801 resusci-

1226 2843 1316 2903 tatos
1331 2851 1422 2909 esse,
1435 2851 1514 2898 cum
1530 2822 1646 2896 adhuc
1663 2843 1828 2912 mortem,
1852 2831 2023 2915 morbos,
2049 2834 2208 2926 reliquias

1226 2930 1375 3025 peccati,
1403 2930 1563 3019 ingentes
1578 2932 1720 3000 dolores
1737 2943 1771 2999 et
1787 2930 2071 3019 inenarrabilem
2089 2934 2208 3003 molem

1226 3034 1462 3104 calamitatum
1480 3033 1517 3099 in
1541 3032 1648 3101 nobis
1669 3032 1977 3119 circumferamus,
2003 3049 2041 3106 et
2058 3037 2211 3106 videatur

1226 3131 1318 3204 nihil
1342 3159 1415 3203 esse
1436 3133 1649 3203 imbecillius
1664 3130 1832 3204 Christo?
1882 3133 2117 3228 Respondet:
2151 3136 2209 3205 Vi·

1227 3239 1308 3307 vitis
1334 3251 1367 3306 et
1394 3233 1531 3306 habetis
1547 3236 1648 3305 initia
1666 3238 1756 3307 vitae
1777 3251 1959 3321 aeternae,
1986 3239 2085 3311 sicut
2109 3236 2209 3310 habe-

1226 3341 1286 3409 bat
1300 3340 1390 3408 latro
1405 3340 1561 3428 pendens
1577 3339 1615 3404 in
1631 3362 1743 3407 cruce.
1787 3336 1857 3407 Sed
1874 3335 1961 3408 haec
1978 3341 2088 3411 initia
2105 3338 2211 3412 adhue

1228 3455 1315 3510 tecta
1333 3453 1435 3524 sunt,
1468 3454 1505 3508 ut
1529 3454 1629 3508 erant
1653 3441 1691 3507 in
1715 3441 1853 3509 latrone
1870 3454 1978 3526 tecta,
2010 3445 2080 3536 qui
2102 3458 2211 3515 tamen

1227 3544 1381 3611 sentiens
1410 3542 1713 3625 consolationem,
1756 3542 1886 3612 sciebat
1915 3565 1953 3611 se
1982 3545 2056 3613 iarn
2091 3542 2212 3615 habere

1227 3646 1330 3714 initia
1347 3643 1439 3713 vitae
1454 3658 1634 3732 aeternae,
1651 3657 1686 3712 et
1702 3645 1832 3713 sciebat
1848 3641 2035 3715 Christum
2053 3672 2128 3717 esse
2144 3649 2211 3717 attt-

1228 3770 1370 3830 cacem,
1410 3769 1612 3836 quanquam
1646 3748 1801 3814 mundus
1828 3748 1976 3837 putabat
2007 3771 2094 3818 eum
2127 3746 2210 3820 nihil

1228 3872 1314 3918 esse.
1367 3845 1418 3916 lta
1443 3842 1500 3916 hic
1523 3847 1659 3937 inquit,
1695 3844 1875 3917 Christum
1908 3872 2057 3941 quoque
2090 3865 2212 3923 tectum

1227 3974 1319 4034 esse,
1352 3949 1505 4031 scilicet,
1540 3948 1622 4040 quia
1648 3951 1802 4017 mundus
1824 3973 1898 4017 non
1924 3951 2025 4022 videt
2045 3954 2125 4023 eius
2146 3954 2214 4023 etl·

1227 4053 1355 4122 caciam
1379 4065 1412 4120 et
1444 4051 1534 4121 ridet
1563 4048 1797 4139 Evangelium
1827 4047 1999 4123 horribili
2031 4058 2212 4128 securitate

1227 4169 1396 4246 tanquam
1423 4153 1565 4221 inanem
1592 4152 1762 4225 fabulam.

1329 4320 1400 4393 Sed
1423 4321 1535 4408 gloria
1559 4321 1625 4391 filii
1648 4335 1682 4391 et
1705 4318 1883 4392 Ecclesiae
1912 4328 2158 4418 conspicietur
2179 4333 2210 4400 in

1228 4439 1407 4514 postremo
1430 4423 1583 4505 iudicio,
1619 4424 1682 4493 ubi
1707 4448 1830 4494 omnes
1852 4419 2019 4497 homines
2048 4435 2210 4503 videbunt

1227 4523 1430 4605 Christum,
1468 4539 1502 4596 et
1516 4524 1623 4594 luisse
1640 4540 1675 4595 et
1690 4548 1764 4594 esse
1779 4527 1976 4610 efficacem,
2002 4545 2039 4602 et
2055 4529 2208 4623 Evange-

1226 4631 1314 4699 lium
1338 4652 1411 4697 non
1427 4627 1532 4696 fuisse
1550 4627 1691 4696 inanem
1714 4628 1880 4702 fabulam.
1932 4627 2042 4703 Hanc
2059 4637 2209 4709 consola·

1226 4733 1359 4801 tionem
1384 4729 1511 4799 intexit
1531 4742 1760 4818 argumento,
1801 4755 1872 4822 quo
1894 4724 2088 4823 bortatur,
2120 4754 2158 4810 ut
2177 4739 2207 4806 in

1225 4835 1364 4903 incoata
1397 4832 1667 4902 mortificatione
1690 4845 1724 4903 et
1745 4833 1986 4904 vivificatione
2013 4863 2206 4926 persevere-

190 4983 267 5030 sum
286 4964 387 5033 sunt,
412 4950 472 5018 sed
497 4946 667 5014 exaltatus
689 4959 795 5028 supra
818 4937 959 5024 angelos
982 4934 1019 5003 in
1038 4935 1098 5003 illa
1115 4959 1172 5002 ar·
1224 4959 1322 5021 mus,
1347 4956 1420 5004 nnn
1446 4933 1646 5003 amittamus
1671 4932 1735 5003 hos
1753 4933 1896 5005 effectus
1918 4932 2085 5034 Christi,
2112 4964 2204 5013 men-

189 5083 277 5131 cana
299 5058 376 5125 luce
390 5051 458 5120 Dei
480 5069 631 5138 regnans
654 5064 733 5113 cum
758 5052 874 5129 patre,
900 5052 933 5107 et
956 5051 1073 5108 tamen
1095 5061 1173 5106 cor·
1223 5051 1275 5108 tes
1304 5051 1427 5108 contra
1459 5037 1708 5106 conscientiam
1738 5037 1775 5103 in
1797 5060 1889 5106 nova
1919 5040 2068 5113 scelera.
2119 5043 2204 5113 Haec

195 5184 261 5255 pus
283 5157 442 5228 localiter
464 5148 595 5221 alicubi
620 5159 671 5214 est
694 5141 888 5210 secundum
913 5141 988 5209 veri
1014 5139 1172 5228 corporis
1222 5164 1358 5209 summa
1382 5133 1696 5228 comprehenditur
1716 5139 1754 5207 in
1779 5132 1847 5208 hoc
1870 5138 1987 5213 dicto:
2013 5142 2133 5215 Milies
2150 5148 2203 5214 bo.

187 5264 352 5340 modum,
373 5269 412 5325 ut
432 5249 653 5340 Augustinus
670 5243 800 5334 inquit.
851 5238 899 5312 Et
921 5237 987 5313 hae
1010 5240 1172 5331 proposi·
1222 5266 1303 5310 nam
1337 5241 1523 5328 militiam,
1562 5242 1719 5312 retinens
1753 5241 1859 5311 fidem
1891 5254 1927 5313 ct
1960 5245 2094 5316 bonam
2127 5270 2202 5318 con·

190 5366 318 5437 tiones:
345 5355 509 5428 Christus
526 5355 564 5422 in
583 5348 768 5432 vobisest,
792 5339 869 5436 Ego
892 5344 932 5414 in
952 5345 1021 5429 eis,
1048 5343 1169 5414 venie·
1220 5345 1414 5415 scientiam.
