4522 5782
300 1045 790 1138 COMMENTARIUS
814 900 1141 1133 {gilgpffih
1151 1042 1336 1130 PAULI
1375 1045 1460 1128 AD
1496 1042 1875 1133 CORINTHIOS.

157 1234 249 1301 fluns
270 1238 518 1302 commentarium
539 1236 719 1300 Meloutlron
741 1256 820 1300 anuo
846 1236 939 1300 1551.
969 1235 1092 1315 scripsit
1121 1246 1152 1298 et
1173 1235 1254 1298 dedit
1278 1234 1375 1299 Panlo
1397 1235 1517 1316 libero,
1546 1235 1694 1316 discipulo
1728 1259 1785 1300 suo
1813 1255 1852 1300 ao
1880 1234 2038 1316 collegae,
2069 1241 2102 1295 st

76 1336 147 1385 ιιι
167 1324 312 1403 privatim
332 1323 520 1388 auditoribus
550 1322 615 1386 suis
645 1322 790 1399 dictaret,
829 1319 936 1402 quibus
967 1319 1128 1384 succisivis
1160 1321 1248 1384 loris
1284 1320 1400 1384 dierunt
1433 1323 1581 1385 festorum
1612 1321 1846 1402 explicationem
1873 1317 2104 1404 grammaticen

76 1404 280 1489 epistolamst
302 1409 390 1473 Pauli
412 1413 485 1472 darc
507 1408 638 1473 solebat.
658 1441 702 1455 -
744 1407 818 1471 Post
841 1406 954 1471 obitum
976 1405 1182 1470 Melautbouis
1198 1403 1329 1471 Eberss
1350 1407 1431 1470 buno
1453 1407 1701 1472 commentorium
1724 1406 1834 1486 edidit,
1856 1426 1982 1489 eumque
2001 1401 2100 1469 watt-

76 1510 185 1577 wgo
199 1495 311 1559 Comiti
331 1493 471 1559 Palatino
494 1492 615 1557 dicavit.
656 1491 771 1558 Prodiit
793 1491 904 1574 igitur:

88 1612 252 1712 .„Brepis
280 1624 311 1675 et
339 1611 428 1710 utilis·
443 1609 693 1710 'Commentarius
726 1610 759 1674 iu
786 1608 920 1709 pripretn
949 1607 1110 1690 epistulam
1144 1605 1234 1671 Pauli
1261 1608 1300 1670 acl
1330 1605 1525 1709 corinthios,
1552 1610 1638 1710 etin
1667 1608 1782 1691 aliquot
1812 1607 1914 1688 capita
1937 1609 2099 1709 secundas,
2131 1635 2136 1644 ·

157 1709 290 1849 Ιιιιιιιιίιῖἶιιιι
306 1695 512 1866 szlizplrppo
541 1695 748 1762 Melantbouo.
775 1694 908 1779 ‚wrcen
940 1694 1033 1760 1551.
1076 1691 1206 1775 llllpb.
1249 1693 1309 1758 8.”
1332 1726 1374 1744 -
1426 1693 1556 1779 Legitur
1586 1716 1619 1759 m
1648 1715 1719 1777 opp.
1749 1693 1897 1788 Meloutb.
1925 1694 2098 1777 Wrteberg.

76 2136 326 2227 clarissimo
354 2133 544 2240 Principi
569 2159 621 2217 ec
652 2132 855 2242 Domino,
877 2132 932 2217 D.
955 2126 1240 2247 Wolfpnapo
1271 2128 1422 2217 (inmiti
1447 2130 1643 2218 Palatino
1672 2135 1727 2244 ad
1745 2132 1960 2247 Rhenum,
1984 2130 2097 2221 Duri

76 2254 308 2362 bavariae,
337 2249 487 2338 Comiti
504 2248 733 2330 Valentiae
757 2246 1010 2353 etBipontii.
1069 2247 1248 2327 ltomino
1274 2269 1354 2330 suo
1377 2247 1720 2334 clementissimo:
1748 2249 1911 2336 Paulus
1927 2251 2096 2336 llberos

387 2361 731 2474 Kittltingensis,
758 2359 915 2444 Pastor
931 2360 1155 2445 Ecclesiae
1184 2357 1542 2472 Vitebergenais,
1599 2362 1649 2450 S.
1673 2363 1728 2453 D.

76 2568 167 2707 niu
182 2614 362 2700 dubitavi,
376 2626 496 2683 utrum
513 2604 610 2679 hunc
625 2606 954 2678 commentariolum
968 2600 1057 2697 Epi·
1106 2619 1216 2691 certe,
1243 2620 1312 2677 eta
1330 2606 1471 2679 rixandi
1486 2612 1604 2682 studio
1620 2613 1756 2685 alienos
1770 2616 1896 2687 merito
1911 2617 2094 2706 absterret,

76 2708 242 2813 pulsem
256 2711 475 2793 Corinthios,
502 2736 606 2804 qnam
618 2708 849 2782 Reverendns
866 2723 900 2779 et
917 2709 1055 2778 incom-
1107 2709 1256 2802 nequid
1286 2730 1430 2779 suarum
1455 2712 1743 2785 lucubrationum
1766 2742 1846 2786 curn
1875 2733 1973 2790 tauto
1998 2721 2094 2808 peri·

76 2819 243 2917 parabilis
259 2818 398 2887 virtutis
417 2830 450 2889 ct
467 2813 678 2883 ervtditionis
696 2813 750 2880 vir
766 2808 943 2881 Dominus
962 2801 1055 2877 t’ht
1107 2810 1187 2880 culo
1208 2809 1350 2902 publice
1368 2815 1648 2895 communicent,
1680 2842 1771 2908 quiae
1790 2835 1906 2888 tamen
1923 2821 2003 2910 plus
2016 2822 2091 2891 for-

76 2920 197 3025 la'ppus
219 2911 464 3001 Melanthos,
493 2913 705 3004 Praeceptor
737 2926 857 2982 nostor
890 2925 925 2981 et
950 2908 1056 2994 Pater
1104 2912 1206 2982 tussis
1230 2925 1265 2983 ct
1291 2912 1475 2984 doctrinae
1511 2932 1545 2988 et
1574 2918 1827 2989 consolationis
1854 2923 2091 3006 continerent,

76 3024 149 3121 'pias
182 3023 398 3104 memoriae,
439 3014 527 3087 mihi
563 3031 644 3086 ante
678 3037 790 3082 aornos
822 3017 942 3082 decem
976 3027 1056 3104 post
1104 3038 1210 3106 quarn
1228 3013 1294 3084 ista
1308 3017 1479 3104 pugnacis
1495 3031 1529 3088 et
1545 3020 1724 3089 mordacia
1751 3026 1977 3114 quorundam
2001 3024 2091 3094 scri·

76 3141 266 3235 paeceptum
291 3122 389 3192 dorni
420 3145 519 3188 meae
545 3116 812 3207 explicationem
837 3111 1052 3183 Grammati·
1104 3131 1183 3205 pta,
1208 3140 1298 3209 qnae
1316 3116 1355 3184 in
1381 3117 1472 3187 alios
1493 3133 1629 3190 tantum
1650 3124 1822 3213 impetum
1845 3118 2088 3196 vehementem

76 3214 146 3307 ἰαἰιι
171 3223 410 3319 Epistularum
433 3220 562 3306 Pauli,
588 3218 769 3288 succisivis
792 3211 890 3285 horis
915 3216 1052 3284 dicrum
1103 3216 1254 3301 iaciunt,
1287 3230 1321 3288 et
1343 3217 1477 3287 alienas
1499 3223 1690 3292 sententias
1714 3216 1813 3293 omni
1837 3240 1965 3297 conatu
1988 3250 2090 3299 ever-

76 3323 864 3415 Fsstorominlmncusumscripsit,utenm
890 3317 1052 3408 privatim
1102 3331 1174 3388 tere
1197 3320 1382 3389 nituntur:
1415 3323 1460 3390 de
1483 3325 1576 3392 veris
1597 3338 1713 3395 autern
1737 3322 2018 3415 Fundamentis,
2050 3345 2087 3402 ct

76 3420 296 3513 inditoribus
320 3426 406 3496 rucis
428 3424 614 3508 dictarem,
640 3424 734 3514 quoti
760 3421 845 3504 feci,
873 3420 910 3488 in
934 3419 1052 3510 publi·
1102 3420 1187 3512 quill
1214 3423 1258 3490 de
1282 3421 1478 3513 reintegra
1504 3425 1651 3497 firmiter
1676 3427 1901 3499 sentiendum
1926 3432 1989 3511 sit,
2024 3445 2088 3506 snt

76 3514 152 3619 :um
170 3533 381 3605 emitterem:
409 3551 454 3596 an
479 3550 562 3594 vero
583 3547 725 3616 prorsus
746 3521 1003 3614 supprimerent
1020 3534 1054 3589 et
1103 3518 1194 3590 nihil
1213 3536 1275 3592 aut
1291 3547 1415 3608 parom
1435 3528 1585 3611 (locent,
1610 3552 1650 3596 ex
1674 3530 1804 3622 quibus
1829 3532 1858 3601 si
1875 3534 2035 3604 convicia
2052 3549 2088 3606 et

76 3624 304 3721 multarem,
329 3655 408 3714 cutm
431 3624 465 3697 et
487 3627 613 3695 exilior
634 3626 697 3706 sit,
724 3650 830 3717 qnam
855 3624 917 3717 qui
936 3623 1052 3715 requi·
1100 3623 1170 3693 ulia
1189 3648 1233 3721 cx·
1245 3624 1481 3694 acerbissimis
1503 3627 1707 3714 invectivis,
1732 3633 1787 3699 vel
1802 3657 2005 3706 scurrarum
2022 3659 2087 3727 po·

76 3722 233 3815 rentibus
254 3734 408 3827 prolixas
424 3743 458 3800 et
472 3727 740 3813 declamatoriae
755 3727 978 3816 singulorum
996 3725 1051 3793 ‹li-
1101 3726 1170 3794 tius
1195 3726 1337 3795 circulis
1361 3727 1526 3799 accersita
1551 3730 1729 3821 pigmenta
1749 3735 1952 3819 sustuleris,
1984 3737 2082 3809 nuda

76 3858 210 3917 norum
233 3835 492 3909 comestiones,
516 3827 713 3901 satisfacere
737 3844 859 3922 queat,
890 3841 925 3896 et
951 3852 1052 3918 prae·
1101 3852 1138 3897 ca
1155 3826 1323 3898 et'inania
1344 3851 1486 3918 prorsus
1504 3828 1757 3924 deprehendes.

76 3968 165 4016 ¹erea
184 3945 287 4013 etiarn
303 3936 451 4009 mutilus
471 3935 537 4017 sit,
563 3934 620 4002 vix
635 3932 702 4003 tria
719 3936 892 4002 secuntiae
908 3926 1050 4021 Episto·
1200 3926 1296 3998 Haec
1319 3955 1374 3999 me
1397 3931 1607 4020 solicitata,
1633 3949 1668 4004 et
1691 3953 1804 4006 metus
1819 3936 1942 4008 talium
1963 3938 2085 4032 reprc-

76 4054 123 4119 lae
139 4038 253 4134 capiis
270 4040 458 4130 explicans.
1101 4026 1313 4101 incisionum
1340 4025 1508 4104 hactenns
1531 4037 1808 4107 cornetantiorem
1833 4040 1915 4111 iecit
1938 4043 1981 4110 asi
2006 4044 2084 4115 edi·

169 4144 399 4230 Praecipnam
437 4160 521 4208 vero
562 4135 751 4205 dubitandi
787 4158 926 4205 cucusam
961 4128 1049 4202 nrihi
1101 4133 1232 4201 tionem
1255 4129 1362 4203 ltuirts
1384 4136 1482 4204 utilis
1505 4138 1643 4228 scripti,
1677 4162 1782 4232 quem
1805 4146 2083 4216 tamentanrlent

76 4247 232 4342 praeluuit
250 4242 356 4313 burins
379 4241 486 4310 sectili
510 4237 734 4330 perversitas,
764 4261 854 4331 quoue
872 4261 912 4323 eo
931 4258 1048 4302 moro·
1101 4236 1184 4305 ricit
1199 4251 1232 4306 et
1251 4236 1398 4305 excrrssit
1425 4236 1512 4308 mibi
1537 4240 1675 4308 assitlua
1702 4241 1870 4330 flagitatio
1889 4245 2082 4318 multorum

76 4351 180 4424 litatis
204 4363 237 4417 et
263 4344 461 4438 iniquitatis
492 4340 661 4433 processit
684 4345 848 4424 tandem,
888 4353 927 4407 ut
958 4333 1047 4405 nihil
1100 4337 1527 4425 piornrneternrlitorurn
1551 4337 1756 4426 hominnm,
1782 4344 1844 4436 qni
1867 4341 1962 4416 htrnc
1985 4371 2083 4418 com-

76 4476 140 4527 tam
159 4452 293 4522 sincere
318 4446 422 4514 scribi
448 4458 509 4513 ant
531 4442 601 4510 sliri
623 4443 694 4512 fere
711 4441 779 4509 iarn
797 4443 924 4530 possit,
952 4443 1045 4531 qrrcucl
1100 4441 1311 4509 rrtentacium
1336 4441 1575 4529 perlegerant,
1600 4443 1864 4533 olvinrgantiurn
1883 4473 1956 4531 noe,
1983 4452 2081 4543 quod

76 4580 143 4628 non
179 4556 217 4622 in
252 4550 452 4643 aliquorum
495 4544 685 4612 sciolorum
721 4539 1048 4633 ,reprehensionem
1097 4543 1214 4609 stnvliu
1253 4540 1389 4609 vitantii
1417 4543 1621 4636 iniquorum
1654 4545 1812 4639 iniustas
1830 4564 1864 4619 et
1887 4553 2082 4623 malitiosas

76 4680 169 4749 vacpc
184 4655 287 4725 etiarn
304 4647 635 4717 condemnationem
654 4646 831 4730 incurrat,
857 4669 948 4737 quae
964 4668 1046 4712 stane
1097 4644 1351 4726 cavillationes,
1366 4669 1452 4735 qtrrrs
1468 4670 1582 4736 cneque
1598 4647 1749 4736 elingere
1765 4651 1949 4743 qnisquam
1966 4677 2081 4746 quan·
2202 4692 2204 4699 >

76 4759 228 4840 icontie,
263 4754 334 4839 ipsa
359 4751 568 4840 impunitate
591 4747 705 4815 indies
728 4748 819 4816 vires
850 4749 1048 4839 acqrrirens,
1097 4747 1739 4838 tumviscrvrrtusnnqnampotuisset,
1767 4776 1881 4843 neque
1903 4753 1970 4821 sibi
1994 4778 2081 4823 con-

78 4887 137 4931 mo
163 4861 209 4930 ab
234 4855 413 4948 aliquibus
444 4875 517 4919 non
541 4852 647 4917 nrsvslo
678 4874 756 4918 curn
790 4849 961 4939 applausu
988 4874 1044 4918 ex·
1096 4847 1187 4916 scius
1219 4847 1304 4916 recti
1331 4872 1453 4915 curuare
1481 4852 1647 4934 sleberet,
1681 4875 1861 4940 pergerem
1885 4853 2025 4942 pietatis
2044 4870 2081 4928 et

76 4975 183 5053 epta,
208 4981 331 5028 verum
360 4956 464 5024 etiam
488 4953 646 5020 urercecle
672 4966 706 5020 et
732 4951 893 5040 praemiis
917 4950 1045 5020 alicubi
1097 4949 1253 5019 veritatis
1282 4963 1440 5018 asstantes
1471 4952 1565 5018 virus
1596 4953 1760 5023 irarrrlare
1791 4953 1941 5025 lectione
1972 4951 2079 5027 buius

76 5063 288 5142 mnfirmatrt,
313 5078 479 5145 inagnum
504 5049 620 5121 atlltnc
643 5054 774 5120 malurn
801 5053 899 5119 «labit
923 5049 1038 5122 Eccle-
1094 5053 1157 5121 vlu
1182 5049 1323 5142 expetiti
1353 5066 1386 5121 et
1409 5054 1576 5140 expectati
1601 5052 1887 5141 Commentarii,
1925 5057 1989 5150 qni
2014 5061 2081 5129 elsi

76 5166 154 5251 tiae,
175 5163 205 5232 si
229 5184 306 5255 non
326 5159 395 5226 iarn
418 5170 500 5226 ante
515 5153 775 5231 tristissimum,
802 5170 835 5221 et
857 5177 1044 5244 prnpeuvn-
1096 5154 1212 5222 brevis
1235 5166 1344 5234 esset,
1372 5175 1487 5223 eriuven
1511 5181 1565 5224 res
1586 5156 1793 5246 praecipuas
1818 5157 1864 5227 ita
1894 5161 2080 5250 perspicue

76 5271 147 5341 lum
179 5260 377 5336 insanabile
407 5258 537 5329 vulnus
568 5258 682 5355 eidem
713 5255 853 5332 inllixit.
925 5252 1044 5326 Bono,
1094 5255 1300 5347 explicaret,
1326 5254 1875 5330 utinteraliorumeruslitorum
1891 5256 2081 5335 hominum
