4522 5782
78 254 129 333 1⁸
439 248 524 326 ΧΠ.
578 236 883 327 arramato
913 236 966 325 ll(
999 246 1188 329 svam,
1223 238 1438 329 totunm.
1487 248 1599 329 CAP.
1624 251 1725 329 xlx.
2018 251 2096 329 ill

78 426 244 512 tacimus,
276 433 476 493 mouentes
501 440 585 491 vere
614 442 682 490 nos
711 442 731 491 a
760 417 838 492 Deo
869 420 977 492 abiici
1008 421 1047 492 iu
1099 423 1297 514 significare
1321 446 1358 493 se
1382 436 1612 517 spectatorem
1635 450 1709 498 esse
1725 422 1834 499 huius
1849 424 2033 519 supplicii,
2058 439 2094 500 et

78 545 230 604 eternam
252 522 535 597 damnationem.
596 516 677 593 Etsi
700 524 844 594 dolebat
866 522 983 595 David
1009 547 1047 595 se
1097 528 1175 598 lore
1195 548 1233 596 se
1258 526 1425 602 iudicem.
1476 527 1565 600 Nam
1594 525 1664 600 hoc
1687 529 1903 624 colloquium
1925 525 2090 614 habetur,

78 657 97 704 s
116 652 231 722 regno
255 626 338 700 eiici
354 648 375 696 a
392 626 485 710 lilio,
507 646 613 718 quem
629 625 732 695 valde
755 626 945 716 diligebat,
969 650 1047 697 mo-
1098 652 1179 700 cum
1202 629 1272 698 iam
1289 629 1408 699 medio
1433 630 1491 701 die
1508 631 1592 702 solis
1608 633 1729 702 lumen
1743 632 1936 702 extinctum
1953 645 2023 716 est,
2047 635 2090 703 tit

78 755 215 807 nesse
238 728 470 812 seditionem,
498 739 591 797 etse
612 728 693 797 exui
716 728 829 818 gloria
853 730 1046 821 sapientiae
1098 753 1139 801 ex
1169 729 1285 800 Lucae
1317 734 1523 829 narratione
1555 748 1712 825 apparet.
1778 731 1949 823 Agnoscit
1978 733 2089 823 igitur

78 834 292 918 limitatae,
324 854 431 924 quam
456 823 659 919 habuerat,
700 843 816 900 tamen
845 827 1046 902 hidolores
1097 829 1194 904 hunc
1216 832 1348 903 iustum
1382 834 1500 904 virum
1534 858 1608 905 esse
1635 834 1822 921 Messinm,
1864 848 1897 905 et
1927 835 2085 927 primum

78 962 122 1012 on
142 949 250 1007 erant
271 932 414 1006 summi.
476 931 560 1003 Alia
587 932 702 1001 multo
729 934 843 1002 maior
864 934 1045 1003 moesticia
1096 937 1214 1026 palam
1240 935 1409 1007 discernit
1433 960 1512 1006 eum
1534 961 1554 1007 a
1580 961 1635 1023 se,
1663 939 1774 1009 altero
1799 935 1895 1006 socio
1911 936 2089 1034 supplicii,

78 1040 275 1113 scanciabat
303 1058 406 1120 eum,
447 1033 546 1127 quod
577 1031 721 1104 videbat
749 1056 852 1104 suum
875 1035 1044 1105 delictum
1096 1038 1249 1107 affirmat
1266 1061 1347 1107 eum
1369 1035 1463 1106 nihil
1485 1039 1570 1109 mali
1596 1039 1729 1112 iecisse.
1805 1036 1944 1108 Deinde
1970 1039 2087 1129 ipsum

78 1165 193 1216 tusam
222 1163 297 1213 esse
321 1150 503 1208 tantorum
526 1134 699 1204 scelerum
723 1148 759 1206 et
782 1138 1045 1222 scandalorum,
1097 1140 1312 1231 alloquitur,
1353 1165 1392 1209 ac
1421 1141 1553 1210 iaciens
1586 1142 1802 1211 mentionem
1835 1141 1947 1210 luturi
1976 1139 2088 1232 ipsius

78 1244 240 1340 aquibus
257 1239 380 1324 multi,
404 1238 466 1330 qui
488 1237 630 1307 lucrant
653 1238 791 1323 sancti,
824 1232 1045 1309 horribiliter
1096 1243 1216 1331 regui,
1255 1243 1428 1328 ostendit,
1464 1244 1527 1336 qui
1554 1244 1687 1323 credat,
1721 1243 1886 1313 videlicet
1909 1235 2006 1312 hunc
2030 1240 2085 1307 vi·

78 1349 253 1419 eristum.
303 1338 463 1410 Hic-sese
479 1339 659 1410 iudicabat
679 1362 753 1409 esse
773 1353 905 1432 pestem
921 1338 1046 1412 Eccle-
1095 1366 1195 1422 rum,
1222 1342 1358 1413 etiamsi
1374 1368 1471 1414 nunc
1486 1347 1637 1437 pendeat
1652 1345 1690 1413 in
1714 1368 1817 1416 cruce
1832 1367 1872 1414 ac
1889 1343 2085 1414 moriturus

78 1452 172 1521 iacet
197 1445 324 1539 populi
340 1440 427 1526 Dei,
453 1454 487 1512 et
508 1441 639 1510 molem
662 1455 884 1533 peccatorum
909 1456 1044 1514 tantam
1096 1444 1162 1529 sit,
1195 1456 1312 1513 tamen
1338 1468 1413 1516 non
1435 1446 1662 1518 interiturum
1685 1468 1776 1529 esse,
1809 1447 1869 1517 sed
1896 1444 2086 1525 victurum,

78 1551 251 1630 entiebat,
276 1560 316 1616 ut
338 1556 543 1633 agnosceret
566 1566 602 1613 se
626 1566 700 1614 uon
718 1566 819 1634 posse
836 1568 913 1614 eam
937 1545 1045 1617 susti·
1096 1559 1132 1618 et
1153 1544 1262 1616 vitam
1293 1547 1371 1617 aliis
1394 1548 1509 1640 ipsum
1532 1549 1782 1620 invocantibus
1806 1548 1973 1618 daturum
1997 1567 2083 1617 esse.
2199 1613 2202 1619 ,

78 1678 153 1740 cre,
175 1649 359 1721 metuebat
374 1647 485 1737 igitur
499 1668 535 1716 se
551 1645 728 1717 abiectum
753 1668 828 1717 esse
849 1646 979 1733 aDco,
1004 1659 1044 1717 ut
1095 1646 1258 1742 Denique
1289 1649 1418 1721 rectius
1448 1651 1614 1743 intelligit
1643 1650 1842 1721 doctrinam
1871 1651 1915 1718 de
1940 1646 2084 1732 Messia,

78 1756 197 1827 aulem
215 1767 276 1822 aut
296 1749 588 1842 aliostyrannos,
615 1747 677 1839 qui
698 1748 844 1821 luerunt
869 1772 949 1818 vasa
970 1751 1045 1818 irae
1096 1773 1200 1842 quam
1226 1774 1349 1821 omnes
1365 1748 1557 1824 Pharisaei.
1609 1747 1782 1849 Agnoscit
1808 1752 1846 1820 in
1870 1750 1941 1821 vita
1959 1746 2084 1819 Eccle-

78 1858 129 1932 tei.
181 1854 239 1926 Hi
254 1855 400 1922 dolores
414 1851 563 1920 Doridis
585 1850 708 1943 aliquo
730 1854 837 1922 modo
864 1853 1046 1920 declarant
1096 1854 1183 1922 siam
1210 1853 1248 1921 in
1268 1877 1370 1923 cruce
1386 1877 1478 1940 esse,
1502 1857 1563 1924 sed
1582 1850 1784 1926 habituram
1809 1877 1872 1945 per
1888 1838 1986 1922 hunc
2003 1851 2085 1920 Do·

78 1958 273 2033 honitatem
292 1950 398 2023 huius
411 1952 671 2043 descriptionis,
697 1975 777 2021 cum
792 1953 924 2024 dieitur
938 1949 1043 2026 Chri·
1095 1955 1234 2024 minum
1266 1955 1397 2041 vitam,
1431 1956 1629 2041 iusticiam,
1663 1970 1697 2026 et
1718 1955 1865 2046 gloriam
1891 1966 2084 2026 aeternam.

78 2078 128 2135 tua
147 2062 265 2131 lactus
283 2078 357 2125 esse
374 2054 622 2134 maledictum,
654 2056 714 2123 sed
736 2049 823 2124 haec
842 2080 862 2125 a
886 2056 1043 2147 profanis
1096 2054 1189 2126 Petit
1204 2056 1313 2144 igitur
1329 2059 1427 2128 abeo
1445 2054 1532 2128 haec
1548 2060 1662 2142 bona,
1688 2058 1870 2151 inquiens:
1898 2053 2083 2124 Memento

78 2180 111 2237 ut
134 2161 269 2233 securis
289 2157 467 2227 mentibus
487 2180 561 2225 non
583 2157 844 2244 intelliguntur.
897 2156 980 2227 ldeu
1008 2173 1043 2227 et
1095 2159 1164 2225 mei
1199 2154 1371 2244 Domine,
1413 2184 1494 2230 carm
1529 2160 1669 2229 veneris
1701 2159 1741 2227 in
1778 2182 1926 2248 regnum
1968 2168 2084 2229 tuum.

78 2290 118 2339 os
131 2268 273 2357 peecata
289 2271 410 2329 nostra
427 2258 655 2348 aspiciamus,
682 2271 715 2328 ct
731 2258 944 2348 cogitatione
969 2259 1044 2327 irae
1095 2257 1192 2328 Haec
1213 2274 1296 2330 sunt
1320 2264 1424 2331 verba
1443 2261 1525 2331 fidei
1551 2262 1723 2332 eluctatae
1737 2261 1807 2329 iam
1825 2284 1866 2328 er
1883 2257 2081 2336 doloribus,

78 2371 139 2454 tei,
162 2382 200 2437 et
219 2361 451 2434 horribilium
468 2383 661 2450 poenarum
679 2382 967 2450 expavescamus,
992 2363 1042 2431 ita
1095 2375 1225 2447 morte,
1259 2364 1471 2452 pavoribus,
1504 2376 1539 2434 et
1564 2362 1795 2453 intelligentis
1820 2380 1993 2431 summam
2015 2360 2082 2428 do·

78 2470 129 2556 et,
160 2483 204 2542 ut
225 2469 348 2558 aliquo
379 2464 484 2531 modo
509 2455 601 2531 hanc
630 2462 830 2531 doctrinam
863 2463 1043 2551 intelliga-
1095 2461 1433 2555 ctrinaellvangelii.
1458 2463 1667 2556 Respondet
1681 2458 1982 2547 autemChristus,
2001 2473 2082 2530 tarr·
2140 2462 2143 2467 ’

78 2598 152 2666 sus,
177 2572 251 2639 imo
273 2565 334 2636 hic
354 2588 465 2655 pavor
486 2576 521 2634 et
544 2557 604 2634 hie
624 2564 729 2633 dolor
748 2576 800 2635 est
825 2587 906 2635 vera
929 2565 1044 2634 medi·
1095 2589 1200 2658 quarn
1216 2567 1458 2655 pronuncians
1474 2567 1746 2646 absolutionem,
1765 2579 1799 2635 et
1813 2588 1893 2634 eum
1910 2562 2084 2653 recipiens

78 2678 138 2749 atio
161 2669 339 2766 passioni!
361 2662 507 2738 Christi·
1094 2669 1133 2735 in
1162 2666 1379 2753 Ecclesiam,
1420 2683 1454 2739 et
1486 2670 1629 2763 quidem
1661 2667 1907 2737 iusiurandum
1930 2665 2082 2734 addens:

149 2824 310 2918 Quium,
333 2821 446 2890 pocus:
479 2814 598 2888 Multa
620 2830 704 2888 sunt
726 2816 820 2889 dicta
843 2813 979 2890 Christi
1004 2818 1042 2889 in
1095 2767 1210 2838 Arnen
1234 2771 1314 2839 dico
1337 2770 1421 2856 tibi,
1454 2766 1563 2839 hodie
1587 2791 1724 2839 mecum
1746 2768 1816 2838 eris
1838 2768 1875 2835 in
1900 2764 2084 2848 Paradiso,

1095 2871 1217 2954 idest,
1249 2873 1287 2940 in
1312 2871 1389 2941 loco
1413 2868 1591 2941 Ecclesiae
1614 2873 1755 2953 heatae,
1782 2891 1873 2962 quae
1895 2891 2025 2936 novam
2048 2878 2083 2937 et

78 2954 175 3013 cuce,
201 2927 262 2997 sed
287 2921 410 2993 concio
430 2921 614 3014 praecipua
638 2934 691 2990 est
712 2921 754 2989 ad
779 2921 974 3006 latronem,
1008 2934 1043 2991 et
1547 2972 1556 2990 ,
1622 2974 1631 2991 ,
1751 2973 1760 2991 ,
1823 2969 1865 2988 ,,

78 3030 293 3127 pectaculum
311 3027 426 3117 ipsum
443 3036 493 3093 est
507 3023 654 3113 insigne.
681 3020 855 3093 Latrones
870 3027 942 3091 duo
959 3035 1043 3092 suut
1094 2987 1272 3091 {emnam
1304 2974 1442 3059 lucem’
1481 2987 1708 3065 ⁵⁸P¹²¹¹¹¹³¹¹¹’
1749 2984 1926 3042 mmmm
1951 2981 1985 3039 οἵ
2006 2969 2084 3059 810·

78 3157 169 3226 '⁰²8⁰
187 3131 296 3203 ¹⁰ll¹¹⁸
311 3127 447 3218 genesii
465 3119 623 3209 humani,
640 3127 734 3217 quod
747 3137 859 3194 totum
876 3124 1042 3193 estmorti
1093 3099 1182 3144 Μ’
1198 3068 1317 3148 ham·

78 3239 269 3319 ubiecturn,
297 3230 356 3298 sed
376 3251 457 3318 pars
473 3228 645 3296 liberatur
661 3251 722 3317 per
738 3221 934 3314 Christum,
959 3248 1042 3323 pars
1196 3224 1265 3296 Hic
1282 3239 1333 3297 est
1349 3227 1438 3295 ordo
1456 3225 1638 3320 colloquii,
1661 3225 1755 3318 quod
1773 3223 1923 3295 sciamus
1938 3235 2085 3314 propter

78 3352 173 3411 uanet
203 3334 243 3403 in
277 3342 404 3405 morte.
469 3327 521 3399 lta
556 3343 669 3399 totum
705 3351 814 3417 geuus
844 3322 1042 3397 humanum
1093 3330 1222 3417 multas
1244 3352 1364 3398 causas
1385 3324 1534 3400 recitari.
1589 3325 1769 3418 Principio
1792 3339 1939 3397 testatur
1964 3322 2081 3394 Deum

78 3443 105 3513 bi
122 3439 276 3534 pendere
298 3432 509 3523 cogitemus,
533 3445 572 3499 ut
586 3454 705 3498 revera
723 3453 847 3498 omnes
863 3430 969 3498 variis
984 3454 1041 3499 ca·
1094 3454 1233 3501 servare
1265 3428 1479 3514 Ecclesiam,
1518 3443 1552 3501 et
1588 3450 1726 3521 semper
1757 3428 1897 3522 aliquos
1931 3426 2082 3497 excitare

78 3539 277 3615 amitatibus
301 3549 336 3604 ct
360 3548 474 3603 morte
498 3532 595 3600 illam
620 3533 730 3623 ipsam
757 3531 907 3621 speciem
932 3533 1042 3602 latro·
1093 3534 1328 3617 consessores,
1362 3532 1467 3601 etiarn
1492 3545 1579 3602 tunc
1602 3555 1684 3601 cum
1708 3526 1828 3600 hostes
1849 3521 2084 3620 triumphant,

78 3639 358 3719 'mmsefimuh
412 3633 520 3723 Q¹¹⁰d
538 3646 653 3703 aulem
671 3633 802 3726 impius
816 3633 904 3703 latro
926 3634 1042 3703 medio
1095 3650 1129 3705 et
1151 3648 1276 3726 putant
1301 3634 1452 3703 deletam
1476 3655 1560 3704 esse.
1612 3630 1717 3703 Tunc
1739 3630 1907 3722 dissipata
1923 3641 1997 3699 erat
2011 3625 2083 3699 Ec.

78 3743 229 3843 upplicio
243 3755 362 3812 tamen
378 3737 493 3828 ludit,
518 3749 552 3805 et
569 3731 748 3807 Christum
773 3735 954 3805 venenatis
969 3735 1042 3804 iro.
1095 3738 1217 3822 elffii„
1243 3729 1406 3805 cham„
1430 3735 1504 3826 ime
1526 3736 1658 3827 pendet
1681 3735 1720 3802 in
1742 3757 1844 3804 cruce
1863 3753 1904 3801 ac
1920 3730 2084 3815 moritur,

78 3851 125 3921 tiis
143 3847 360 3926 subsannat,
385 3840 592 3909 manifestus
614 3838 714 3907 luror
731 3838 833 3906 estin
851 3850 947 3907 tanto
963 3861 1043 3906 cru·
1096 3854 1207 3907 mater
1230 3838 1328 3907 luctu
1353 3851 1386 3906 et
1410 3837 1586 3907 moesticia
1602 3836 1814 3928 impeditur,
1840 3856 1885 3903 ne
1901 3831 2012 3901 multa
2028 3831 2084 3900 lo·

78 3954 148 4025 tatu
172 3960 208 4018 et
231 3948 307 4037 ipsa
329 3956 442 4039 morte
462 3941 660 4033 petulanter
683 3940 823 4018 ludere,
848 3940 909 4007 sed
938 3933 1044 4008 huius
1095 3955 1242 4035 quatur,
1284 3939 1447 4030 Apostoli
1478 3938 1683 4029 diffugiunt,
1741 3935 1830 4007 'Tali
1863 3949 2021 4023 tempore
2043 3931 2083 4001 in

78 4050 211 4125 mentia
226 4046 399 4138 signilieat
413 4041 564 4112 similem
582 4066 654 4109 esse
672 4042 833 4108 omnium
853 4040 1042 4131 impiorum
1096 4058 1190 4113 tanta
1207 4040 1437 4131 dissipatione
1453 4037 1853 4132 incipiunt-concionari
1875 4034 1927 4104 sol
1951 4048 1983 4104 et
2005 4056 2083 4103 sco-

79 4155 278 4227 ecuritatem
301 4148 339 4215 iu
358 4159 430 4216 toto
448 4167 573 4235 genere
588 4138 759 4215 humanu.
813 4139 905 4210 Nero
923 4166 1043 4213 secure
1096 4144 1170 4235 puli
1199 4137 1400 4232 hiscentes,
1444 4154 1479 4213 et
1509 4134 1775 4231 lit‘Apostolus
1803 4133 1861 4207 hic
1887 4136 1999 4221 latro,
2039 4137 2085 4207 de

78 4258 150 4330 ”dil
172 4267 207 4326 ‘¹
233 4251 368 4323 d‘fldel
391 4245 527 4329 Deum,
561 4269 625 4313 ¹¹00
649 4245 756 4316 sentit
779 4267 816 4312 se
848 4244 887 4313 in
917 4245 1050 4314 rnediis'
1095 4245 1240 4316 sublimi
1259 4246 1476 4315 concionans
1492 4243 1557 4314 toti
1573 4244 1693 4333 generi
1710 4239 1878 4313 humanu.
1977 4314 1980 4321 Ι
2172 4233 2175 4239 ’

78 4360 181 4432 oleris
201 4371 236 4429 et
253 4351 461 4425 tristissimis
479 4348 628 4416 miseriis
645 4371 731 4421 esse.
848 4397 850 4401 -
1560 4394 1569 4414 .
1786 4394 1795 4411 ,
1900 4393 1908 4409 ,

1198 4397 1383 4482 Secundo,
1409 4417 1593 4467 conversio
1615 4408 1650 4465 et
1672 4395 1819 4464 salvatio
1846 4387 1952 4462 huius
1974 4394 2085 4462 latro·

156 4508 313 4581 &entra
337 4507 426 4576 alter
446 4503 538 4571 latro
562 4500 721 4589 agnoscit
743 4498 911 4567 delictum
941 4523 1043 4568 suum
1096 4501 1154 4570 nis
1175 4499 1290 4588 imago
1305 4513 1357 4569 est
1381 4497 1623 4568 conversionis
1646 4510 1681 4567 et
1698 4496 1904 4566 salvationis
1926 4494 2086 4583 singulo·

78 4632 95 4689 et
116 4636 255 4686 causam
281 4632 431 4700 poenae,
464 4627 537 4672 non
568 4617 622 4673 est
648 4625 809 4683 securus,
843 4625 916 4668 non
942 4602 1044 4687 ludit,
1095 4626 1174 4672 rum
1193 4603 1397 4670 electorum.
1447 4599 1529 4670 Non
1552 4613 1653 4691 putes
1677 4613 1710 4666 te
1725 4598 2083 4685 aliteringrcssururn
2195 4594 2200 4613 ⁸

78 4734 101 4793 tt
122 4720 184 4790 ille
201 4718 460 4787 subsannator,
486 4707 545 4774 sed
569 4705 703 4774 iudicat
727 4728 762 4770 se
787 4702 896 4770 alleo
916 4706 1046 4792 puniri,
1097 4728 1169 4772 esse
1191 4704 1299 4772 vitam
1327 4716 1524 4781 aeternam,
1551 4726 1656 4793 quem
1678 4696 1737 4770 hic
1761 4697 1851 4769 latro
1875 4699 2086 4788 ingreditur.

78 4823 256 4910 tinsuper
269 4814 396 4883 metuit
412 4823 571 4879 aeternas
592 4830 741 4896 poenas,
768 4807 860 4873 clare
878 4807 972 4872 euim
989 4807 1041 4873 di·
1096 4805 1176 4874 Non
1194 4806 1303 4892 fingas
1318 4817 1352 4872 te
1369 4803 1495 4873 afferre
1510 4803 1636 4872 merita
1654 4805 1696 4872 ad
1715 4800 1851 4884 Deum,
1877 4803 1936 4870 sed
1962 4820 2085 4867 sumus

78 4928 124 4998 it:
148 4920 223 4993 Nos
244 4919 336 4987 iuste
357 4911 554 5006 plectimur.
608 4906 750 4994 Magnis
775 4906 883 4994 igitur
910 4908 1044 4975 dolori·
1097 4907 1148 4975 rei
1172 4907 1245 4974 irae
1266 4902 1350 4988 Dei,
1393 4918 1426 4974 et
1450 4905 1575 4975 mortis
1598 4918 1761 4975 aeternae
1783 4924 1922 4979 ornnes,
1962 4913 2001 4970 ut
2026 4895 2084 4967 hic

78 5050 125 5099 sus
139 5039 172 5095 et
188 5022 381 5112 pavoribus
397 5013 632 5093 exerciciatur,
657 5013 716 5078 sed
733 5009 875 5076 interim
891 5032 969 5077 cum
985 5034 1046 5078 cu·
1098 5010 1206 5091 latro,
1238 5008 1328 5077 sicut
1342 5004 1474 5077 Paulus
1497 5006 1634 5100 inquit,
1660 5004 1804 5077 Roman
1821 5004 1876 5073 A:
1912 5001 1958 5073 Ut
1979 5022 2086 5067 omne

78 5132 144 5219 ‚itat
163 5124 245 5219 quis
268 5125 315 5191 sit
338 5115 396 5188 hic
420 5116 474 5184 vir
497 5116 629 5194 iustus,
662 5112 724 5201 qui
747 5110 862 5179 dictus
884 5109 1045 5180 estMes-
1097 5134 1137 5179 us
1169 5113 1376 5189 obturetur,
1420 5122 1455 5179 et
1489 5133 1570 5179 reus
1604 5108 1651 5177 sit
1683 5120 1777 5177 totus
1809 5104 1965 5174 mundus
1998 5100 2087 5173 Deo.

79 5235 145 5319 iae,
169 5228 234 5320 qui
257 5246 356 5293 nunc
378 5233 428 5289 est
450 5213 614 5305 supplicii
631 5213 763 5296 socius,
790 5214 930 5307 quaerit
946 5236 1045 5283 veras
1095 5211 1203 5281 Hunc
1229 5214 1402 5280 latronem
1434 5212 1545 5282 menti
1569 5224 1650 5280 tuae
1681 5230 1859 5301 proponas
1889 5207 1928 5272 in
1951 5204 2086 5275 contri-

78 5330 340 5415 consolationes,
374 5336 407 5393 et
432 5317 589 5388 fortassis
615 5315 857 5382 accenduntur
880 5308 945 5381 hae
970 5314 1045 5383 eius
1097 5314 1214 5395 tione,
1240 5314 1328 5397 lide,
1354 5313 1598 5393 absolutione,
1626 5335 1745 5390 cruce,
1779 5308 1942 5378 ethonis
1968 5306 2086 5397 uperi·

78 5435 307 5532 agitationes,
332 5448 414 5498 cum
429 5422 526 5491 videt
539 5419 654 5491 Deunr
677 5414 851 5485 mirandis
875 5414 1046 5506 prodigiis
1096 5415 1175 5486 hus.
1228 5412 1365 5485 Harum
1381 5414 1535 5506 partium
1553 5412 1714 5483 omnium
1738 5411 1898 5504 exempla
1919 5406 1984 5482 hic
2003 5430 2095 5497 pro·
