4522 5782
88 186 116 271 ι
227 189 330 271 ιιιι
356 197 419 323 ,ι
444 178 811 269 conuenerant
836 170 1340 292 thomassinum
1366 177 1629 301 nonanus
1679 181 1787 267 ιιι.
1812 182 1875 266 ιι
1987 188 2077 277 ιιι
2097 238 2131 305 ·.
2182 126 2221 337 κ’

88 370 168 445 ndi
182 354 552 456 iudieieeonsolat'ur,
578 350 625 441 et¹
636 350 739 439 docet
757 388 824 437 nos
836 352 1027 459 taphsa,
1078 359 1190 455 gloria
1205 342 1277 433 Ilei
1295 360 1387 432 laedi
1403 370 1564 452 putatus,
1588 373 1623 432 et
1636 360 1701 431 elii
1714 360 1840 435 dolent
1858 361 2066 439 labdsctsri

92 474 346 558 ministerium,
361 473 497 542 etiamsi
507 487 664 564 spretum
673 470 868 543 etinvisum
876 470 1026 553 mundo,
1079 464 1321 551 autoritatem,
1347 462 1512 557 dissipsni
1528 462 1691 534 ordinem
1705 461 1883 539 Ecclesiae
1901 479 1967 543 etc·

88 597 354 665 renumeratos,
378 574 582 647 etscismus
598 575 717 643 elbcsx
733 596 825 657 esse,
850 583 885 642 et
899 570 1027 641 offerre
1323 633 1331 652 ,
1411 631 1451 652 ,,
1556 631 1591 650 ,-

89 694 190 753 utem
203 677 451 752 credentibus.
473 675 575 748 Sicut
590 690 625 748 et
640 674 774 747 Paulus
789 673 924 768 inquit:
942 672 1028 743 Non
1150 629 1207 705 El
1222 629 1360 705 9⁰⁰¹d
1376 628 1481 706 ’Μ’
1506 625 1602 707 Fun
1616 656 1745 709 'mm
1763 657 1903 726 ‘mm‘
1928 644 1992 710 ⁶¹⁶·

88 784 150 853 det
165 804 223 851 soe
237 777 437 870 Evangelii.
488 775 543 852 lto
557 778 807 850 confirmemus
823 799 889 846 nos
904 789 1028 847 contro
1180 768 1519 844 Coecervatmultas
1534 773 1726 843 sententias
1727 752 1842 866 ,quoe
1857 775 2067 853 describunt

88 885 147 976 pio
178 882 308 953 iudicia
329 883 478 969 mundi,
511 894 548 954 et
568 881 835 953 consideremus
854 892 1027 997 quantum
1079 896 1211 968 poenas
1231 874 1434 964 impietatis
1492 872 1720 947 Contemtum
1746 874 1931 967 Evangelii
1954 878 2068 949 comi·

88 988 233 1071 lussit,
263 1007 423 1055 exercere
443 938 687 1060 ciudelitatem
713 996 838 1056 contre
860 981 939 1075 pios
959 980 1028 1049 mi-
1080 992 1176 1050 tatur
1203 979 1352 1047 coecitas
1379 989 1415 1048 et
1445 975 1657 1063 induratio,
1698 1002 1788 1071 quae
1814 979 1862 1049 ita
1892 993 2067 1073 occupant

88 1083 386 1177 uoettvsngetti.
1079 1081 1236 1161 animos,
1260 1095 1300 1151 ut
1323 1102 1397 1151 oon
1420 1080 1554 1170 possint
1576 1080 1791 1171 resipiscere.
1842 1080 1982 1154 Deinde
2003 1082 2067 1152 ills

1079 1183 1155 1277 ipsa
1179 1183 1330 1253 coecitas
1357 1181 1515 1253 cumulat
1542 1205 1696 1268 errores,
1735 1183 1880 1255 accersit
1898 1185 2069 1273 lusorem,

401 1320 540 1433 caput
575 1321 655 1407 xl.
1077 1285 1322 1461 {5⁸⁰5in
1337 1277 1526 1459 lttprriblilliita
1542 1284 1634 1456 Ἑιῑι
1650 1285 1847 1459 cqrpoqalip
1864 1300 1898 1459 qt
1911 1301 2069 1361 eeteros·

621 1448 624 1453 .
1106 1412 1139 1458 ιι
1179 1411 1341 1458 ιιοιιιι
1392 1411 1454 1480 mq
1517 1413 1527 1459 ι
1588 1411 1923 1467 ιιοιιιιιιιιι.
2016 1419 2023 1436 ·

135 1491 283 1582 Mitigat
303 1489 522 1584 superiorem
545 1489 727 1584 querelam
750 1490 796 1560 de
819 1488 1027 1570 delectione,
1182 1490 1236 1562 De
1267 1489 1347 1560 aliis
1377 1489 1526 1580 poenis:
1565 1487 1692 1563 Mensa
1719 1491 1782 1562 liat
1815 1489 1853 1560 in
1887 1491 2067 1586 laqueum,

88 1610 239 1670 testatur
264 1592 536 1686 promissionem
559 1587 679 1663 adhuc
700 1592 877 1683 pertinere
898 1593 942 1661 sd
964 1615 1029 1682 po-
1078 1593 1282 1663 sesodslum
1300 1606 1365 1664 etc.
1408 1588 1592 1682 Significat
1606 1593 1703 1663 euim
1717 1616 1837 1663 mensa
1854 1588 1923 1665 boc
1937 1594 2069 1688 ipsum,

88 1701 184 1785 lum,
214 1709 250 1769 et
264 1697 397 1767 multos
410 1720 487 1767 eam
507 1708 759 1767 consecuturos
781 1718 874 1780 esse,
899 1693 1027 1764 rideli·
1080 1696 1117 1766 in
1132 1721 1205 1789 qno
1225 1695 1413 1786 praecipue
1435 1694 1663 1787 acquiescunt
1686 1690 1867 1779 homines,
1892 1699 1990 1791 quod
2013 1694 2069 1765 ri·

88 1827 110 1889 t,
135 1801 200 1895 qui
217 1801 380 1871 credunt.
432 1799 486 1868 Ac
502 1798 657 1888 primum
673 1823 692 1869 ι
708 1821 773 1869 suo
791 1797 951 1888 exemplo
967 1820 1026 1866 ar·
1078 1800 1184 1871 detor
1195 1798 1321 1868 afferre
1337 1797 1638 1884 consolationem,
1660 1798 1853 1884 auxilium,
1876 1801 2067 1873 recreatio·

88 1917 282 1975 montosus:
316 1898 392 1990 Ego
414 1900 688 1981 sumlsratlita,
721 1915 756 1973 ct
776 1901 926 1991 adeptus
948 1920 1026 1969 sum
1078 1925 1179 1986 nem,
1214 1900 1381 1994 quietern.
1440 1897 1542 1972 Sicut
1572 1922 1693 1971 mensa
1715 1900 1878 1993 Pompeii
1907 1900 1977 1975 fuit
2007 1926 2068 1973 rex

88 2007 332 2088 amissionem,
357 1999 452 2092 Ergo
468 2000 645 2072 lsradlitae
668 2014 816 2092 possunt
842 2025 918 2070 eam
940 2024 1027 2069 con·
1079 2002 1253 2098 Aegypti,
1286 2003 1349 2071 ille
1369 2000 1445 2093 ipss
1460 2003 1504 2073 sd
1520 2025 1626 2096 quem
1643 2003 1820 2094 confugit,
1847 2003 1948 2076 culus
1965 2028 2069 2097 prae-

88 2109 152 2205 qoi.
204 2104 326 2177 Altera
343 2105 435 2175 ratio
450 2119 565 2175 sumto
577 2117 630 2173 est
643 2107 690 2173 ab
704 2104 865 2195 exemplo
888 2117 1026 2194 tempo·
1078 2106 1169 2177 sidio
1191 2106 1355 2197 sperabat
1373 2127 1410 2175 se
1430 2106 1507 2176 iore
1527 2116 1664 2192 tutum,
1695 2105 1764 2179 tuis
1796 2107 1829 2175 ei
1854 2107 1982 2180 exitio:
2017 2108 2068 2177 ito

88 2236 118 2285 ns
137 2207 286 2281 Heliae.
342 2205 394 2281 lta
422 2221 545 2279 monet
573 2229 712 2299 semper
733 2205 927 2303 Ecclesiam
953 2206 1026 2275 exi·
1077 2207 1217 2281 ludaeis
1238 2207 1295 2278 lex
1309 2220 1342 2278 et
1361 2230 1524 2299 praesens
1540 2207 1661 2301 politia
1669 2259 1682 2294 ,
1708 2222 1744 2279 et
1767 2207 1829 2279 ille
1851 2208 2067 2301 gloriosissi-

88 2338 142 2384 rm
168 2335 260 2392 esse,
293 2323 328 2381 et
350 2310 464 2383 multo
487 2310 656 2381 maiorem
680 2332 870 2379 numerum
896 2332 936 2381 sc
958 2333 1025 2400 po·
1078 2335 1156 2382 mus
1171 2311 1295 2382 titulos
1309 2309 1432 2402 popula
1449 2307 1537 2390 Det
1560 2323 1634 2381 erat
1647 2333 1779 2381 mensa
1815 2310 1891 2383 Has
1905 2335 1960 2382 res
1977 2334 2067 2382 scte

88 2416 184 2490 stiam
199 2412 405 2506 impiorum.
1077 2415 1165 2485 bant
1187 2413 1360 2485 divinitus
1381 2414 1548 2499 traditas,
1574 2425 1609 2485 et
1631 2427 1702 2483 tam
1727 2414 1790 2483 diu
1809 2414 1968 2485 defensas
1983 2437 2069 2500 esse,

135 2512 186 2590 Et
208 2516 307 2587 addit
330 2514 551 2598 doctrinam,
583 2475 681 2607 quod
704 2505 863 2583 Ecclesia
887 2510 1025 2585 nonsit
1077 2531 1112 2587 et
1128 2516 1376 2587 existimabant
1392 2540 1466 2586 non
1483 2539 1584 2607 posse
1602 2515 1744 2590 mutari.
1784 2514 1905 2605 Quare
1918 2517 2068 2588 damna

88 2633 145 2693 cts
164 2634 309 2711 propter
329 2618 461 2707 legem,
494 2628 640 2709 propter
660 2614 843 2708 politiam,
876 2619 936 2684 sed
960 2639 1026 2706 po-
1076 2619 1164 2692 bant
1188 2620 1414 2704 doctrinam,
1456 2642 1546 2712 quae
1579 2618 1767 2691 videbatur
1794 2620 2000 2705 adversari,
2033 2630 2070 2690 et

88 2725 164 2794 lurn
179 2720 247 2793 Det
264 2743 338 2791 esse
361 2721 507 2803 electos,
538 2743 600 2811 qut
590 2714 851 2808 Evangehnm
874 2717 944 2788 fide
962 2741 1025 2809 ap·
1076 2722 1267 2813 sperabant
1300 2745 1337 2790 se
1366 2721 1443 2792 lore
1479 2721 1651 2807 victores,
1690 2720 1781 2790 sicut
1813 2735 1916 2792 antea
1949 2734 2066 2813 patres

88 2822 278 2898 ι.1ιιιιάιιιιι
332 2821 415 2892 ldeo
431 2821 531 2893 addat
546 2820 825 2891 miscricordiam
842 2842 917 2890 esse
942 2845 1025 2891 cau·
1076 2816 1396 2916 triumphaverant.
1462 2822 1544 2895 Hae
1574 2847 1628 2891 res
1657 2821 1803 2895 fuerunt
1825 2822 1993 2918 laqueus,
2026 2822 2066 2892 id

88 2925 331 3004 nelectionis,
364 2947 436 2993 non
454 2924 585 3012 legem,
618 2946 693 2991 non
718 2923 902 3012 politiam,
934 2923 1026 2995 sicut
1076 2939 1148 3012 est,
1171 2925 1265 2996 mala
1290 2924 1517 3017 persuasione
1542 2905 2067 3011 tenueruntirretitosanimos,

88 3055 142 3123 ιιι
172 3030 218 3098 de
246 3026 452 3097 discrimine
475 3028 629 3095 duorum
653 3025 868 3115 populorum
890 3026 1023 3097 dictum
1076 3040 1111 3099 et
1131 3042 1249 3118 postea
1274 3029 1505 3119 perdiderunt
1528 3041 1593 3100 etc.
1652 3024 1705 3097 lta
1728 3051 1825 3095 nunc
1846 3027 1970 3099 titulus
1995 3027 2068 3098 Ec-

88 3129 335 3228 Synagoga
352 3125 459 3199 habet
472 3127 615 3198 titulum
630 3126 753 3218 popula
770 3124 837 3196 Det
843 3179 858 3214 ,
892 3143 928 3201 et
948 3129 1023 3199 bel·
1075 3130 1219 3217 clesiae,
1254 3143 1305 3199 est
1330 3152 1451 3199 mensa
1484 3129 1768 3198 adversariorum
1798 3123 1993 3215 Ecclesiae,
2032 3142 2067 3202 et

88 3248 207 3307 eratus
229 3258 309 3303 com
337 3255 419 3300 vero
441 3230 572 3321 populo
596 3242 629 3299 et
653 3253 733 3299 cum
757 3253 839 3301 vera
853 3227 1023 3305 Ecclesia
1074 3233 1243 3353 illaqueat
1276 3231 1415 3303 animos
1446 3232 1533 3303 falsa
1568 3226 1811 3325 persuasione,
1845 3246 1880 3305 et
1915 3233 1983 3305 erit
2015 3232 2066 3303 eis

88 3354 218 3409 ιιιιιιιι
233 3329 301 3405 boc
316 3333 522 3404 scandalum
540 3343 680 3423 oportet
704 3354 772 3403 nos
794 3355 868 3403 esse
889 3333 1023 3404 instru-
1075 3334 1234 3410 exitium.

90 3463 127 3528 s,
172 3453 207 3511 et
227 3435 487 3530 praemunitos,
527 3447 568 3505 ut
590 3434 830 3523 intelligamus
852 3459 926 3506 non
949 3458 1024 3507 esso

88 3543 226 3613 clesism
253 3540 355 3610 illum
379 3551 538 3618 coetum,
572 3537 634 3629 qui
657 3537 882 3630 persequitur
900 3535 1023 3611 Evan-
2065 3620 2071 3636 .

89 3648 188 3729 ium,
211 3641 349 3713 etiarnsi
366 3636 498 3710 habent
514 3639 630 3710 cultus
646 3652 708 3710 aut
723 3639 897 3729 politiam.
1176 3641 1219 3711 ld
1236 3654 1307 3725 est,
1326 3639 1438 3730 magis
1459 3641 1640 3735 magisque
1656 3666 1764 3712 onera
1789 3667 1849 3713 eos
1872 3642 2065 3726 erroribus,

1007 3768 1008 3772 ¹
1074 3743 1267 3829 scandalis,
1302 3741 1469 3834 peccatis,
1509 3743 1786 3816 calamitatibus:
1821 3744 1976 3839 denique
1998 3769 2065 3836 op-

1075 3847 1188 3938 primo
1211 3859 1352 3916 aeterua
1376 3846 1563 3933 servitute,
1598 3870 1643 3916 ne
1669 3847 1914 3932 reflorescant,
1940 3871 1985 3916 ne
2008 3870 2065 3917 re-

135 3947 291 4039 Spiritus
312 3944 614 4033 compunctionis,
640 3942 676 4013 td
692 3955 766 4026 est
791 3943 933 4014 animus
952 3945 1021 4014 ira.-
1073 3961 1244 4042 cuperent
1259 3947 1484 4018 autoritatem
1500 3962 1536 4019 et
1554 3971 1714 4039 regnum.

88 4075 115 4143 ι,
153 4066 260 4144 utque
289 4049 513 4117 exacerbatus
542 4048 627 4117 odio
657 4043 724 4115 Dei
759 4059 794 4116 et
825 4040 1023 4137 Evangelii.
1174 4048 1316 4121 lllustre
1349 4050 1549 4143 exemplum
1592 4052 1765 4144 praebent
1796 4048 2065 4142 Anabaptistae‚

88 4153 210 4227 tenim
227 4147 411 4221 horribilis
426 4150 598 4236 quaedam
624 4147 698 4218 odn
714 4147 911 4218 acerbitas
900 4173 939 4217 ιιι
956 4145 1022 4221 bo·
1074 4150 1225 4223 subinde
1248 4176 1361 4222 novos
1384 4174 1521 4224 errores
1545 4154 1756 4246 pariebant,
1791 4168 1831 4225 ut
1852 4154 1936 4247 iam
1947 4155 2064 4221 mani-

88 4281 147 4329 sus
162 4250 362 4345 Evangelii
389 4250 503 4348 qualis
517 4251 758 4321 describitur
744 4275 784 4321 ιιι
797 4246 902 4334 Cain
927 4248 1022 4322 Pha·
1073 4254 1181 4327 festos
1205 4254 1303 4327 lieret
1323 4255 1442 4334 furor,
1484 4257 1696 4327 secedebant
1727 4256 1929 4326 foedissima
1961 4280 2064 4325 scan-

88 4386 163 4441 sne,
186 4373 222 4429 ιι
236 4356 423 4428 similibus
474 4351 637 4422 Primum
646 4376 761 4448 quta
777 4353 973 4423 diabolus
962 4379 1020 4423 m·
1073 4357 1173 4438 dala,
1199 4357 1408 4441 seditiones,
1438 4356 1628 4444 libidines,
1662 4352 1922 4449 blasphemiae,
1949 4361 2063 4428 donec

88 4475 192 4532 nmat
215 4461 296 4529 illos
317 4459 481 4548 impetus.
533 4455 718 4537 Secundo,
745 4455 829 4551 quia
855 4454 928 4548 ipsa
953 4451 1020 4526 hu·
1072 4462 1213 4528 taudem
1236 4484 1380 4551 prorsus
1404 4459 1511 4530 deleti
1535 4474 1630 4535 sunt.
1695 4459 1835 4532 Similia
1857 4464 2064 4532 acciderunt

90 4589 137 4634 na
168 4564 258 4635 ratio
292 4557 520 4629 vehementer
557 4558 753 4628 offenditur
790 4558 1022 4649 dissipatione
1075 4558 1213 4629 ludaeis
1243 4575 1325 4654 post
1353 4561 1632 4652 persecutionem
1662 4559 1862 4653 Evangelii.
1923 4561 2060 4633 Harum

90 4682 196 4739 tuum
223 4678 257 4735 et
278 4664 416 4755 reipub.
470 4659 688 4750 lmaginatur
720 4660 918 4731 doctrinam
948 4684 1020 4730 esse
1072 4656 1300 4733 horribilium
1323 4686 1518 4754 poenarum
1541 4665 1771 4737 comminatio
1794 4688 1858 4735 nos
1882 4669 2062 4748 admonet,

88 4765 276 4863 sphemam
292 4780 326 4836 et
341 4764 562 4835 seditiosam
578 4776 704 4855 putant
720 4788 817 4835 ιιιιιιι
831 4761 926 4835 laedi
944 4762 1019 4854 glo·
1071 4787 1118 4833 ne
1143 4777 1414 4836 contemnamus
1440 4761 1704 4858 Evangelium,
1745 4792 1791 4837 ne
1815 4768 1903 4839 tales
1929 4792 2061 4861 poenas

88 4899 122 4943 m
145 4868 214 4941 Dei
239 4868 437 4940 mutatione
460 4867 633 4936 cultuum.
685 4863 735 4937 Ut
760 4890 840 4935 cum
855 4862 1020 4956 Apostoli
1071 4866 1176 4938 nobis
1192 4889 1418 4942 accersamus

88 4985 244 5066 ngarent
273 4969 491 5043 ceremonias
514 4967 713 5049 Leviticas,
751 4983 786 5038 et
812 4990 910 5038 nunc
939 4992 1018 5038 cum

88 5072 346 5148 ‚rebenduntor
369 5072 485 5141 cultus
507 5066 683 5151 humani,
724 5071 854 5140 abusus
877 5066 1020 5145 Missae.

88 5183 192 5265 inde,
232 5175 385 5248 mutatio
409 5173 570 5243 cultuum
595 5182 708 5242 mutat
732 5173 837 5244 etiam
869 5171 1020 5262 politias,
1171 5169 1374 5262 Propositio
1405 5194 1511 5263 supra
1540 5170 1702 5242 instituto
1735 5171 1916 5262 repetitur.
1974 5168 2058 5242 Non

1197 3499 1252 3573 Et
1269 3498 1418 3575 dorsum
1435 3526 1556 3575 eorum
1570 3527 1709 3604 semper
1723 3503 1875 3579 incurvo
1894 3515 1955 3579 stc.

178 3802 303 3882 Dedit
319 3804 491 3906 spiritum
507 3803 794 3901 compunctionis
810 3813 872 3881 stc.

1159 5029 1335 5108 Numito
1355 5035 1599 5134 impegerunt,
1627 5044 1666 5106 ut
1681 5029 1878 5107 caderent?
1900 5045 1964 5111 etc.

96 5306 198 5353 nunc
223 5295 317 5351 certe
344 5270 511 5346 distrahit
536 5271 743 5347 Ecclesiam.
817 5270 1018 5369 Utrumque
1069 5273 1118 5345 ita
1133 5272 1357 5365 impegerunt
1372 5271 1569 5361 ludaei,ut
1581 5287 1653 5344 tota
1669 5295 1754 5364 gens
1771 5273 1915 5364 periret.
1948 5269 2057 5347 Ratio
2191 5362 2195 5371 Ι

88 5410 146 5457 em
176 5382 273 5477 parit
302 5381 426 5470 ingens
456 5378 605 5463 odium,
639 5375 823 5464 videlicet,
857 5376 954 5472 quod
983 5388 1019 5449 et
1067 5389 1121 5449 est
1141 5389 1264 5468 argute
1284 5378 1453 5467 cogitata,
1486 5389 1521 5449 et
1540 5370 1649 5448 babet
1670 5374 1809 5447 facilem
1832 5375 2055 5449 senteutiam.
