4522 5782
53 226 160 308 arsi
210 224 313 303 xiii.
356 171 396 302 i.
421 218 761 301 counaoran
785 217 839 293 iii
863 181 1019 327 arur.
1044 200 1194 286 raum
1219 196 1289 279 ao
1311 200 1638 289 coniurantis.
1672 207 1795 292 acar.
1819 210 1921 292 xiv.
1982 216 2092 295 iios

54 404 131 475 fide
144 414 181 474 et
193 398 436 472 consolatione
451 398 490 468 in
507 395 599 467 ieris
615 393 807 487 pavoribus
823 390 1045 484 loquebatur,
1091 375 1179 454 ‘tib
1197 373 1274 480 γὰρ
1298 372 1547 478 προςεύχομαι
1568 374 1719 508 y‘luiou'p
1729 435 1741 471 ,
1769 381 1819 476 [ad
1842 390 1992 483 πνεῦμα
2011 411 2089 482 μου

56 504 251 598 inquibus
274 505 380 573 corda
402 510 657 571 sesostentant
679 494 915 587 imputatione
943 488 1046 560 iusti·
1183 578 1189 582 Ι
1465 508 1715 582 προςευχεται.
2001 494 2005 503 ’

58 607 135 678 siae
155 605 323 677 lilii-Dei.
382 601 606 691 Exaggerans
630 622 713 668 vero
738 597 820 666 illos
845 588 1047 664 enthusias·
1201 597 1452 675 commoratur
1484 604 1524 672 in
1559 603 1723 675 instituta
1758 602 1959 682 collatione,
2009 602 2089 681 Εηῑ

57 731 160 795 roos,
183 706 393 777 extenuabat
409 726 511 773 usum
528 701 859 782 Sacramentorum,
883 711 917 769 et
934 692 1048 765 tradi·
1100 702 1199 796 pium
1226 728 1316 795 opus
1341 718 1410 788 est,
1459 706 1700 796 precationem
1732 707 1847 777 dicere
1876 732 2089 804 quacunque

56 809 178 882 tione,
205 802 379 881 humanas
406 827 551 898 prorsus
580 803 779 886 reiiciebat,
821 822 886 869 nec
918 815 1048 889 pantol
1100 806 1239 896 lingna,
1274 820 1393 877 tamen
1420 808 1566 878 utilitati
1589 804 1769 878 Ecclesiae
1792 809 1898 882 etiam
1928 811 2088 881 servien-

58 911 251 984 admiratio
273 934 392 981 rerum
413 906 621 978 sublimium
642 919 677 976 et
699 905 901 994 ignotarum
925 920 1047 968 move·
1099 909 1187 977 dum
1211 921 1282 992 esi,
1322 923 1356 980 et
1388 910 1552 979 addend,
1589 910 1781 984 enarratio,
1840 907 1932 982 cum
1963 913 2087 1002 lingua

58 1015 142 1098 bat,
179 1024 221 1085 iit
241 1013 318 1082 eius
343 1009 535 1082 sententias
556 1008 869 1098 amplecterentur,
895 1021 1048 1096 quorum
1101 1010 1282 1100 peregrina
1300 1009 1411 1081 recito
1427 1012 1685 1102 precationem,
1718 1011 1864 1103 spiritus
1882 1028 2086 1100 mensurat,

58 1116 195 1186 multos
225 1113 412 1184 nominare
442 1133 633 1204 possemus.
694 1105 779 1180 Fuit
807 1118 927 1175 aulem
955 1102 1049 1171 iulet
1099 1111 1220 1195 idest,
1255 1109 1511 1183 affectusdono
1529 1113 1706 1204 spirituali
1722 1132 1898 1186 accensus.
1946 1114 2085 1210 Loqui·
2162 1197 2166 1204 .

59 1218 276 1309 praecipuos·
293 1218 369 1286 eius
389 1214 621 1285 admiratores
639 1205 797 1279 Thomas
813 1203 1049 1283 Monelariub
1099 1225 1158 1283 tur
1174 1211 1269 1283 enim
1286 1238 1359 1285 non
1376 1215 1421 1284 de
1436 1215 1612 1286 simulatis
1627 1215 1841 1286 lectionibus
1857 1233 1917 1290 aut
1938 1218 2087 1288 cautile-

58 1319 125 1410 qui
145 1330 265 1412 postea
289 1316 475 1388 seditionis
505 1316 544 1383 in
569 1309 771 1402 Thuringia
793 1321 898 1381 aulos
919 1321 953 1379 el
975 1306 1048 1375 dux
1098 1314 1174 1402 iiis,
1212 1314 1333 1408 quales
1357 1341 1454 1387 nunc
1478 1331 1607 1388 sonant
1636 1319 1850 1389 conducticii
1880 1313 2087 1414 hypocritae

56 1423 145 1507 fuit,
168 1444 238 1514 qua
257 1420 432 1489 seditione
450 1438 616 1509 oppressa
634 1413 857 1484 Monetarius
872 1406 1047 1501 supplicio
1098 1416 1136 1486 in
1153 1416 1312 1508 templis,
1337 1421 1396 1489 sed
1420 1420 1569 1490 deseris
1587 1420 1789 1510 precatione
1810 1421 1962 1513 piorum.
2015 1419 2087 1492 Sed

59 1522 208 1594 affectus
222 1533 292 1605 est,
321 1523 359 1589 in
375 1545 447 1616 quo
463 1520 567 1588 valde
583 1518 694 1587 fracto
710 1516 829 1586 animo
842 1513 949 1584 fuisse
965 1531 1046 1580 euin
1097 1541 1197 1588 mens
1214 1542 1290 1590 mea
1307 1519 1385 1590 eine
1400 1522 1519 1592 fructu
1538 1535 1610 1601 est,
1636 1521 1672 1590 id
1692 1535 1762 1604 est,
1789 1545 1908 1608 mens,
1930 1544 2022 1617 quae
2045 1523 2085 1593 in

60 1638 224 1698 narrant.
274 1621 348 1693 Nec
370 1623 485 1691 multo
502 1632 581 1710 post
603 1619 679 1687 eins
693 1615 864 1707 Magister
880 1611 1047 1685 Nicolaus
1097 1615 1164 1691 hac
1196 1621 1257 1712 pia
1284 1623 1516 1693 meditatione
1539 1622 1708 1712 cogitavit
1734 1624 1846 1695 bonas
1876 1623 2086 1710 sententias,

58 1725 171 1798 Stork
191 1725 363 1817 fugitivus
386 1724 424 1794 in
450 1714 685 1792 Xenodochio
708 1713 960 1800 Monachensi,
1006 1713 1046 1781 in
1096 1745 1246 1815 quarum
1265 1724 1420 1815 cognitio
1438 1724 1620 1816 prodesset
1635 1723 1733 1810 aliia,
1757 1750 1831 1796 noo
1848 1725 2007 1818 impertit
2027 1749 2086 1796 eas

59 1824 214 1898 Bavaria
238 1841 402 1897 mortuiis
425 1837 487 1895 est.
540 1821 593 1893 lta
618 1832 765 1890 eventus
790 1817 957 1889 refutavit
979 1810 1046 1884 ho·
1096 1823 1223 1898 coetui,

59 1953 142 2001 rum
167 1931 316 2001 furores.
368 1926 437 1999 Sed
473 1926 587 1995 multo
621 1937 703 1992 ante
732 1917 913 1993 Lutlierus
944 1918 1044 1987 illam
1198 1922 1322 2018 lnquit
1343 1923 1454 2014 igitur
1479 1948 1516 1996 se
1545 1936 1581 1997 et
1601 1926 1731 2017 spiritu
1755 1927 1995 2022 precationem
2019 1951 2083 2000 seii

53 2031 174 2123 'ipsam
197 2031 386 2101 factionem
409 2051 525 2098 coram
552 2039 587 2098 et
610 2025 763 2117 publicis
787 2021 927 2114 scriptis
943 2022 1046 2090 dam·
1096 2025 1278 2099 Psalmum
1301 2028 1529 2098 recitaturum
1553 2051 1646 2115 esse,
1673 2043 1706 2099 et
1730 2045 1869 2112 mente,
1896 2031 1934 2100 id
1953 2044 2024 2117 est,
2046 2052 2084 2100 se

58 2145 219 2206 noverat.
271 2130 377 2201 Tales
402 2129 606 2222 praestigiae
637 2126 773 2197 diaboli
795 2148 870 2196 non
894 2119 1046 2194 iudicari
1095 2130 1127 2201 si
1150 2130 1199 2200 ita
1222 2129 1269 2199 sit
1291 2127 1449 2212 occasio,
1474 2130 1584 2199 variis
1606 2131 1738 2221 linguis
1760 2133 1999 2224 precationem
2021 2154 2085 2202 seii

58 2247 212 2327 possum
224 2232 301 2304 sine
323 2232 493 2322 singulari
518 2233 613 2300 dono
630 2226 708 2299 Dei.
760 2225 882 2316 Quare
906 2238 940 2297 et
961 2223 1046 2296 talia
1100 2221 1274 2328 hymnum
1295 2231 1574 2319 compositurum
1599 2255 1692 2314 esse,
1724 2236 1784 2305 sed
1801 2247 1921 2306 tamen
1937 2234 2085 2305 additu·

58 2337 195 2408 iudicia
211 2336 357 2407 nomine
377 2333 603 2405 revelationis
618 2328 676 2403 bic
692 2330 972 2422 complectimur.
1096 2356 1177 2404 rum
1196 2331 1458 2403 enarrationem
1473 2333 1600 2404 utilem
1621 2335 1762 2429 reliquo
1784 2336 1911 2408 coetui.

1199 2447 1359 2522 Illustrat
1388 2464 1656 2541 argumentum,
1695 2456 1792 2546 quod
1825 2454 1999 2543 instituit,
2038 2455 2085 2525 ab

203 2579 327 2679 Ὅμως
348 2578 396 2656 Τὰ
415 2579 544 2682 ἄψυχα
567 2575 701 2679 φωνὴν
723 2572 892 2653 διδόντα.
1098 2552 1232 2623 inutili.
1284 2554 1325 2624 Si
1351 2555 1530 2644 publicam
1561 2555 1803 2647 precationem
1833 2557 1930 2629 dicas
1960 2557 2084 2644 lingua

1097 2655 1302 2747 peregriua,
1349 2658 1531 2748 quomodo
1561 2670 1710 2749 possunt
1730 2657 1912 2731 auditores
1945 2657 1984 2728 in
2013 2657 2085 2727 line

1099 2756 1263 2828 usitatam
1298 2757 1493 2827 clausulam
1529 2761 1680 2838 addere,
1717 2785 1787 2854 qua
1824 2760 2007 2852 signifians
2047 2782 2085 2829 se

1098 2860 1221 2928 eadem
1246 2871 1362 2950 petere
1369 2909 1382 2944 ,
1417 2871 1452 2928 et
1478 2863 1667 2931 coniuncta
1690 2884 1765 2931 esse
1789 2876 1872 2934 vota
1894 2864 2082 2934 universae

1097 2957 1292 3046 Ecclesiae,
1331 2961 1513 3046 videlicet,
1554 2986 1635 3030 cuni
1669 2961 1801 3033 dicitur
1823 2964 1955 3036 usitato
1984 2986 2085 3034 more

1098 3058 1235 3148 Amen,
1276 3084 1345 3155 qna
1368 3085 1454 3130 voce
1481 3073 1517 3132 et
1543 3060 1664 3157 Moysi
1688 3078 1846 3157 tempore
1876 3059 1945 3136 hoc
1975 3067 2084 3135 modo

1097 3186 1197 3233 usam
1222 3182 1296 3233 esse
1324 3158 1539 3250 Ecclesiam,
1582 3188 1663 3234 cum
1685 3167 1840 3259 populus
1863 3169 2083 3261 respondens

837 3341 845 3358 ,
966 3339 975 3357 ,
1099 3265 1294 3337 testabatur
1311 3287 1349 3334 se
1371 3265 1492 3334 eadem
1508 3279 1645 3358 petere,
1674 3284 1820 3361 apparet
1838 3293 1880 3340 er
1894 3269 2008 3362 capite
2022 3265 2084 3341 27.

78 3394 81 3398 '
166 3345 248 3420 ΝΜ
271 3361 354 3419 ⁸⁰³¹
376 3347 545 3416 ⁰b⁸⁶¹¹r³⁰
568 3340 636 3414 ¹¹³⁶
657 3342 929 3427 ³¹m¹¹¹¹¹¹d¹¹¹⁸⁸t
964 3341 1045 3410 “¹²⁰
1097 3364 1285 3452 Deutero.,
1313 3366 1376 3436 ubi
1391 3389 1494 3458 saepe
1510 3368 1657 3461 repetita
1673 3384 1758 3442 sunt
1779 3364 1867 3443 haec
1884 3371 2011 3441 verba:
2038 3366 2085 3441 Et

59 3474 139 3525 non
161 3451 254 3521 addo
278 3447 564 3521 declarationem.
617 3445 686 3518 Sed
715 3447 825 3514 lector
850 3445 1043 3512 admoneo·
1097 3469 1191 3538 dic„
1212 3467 1330 3539 omnis
1350 3469 1522 3561 populus,
1546 3472 1677 3543 Amen·
1731 3470 1773 3544 ld
1799 3469 1958 3544 Graec„⁸
1978 3471 2086 3544 veni,

60 3558 134 3627 diis
147 3566 219 3639 est,
242 3565 283 3623 ut
305 3548 397 3621 banc
420 3549 629 3619 sententiam
655 3571 757 3644 saepe
779 3546 962 3663 repetitam
987 3543 1045 3612 in·
1094 3564 1158 3641 ,ap
1184 3566 1311 3666 ἐροῦσι
1335 3564 1449 3652 ,1595
1475 3566 1586 3652 tudg:
1615 3564 1795 3672 styma·
1832 3564 2085 3647 Gramma&

59 3654 308 3748 figatpecturi:
335 3650 564 3742 Magnifacite
579 3652 691 3734 dona,
715 3662 755 3718 ut
771 3650 814 3716 ad
831 3647 1045 3716 aedificatio·
1095 3672 1191 3740 enim
1217 3684 1288 3756 ρει,
1314 3668 1468 3757 Verum,
1499 3671 1626 3761 idest,
1659 3688 1777 3747 ratum
1799 3690 1834 3749 ct
1857 3677 2000 3747 firmum
2022 3673 2083 3759 sit,

24 3800 28 3807 ·
60 3782 148 3830 nem
169 3752 348 3826 Ecclesiae
366 3751 442 3824 sitis
464 3750 711 3842 locupletiores
736 3763 770 3818 et
790 3748 1047 3867 instructiores.
1095 3773 1236 3845 emp„
1250 3774 1344 3867 quod
1360 3773 1600 3865 parumne,
1613 3776 1852 3848 „immam
1863 3772 1948 3846 hm
1961 3788 2084 3846 nom

60 3859 172 3932 limi
199 3851 333 3953 Omni*
357 3857 401 3925 id
428 3853 708 3925 '‘dificaiiffll‘m
736 3847 915 3921 Ecdeme
948 3849 1046 3922 5³⁰¹·
1096 3888 1177 3946 vota
1196 3874 1303 3944 inane
1323 3897 1488 3945 murmur
1504 3898 1596 3959 esse,
1622 3890 1663 3947 ut
1680 3873 1828 3949 Ethnici
1843 3878 2083 3949 vociferantur

60 3960 143 4034 1¹⁰⁰
159 3970 380 4077 lllf‘oellfum
397 3956 605 4076 injifoend‘f
622 3976 824 4073 iiim-¹¹¹⁰&
839 3975 912 4021 ⁰⁰¹¹
927 3966 1047 4021 ⁰⁵¹²¹¹²
1095 3978 1239 4070 quidem
1264 3977 1307 4046 ad
1333 3975 1467 4057 Deum,
1514 3978 1575 4047 sed
1598 3980 1763 4050 dubitant
1787 3979 1873 4073 quid
1900 3979 2084 4049 invocent:

62 4078 182 4136 temus
196 4082 336 4148 ingenia
353 4059 547 4128 subtilitate
567 4059 850 4148 disputationum
872 4056 915 4124 de
942 4055 1046 4124 rebiis
1096 4080 1180 4148 ptem
1195 4102 1240 4148 ,n
1255 4079 1330 4150 „113
1347 4078 1498 4148 numina
1512 4080 1702 4170 respiciant
1717 4076 1898 4166 homines,
1923 4104 1969 4150 an
1987 4081 2085 4173 5930,

63 4188 140 4236 1¹⁰¹¹
163 4160 379 4231 ¹¹⁰ffl82lii8·
427 4158 510 4228 ΝΜ
527 4174 704 4249 captemus
722 4159 864 4274 1³¹³J¹⁸¹¹³
880 4168 914 4226 ‘i
930 4156 1046 4226 ⁵¹¹¹d3³
1096 4205 1174 4251 ruin
1201 4180 1352 4270 gemitus
1374 4193 1407 4250 et
1431 4180 1593 4251 lacrimas
1617 4183 1766 4252 audiant
1790 4197 1823 4254 et
1847 4197 1999 4271 curent„
2040 4178 2084 4251 ln

63 4266 267 4360 principum
289 4274 350 4333 ³1¹²
371 4261 631 4341 “lssiiiifldinsss
657 4259 1045 4346 1)Ιθ“(ῙῑθῐῙῐῙ33ῑῑῑΡθῑ·
1096 4278 1152 4351 bis
1169 4281 1453 4352 dubitationibus
1469 4307 1590 4353 eorum
1610 4282 1779 4354 clamores
1795 4285 1887 4354 irriti
1905 4283 2082 4374 dissipan-

64 4367 177 4438 Μὴ
199 4389 321 4434 ⁰⁰ffl¹¹¹
346 4362 508 4443 iudicii&
552 4374 612 4452 aut
638 4362 756 4451 l‘lavis
783 4359 1049 4450 cupiditatibus,
1096 4398 1155 4454 tur
1169 4384 1207 4453 iii
1230 4406 1349 4466 auras,
1376 4397 1408 4452 et
1427 4408 1571 4475 prorsus
1589 4399 1690 4464 sunt,
1717 4401 1757 4456 iit
1775 4386 1906 4457 Seneca
1922 4383 2057 4480 inquit:

61 4471 124 4542 secl
141 4480 309 4557 regantur
323 4478 457 4534 mentes
473 4479 506 4532 et
523 4464 636 4534 oratio
658 4459 723 4531 hac
747 4462 883 4550 regula:
911 4455 1045 4530 Omnia
1264 4479 1417 4542 Rumores
1439 4481 1546 4558 iacui,
1566 4485 1718 4563 verboque
1739 4482 1854 4561 inania,

62 4574 150 4642 liant
167 4571 210 4639 ad
229 4567 528 4649 aedificationem,
543 4566 579 4633 id
599 4577 667 4650 est,
694 4564 870 4653 eligantur
884 4563 1047 4632 materiae
1267 4565 1308 4627 Et
1329 4585 1386 4646 par
1407 4565 1524 4628 solicito
1546 4565 1651 4630 fabula
1672 4569 1799 4631 somnio.

63 4672 299 4754 necessariae,
325 4680 417 4737 recte
434 4680 645 4736 enarrentur
664 4666 804 4735 articuli
827 4665 929 4745 fidei,
955 4676 1048 4733 recte
1199 4650 1293 4724 Huic
1318 4651 1477 4724 ethnicae
1498 4657 1661 4744 opinioni
1678 4659 1839 4749 opposita
1859 4667 1912 4726 est
1942 4657 2080 4727 confes-

60 4786 286 4869 proponatur
308 4772 484 4856 integnim
502 4768 683 4837 doctrinae
700 4790 838 4858 corpus.
889 4764 937 4836 Et
952 4778 1049 4856 post.
1098 4756 1151 4826 sio
1170 4751 1363 4839 Ecclesiae,
1399 4780 1479 4826 cum
1503 4758 1552 4827 ait
1573 4757 1703 4832 Amen.
1755 4757 1848 4847 Quia
1872 4771 1924 4828 est
1944 4782 2081 4827 asseve-

61 4899 172 4970 quam
194 4873 355 4944 doctrina
378 4871 522 4940 recitata
547 4885 616 4952 est,
646 4891 784 4958 semper
807 4870 850 4938 ad
876 4862 942 4936 lios
963 4868 1049 4935 fines
1098 4859 1201 4936 ratio,
1229 4857 1329 4949 quasi
1344 4859 1455 4928 dicat:
1484 4859 1576 4928 Vera
1590 4874 1623 4929 et
1641 4875 1715 4930 rata
1732 4862 1803 4933 sint
1819 4855 1905 4929 haec
1921 4872 2022 4941 vota,
2048 4871 2082 4927 et

62 4981 239 5050 referatur
261 4974 403 5058 concio,
429 4968 468 5042 iit
485 4972 521 5040 iu
544 4971 769 5041 auditoribus
792 4969 989 5039 excitentur
1002 4968 1049 5051 ti·
1099 4982 1173 5029 esse
1196 4973 1270 5028 rata
1293 4961 1480 5031 credimus.
1541 4960 1681 5031 Scimus
1703 4986 1783 5032 euin
1808 4961 1899 5029 velle
1924 4955 1990 5026 hac
2013 4960 2083 5028 lide

60 5103 146 5150 mor
160 5075 244 5161 Dei,
270 5100 310 5144 ac
336 5075 465 5143 deinde
487 5075 591 5156 fides,
625 5072 763 5160 erigens
787 5071 1049 5161 perterrefacias
1078 5063 1168 5159 ⁸coli
1193 5074 1227 5130 et
1252 5060 1432 5142 invocari,
1458 5086 1527 5154 qua
1551 5064 1726 5133 credimus
1745 5075 1891 5153 propter
1909 5061 2082 5130 mediato-

60 5195 203 5252 mentes
227 5190 261 5249 et
284 5180 479 5245 accendens
500 5174 759 5244 invocationem
795 5186 838 5241 et
855 5172 1047 5260 gratiarum
1100 5187 1172 5235 rem
1196 5184 1276 5229 vere
1301 5175 1440 5232 nostros
1457 5165 1607 5251 gemitus
1625 5165 1772 5252 respici,
1798 5180 1830 5231 et
1847 5174 1983 5230 nostras
2001 5186 2082 5252 pre-

61 5284 251 5356 actionem.
305 5276 379 5348 Has
412 5289 522 5346 metas
555 5277 594 5344 in
629 5273 876 5346 concionando
913 5296 1050 5364 semper
1099 5288 1154 5335 ces
1176 5263 1352 5347 exaudiri,
1383 5279 1417 5333 et
1440 5279 1534 5335 certo
1562 5266 1753 5357 impetrare
1775 5265 1830 5335 vel
1855 5263 2083 5334 liberationes

41 5387 275 5458 intueamur.
304 5376 308 5385 ’
474 5364 475 5367 “
1101 5366 1156 5440 rel
1183 5365 1430 5454 mitigationes.

163 2806 292 2880 Multis
318 2803 614 2876 similitudinibus
648 2802 822 2881 ostendit,
866 2822 939 2870 non
964 2822 1048 2888 pro·

60 2913 162 2985 desse
185 2913 224 2980 in
251 2924 353 2980 coetu
386 2906 581 3000 peregrinis
604 2906 735 2993 linguis
758 2904 906 2971 recitare
927 2924 1048 2991 preces

59 3027 125 3087 aut
147 3012 314 3083 lectiones
338 3010 414 3081 sine
438 3008 674 3079 enarratione.
724 3003 773 3077 Ut
792 2999 884 3072 nihil
902 3005 1046 3096 prodest

60 3116 148 3195 tuba
164 3114 268 3185 edere
284 3135 390 3184 sonos
414 3135 488 3180 non
505 3109 703 3181 intellectos
721 3107 908 3180 militibus.
