4522 5782
118 190 191 273 cst
505 128 590 273 arr.
639 190 946 299 mantano
982 194 1034 271 nv
1065 190 1502 307 avanotoauus,
1538 156 1646 276 cae,
1674 198 1776 277 vul.
2086 210 2164 313 ,sos

118 390 217 444 scens
242 390 287 441 ac
310 358 583 463 apprehendens
607 362 745 454 Deum,
774 381 870 441 recte
893 368 1054 442 iudicans
1073 372 1119 442 de
1170 362 1335 443 Christus
1349 384 1455 465 negat
1475 394 1513 445 se
1533 376 1689 464 venisse,
1723 391 1763 449 ut
1785 381 1979 457 constituat
2000 378 2162 478 politiam

119 473 308 545 voluntate
329 467 410 544 Dei.
468 468 609 541 Deinde
636 469 814 562 promittit
835 496 953 542 veram
971 474 1117 545 liberta-
1167 486 1230 545 arat
1261 496 1411 565 regnum
1447 479 1650 569 corporale:
1691 480 1741 551 ait
1768 502 1805 551 se
1830 507 1904 554 non
1930 510 2005 558 esse
2026 513 2066 559 er
2091 487 2159 563 hoc

116 590 210 663 tem,
250 595 343 667 quae
373 585 427 644 est
448 570 638 643 liberaris
659 586 802 665 peccato
823 587 857 643 et
879 590 1034 648 amorte
1057 600 1114 646 ae-
1165 578 1322 662 mundo,
1356 580 1416 647 sed
1441 579 1585 649 missum
1610 572 1706 665 esse,
1732 594 1771 653 ut
1792 584 1852 655 fiat
1872 588 2033 673 victima,
2059 594 2157 666 etita

116 692 238 763 terna,
263 696 349 745 vere
371 673 484 765 recipi
498 696 519 743 a
535 670 633 761 Deo,
657 686 693 745 et
714 675 842 745 donari
866 692 1034 769 perpetua
1058 679 1114 748 iu·
1164 678 1307 748 demum
1323 679 1437 750 salvos
1455 682 1552 765 lore,
1584 683 1614 752 si
1630 684 1776 756 credant
1801 686 1912 778 ipsius
1934 693 2037 778 voci,
2069 695 2154 788 qnia

113 780 215 851 eticia
232 788 269 847 et
285 776 369 859 vita,
394 775 485 845 sicut
501 774 703 869 paulopost
718 776 764 846 de
780 777 945 849 libertate
961 780 1110 853 dicetur.
1162 802 1247 850 vcro
1268 780 1386 851 nolint
1406 782 1588 868 assentiri,
1626 786 1785 857 iutucum
1815 802 1856 858 ut
1878 806 2057 865 evertatur
2076 808 2151 867 tota

109 876 210 953 tlrec
225 900 303 949 non
317 876 528 967 contingunt
546 871 623 959 his,
656 876 721 972 qui
745 891 884 949 lantum
905 880 1018 970 legem
1043 906 1111 951 no·
1162 880 1224 951 illa
1238 882 1373 974 politia.
1423 881 1905 978 Haecsuitprimaolicnsio.
1959 890 2081 966 Altera
2096 910 2150 970 est

110 996 221 1065 runt,
263 992 301 1053 et
327 978 510 1049 somniant
530 1000 569 1049 se
594 978 705 1051 iustos
730 1002 805 1049 esse
828 981 891 1051 illa
920 983 1111 1078 disciplina
1161 1006 1234 1051 non
1250 983 1363 1053 levior
1377 984 1416 1053 in
1430 988 1655 1078 quaestione,
1681 1014 1772 1083 qtrae
1788 986 1846 1061 hic
1861 995 2013 1083 agitatur
2028 999 2072 1066 de
2088 1020 2149 1067 re·

112 1082 277 1170 carnali,
299 1104 362 1151 eeu
377 1080 626 1151 observatione
641 1080 882 1152 Munitorum
901 1084 1050 1170 rituum,
1075 1101 1110 1158 et
1161 1083 1309 1174 ligione,
1333 1108 1394 1155 sen
1411 1088 1584 1174 cultibus,
1610 1084 1668 1161 hic
1684 1105 1864 1181 pugnant,
1895 1119 1941 1164 ne
1964 1098 2090 1187 religio
2113 1113 2149 1170 et

110 1208 151 1257 se
174 1196 328 1279 propter
348 1183 460 1273 legem
483 1181 831 1271 habiturosregnum
854 1198 889 1255 et
908 1186 1107 1259 libertatem
1159 1186 1276 1257 cultus
1300 1188 1575 1275 labefactentur,
1598 1194 1643 1261 de
1663 1194 1792 1286 quibus
1809 1198 1994 1289 praecipue
2015 1199 2148 1289 gloria·
2234 1220 2238 1225 ·

107 1287 356 1381 mrporelem,
397 1308 466 1377 qua
494 1284 675 1357 excutiant
693 1285 831 1356 alienos
851 1286 1038 1377 dominos,
1073 1300 1109 1361 el
1158 1288 1292 1358 bantur
1308 1290 1375 1357 silri
1393 1291 1566 1361 divinitus
1579 1295 1744 1365 traditam
1767 1318 1840 1365 esse
1865 1298 1976 1389 legem
2000 1314 2034 1371 et
2057 1301 2147 1374 ritus

106 1388 180 1485 ipsi
195 1390 368 1461 fruantur
382 1386 542 1479 imperiis
558 1387 697 1462 mundi.
1158 1386 1355 1472 Mosaicos,
1383 1386 1475 1464 banc
1490 1393 1697 1483 religionem
1716 1397 1800 1467 inde
1821 1422 1933 1491 usque
1955 1426 1973 1471 a
1990 1400 2094 1473 Mose
2110 1418 2147 1475 et

1159 1491 1318 1582 patribus
1352 1494 1391 1562 in
1425 1488 1493 1563 hoc
1521 1497 1656 1587 populo
1686 1497 1856 1589 singulari
1881 1502 1945 1571 Dei
1974 1503 2145 1575 beneficio

1158 1606 1400 1663 conservatam
1437 1618 1519 1670 esse.
1585 1595 1740 1669 Gravius
1785 1625 1867 1690 ergo
1902 1604 2145 1691 offenduntur,

213 1690 369 1767 Prorsus
390 1696 547 1766 alienum
573 1720 781 1788 responsum
806 1694 1003 1767 subiiciunt
1026 1718 1107 1785 gra-
1156 1696 1251 1787 quod
1263 1691 1425 1766 Christus
1439 1698 1504 1768 ait:
1530 1696 1612 1767 Non
1631 1715 1775 1791 propter
1792 1704 1901 1793 legem
1917 1719 1949 1774 et
1968 1705 2049 1775 illos
2066 1708 2144 1775 cul-

105 1794 282 1868 vissimae
303 1798 495 1869 sententiae
517 1792 673 1885 Christi,
718 1800 816 1892 quod
840 1810 987 1871 testatur
1014 1796 1106 1883 illos,
1157 1809 1213 1864 tus
1235 1796 1378 1865 liberari
1405 1793 1566 1868 homines
1588 1824 1607 1869 a
1632 1816 1791 1892 peccato,
1830 1818 1864 1874 et
1892 1806 2029 1895 placere
2054 1802 2143 1894 Deo,

105 1922 269 1993 quorum
286 1900 432 1994 quidam
450 1912 636 1991 coeperant
651 1902 810 1984 credere,
833 1912 874 1971 ut
889 1899 1105 1969 assentiren·
1155 1898 1215 1965 sed
1232 1898 1626 1972 affirmatcosessesub
1650 1918 1790 1995 peccato
1808 1917 1841 1975 et
1865 1906 1917 1975 ira
1941 1903 2021 1981 Dei.
2071 1906 2142 1979 Hic

104 2012 173 2073 tur
196 1994 297 2071 hunc
317 2024 393 2071 esse
414 1998 602 2086 Messinm,
634 2014 754 2073 tamen
777 1996 895 2072 adhuc
911 2015 1032 2072 tencre
1047 2000 1104 2069 in·
1155 2019 1238 2088 ergo
1251 2002 1367 2071 oritur
1383 2001 1528 2089 longum
1545 2016 1579 2074 et
1595 2018 1693 2073 atrox
1710 2020 1898 2077 certamen.
1932 2006 2002 2078 Sed
2022 2009 2140 2098 prius·

104 2100 220 2171 lixam
244 2102 375 2173 animis
396 2103 685 2194 imaginationem
708 2104 752 2175 de
777 2126 888 2191 regno
913 2103 1102 2195 corporali,
1153 2124 1260 2193 quam
1286 2099 1353 2171 boc
1375 2103 1579 2189 dirimitur,
1618 2107 1751 2177 accedit
1781 2108 1883 2178 tertia
1912 2109 2140 2196 conllictatio,

106 2198 234 2273 adhuc
243 2206 444 2289 somniant,
468 2205 643 2298 siquidem
669 2200 727 2274 hic
749 2204 795 2275 sit
811 2203 980 2289 Messias,
1005 2204 1103 2275 iutu-
1155 2225 1244 2293 quae
1269 2216 1322 2273 cst
1344 2206 1504 2275 omnium
1525 2206 1714 2275 durissima
1740 2209 1785 2277 de
1808 2232 1958 2299 persona
1974 2208 2140 2297 Messias,

107 2326 193 2375 rum
211 2326 288 2376 esse
301 2318 480 2398 potentem
497 2330 633 2397 regem,
657 2307 843 2377 llorentem
866 2306 1012 2394 opibus,
1037 2306 1101 2376 sti·
1153 2325 1232 2372 cum
1250 2328 1286 2374 se
1304 2306 1388 2376 dicit
1406 2328 1479 2376 csse
1495 2307 1632 2378 Filium
1649 2305 1734 2393 Dei,
1758 2310 1820 2402 qui
1844 2310 1997 2382 extiterit
2019 2313 2066 2381 ab
2078 2336 2139 2381 ae-

108 2419 237 2499 patum
251 2407 454 2503 agminibus
469 2431 654 2499 procerum
670 2422 705 2479 et
722 2407 983 2486 multitudinis,
1009 2420 1043 2479 et
1062 2410 1100 2476 in
1152 2416 1272 2491 terno,
1299 2400 1390 2477 hanc
1404 2408 1564 2479 iudicant
1580 2432 1654 2479 esse
1673 2406 1949 2501 blasphemiam,
1978 2435 2054 2484 non
2079 2436 2139 2484 ar-

110 2502 383 2603 hissequoque
406 2511 527 2580 beatos
549 2510 637 2581 iore.
688 2506 766 2580 Hac
787 2531 848 2600 spe
861 2508 1023 2593 adducti,
1048 2511 1100 2579 ia·
1151 2508 1345 2597 gumentis,
1371 2511 1430 2578 sed
1447 2510 1815 2586 saxisrevincendam.

110 2610 220 2681 cilius
233 2612 527 2681 assentiebantur.
578 2608 683 2681 Nunc
706 2635 786 2681 cum
809 2610 936 2703 incipit
956 2611 1100 2681 concio·
1251 2606 1412 2680 Recitavi
1429 2612 1583 2681 breviter
1597 2636 1768 2682 summam
1783 2614 1963 2699 locorum,
1990 2614 2137 2709 quaein

110 2710 192 2781 nari
208 2712 254 2781 de
271 2712 453 2801 agnitione
467 2711 625 2784 veritatis
641 2724 676 2783 et
694 2713 782 2796 bde,
815 2726 848 2783 et
872 2712 938 2783 ait:
969 2708 1021 2784 lta
1037 2714 1100 2783 de-
1151 2704 1218 2780 hac
1232 2723 1304 2781 tota
1328 2712 1499 2781 concione
1521 2736 1633 2806 usque
1655 2716 1699 2784 ad
1724 2714 1829 2783 finem
1852 2716 1976 2807 capitis
1998 2716 2138 2805 agitan-

107 2836 212 2883 mum
225 2812 346 2885 felices
359 2814 456 2897 iore,
482 2827 517 2885 et
530 2810 716 2884 habituros
741 2814 960 2900 libertatem,
985 2814 1014 2884 si
1031 2814 1100 2883 lide
1151 2825 1226 2892 tur,
1255 2836 1350 2881 nunc
1370 2815 1477 2883 redeo
1499 2818 1544 2883 ad
1570 2830 1720 2900 textum,
1753 2840 1832 2886 cum
1853 2811 2017 2888 Christus
2038 2816 2138 2888 iubet

109 2928 257 2988 teneant
274 2914 351 2987 eius
366 2917 528 3001 verbum,
553 2928 588 2987 et
603 2915 643 2984 in
656 2939 696 2985 ea
712 2929 946 3008 perseverent,
971 2914 1099 2985 offensi
1150 2936 1209 2982 eos
1233 2936 1455 3005 perseverare
1477 2916 1514 2984 in
1536 2914 1625 3002 lide,
1666 2918 1770 2988 etita
1793 2918 1971 3008 promittit
1992 2919 2139 2989 liberta-

109 3015 299 3104 reeiliunt,
323 3029 358 3089 et
372 3032 495 3090 contra
509 3016 711 3109 disputant,
742 3029 870 3107 negant
886 3040 923 3087 se
937 3040 1011 3088 csse
1026 3040 1099 3088 ser·
1149 3029 1240 3099 tem,
1269 3015 1298 3083 si
1315 3018 1461 3085 credant
1490 3017 1600 3107 ipsius
1624 3020 1745 3093 verbo.
1802 3020 1924 3089 ludaei
1947 3031 2137 3111 opponunt

110 3140 195 3199 ros,
222 3118 387 3191 subditos
405 3118 541 3191 alienae
564 3118 747 3209 potestati,
779 3120 874 3210 quod
897 3120 940 3187 ad
962 3118 1099 3211 proies-
1149 3116 1414 3206 responsionem
1439 3119 1483 3186 de
1501 3119 1592 3208 lege,
1618 3133 1651 3190 et
1667 3120 1828 3189 doctrina
1848 3121 2049 3209 religionis,
2075 3142 2136 3189 ac-

108 3218 271 3301 aiom,
288 3242 352 3289 seu
370 3221 568 3292 doctrinam
581 3220 766 3308 religionis
781 3220 926 3300 attinet,
946 3222 1006 3289 sed
1025 3244 1098 3289 esse
1149 3232 1246 3307 cepta
1266 3242 1284 3286 a
1301 3220 1481 3309 patribus,
1507 3234 1540 3289 et
1558 3216 1627 3291 hrsc
1649 3244 1760 3315 usque
1783 3234 1986 3291 conservata
2007 3222 2044 3290 in
2071 3243 2137 3311 po-

109 3342 231 3391 semen
245 3317 433 3407 Abrahae,
456 3346 594 3414 semper
606 3345 719 3417 usque
735 3322 780 3390 ab
797 3322 898 3394 initio
912 3322 1021 3391 fuisse
1035 3346 1099 3411 po·
1150 3321 1235 3407 pulo
1261 3317 1338 3391 Dei.
1390 3318 1697 3410 Argumentantuc
1721 3345 1757 3391 se
1780 3346 1853 3393 esse
1873 3344 1993 3391 semen
2017 3322 2136 3391 Abra·

107 3420 239 3515 pnlnm
262 3418 346 3505 Dei,
385 3448 570 3519 nunqnam
591 3421 699 3495 inisse
719 3423 908 3509 idolatras,
940 3423 1099 3514 gentium
1150 3417 1216 3490 hae
1237 3436 1272 3493 et
1293 3434 1454 3513 patrum,
1486 3424 1617 3517 quibus
1638 3426 1738 3496 datae
1761 3438 1862 3495 erant
1884 3425 2135 3514 promissiones

111 3544 233 3609 omre,
265 3526 326 3595 sed
349 3526 506 3597 tenuisse
526 3528 724 3597 doctrinam
750 3526 950 3613 religionis,
977 3525 1100 3615 legem,
1151 3526 1195 3593 de
1230 3523 1433 3615 posteritate
1468 3537 1505 3595 et
1538 3526 1698 3618 populo,
1759 3526 1798 3594 in
1833 3548 1906 3620 quo
1933 3538 2137 3597 nasceretur

110 3624 420 3697 circumcisionem
447 3640 482 3699 et
503 3628 592 3698 alios
616 3628 706 3699 citus
736 3628 886 3697 traditos
908 3627 1051 3720 quidem
1079 3650 1099 3697 a
1151 3622 1311 3695 Messias.

111 3724 235 3817 Mose,
278 3730 338 3799 sed
371 3742 532 3823 acceptos
553 3752 617 3823 per
640 3752 767 3799 manus
790 3753 810 3799 a
830 3729 994 3820 patribus
1016 3728 1101 3798 inde
1253 3724 1327 3795 Has
1358 3727 1609 3818 promissiones
1641 3751 1779 3821 semper
1814 3742 1906 3801 ratas
1935 3729 2060 3813 luisse,
2100 3738 2135 3797 et

109 3850 226 3921 usqne
251 3830 297 3899 ad
321 3826 518 3904 Abraham.
583 3828 636 3901 lta
669 3825 727 3901 bic
756 3854 891 3899 novum
922 3844 1099 3900 certamen
1150 3840 1313 3919 oportere
1334 3842 1368 3898 et
1392 3823 1484 3898 hanc
1503 3830 1664 3920 politiam
1689 3831 1912 3914 conservari,
1944 3844 1978 3899 et
2003 3828 2136 3898 doctri-

109 3930 229 4001 oritur
259 3927 422 4020 Christo,
463 3932 673 4028 etquidem
703 3932 818 4003 multo
848 3932 974 4003 durius
995 3954 1101 4025 supc-
1149 3954 1232 3998 nam
1254 3930 1453 4017 religionis,
1491 3954 1532 4001 ac
1555 3931 1671 4002 cultus
1699 3933 1846 4003 traditos
1868 3930 2025 4015 aMose,
2051 3952 2136 4020 pro-

112 4030 222 4107 riore.
1150 4046 1230 4121 pter
1242 4045 1430 4101 venturum
1446 4030 1634 4116 Messinm,
1667 4034 1728 4127 qtti
1753 4035 1893 4103 facturus
1908 4032 1953 4102 sit
1968 4030 2135 4100 dominus

218 4128 273 4203 Ac
302 4145 342 4205 ut
370 4134 501 4207 rectius
530 4135 684 4227 intelligi
703 4134 840 4228 possint
862 4134 970 4204 totius
994 4128 1101 4205 huius
1151 4129 1259 4203 huius
1286 4133 1427 4231 populi,
1467 4147 1501 4204 et
1526 4134 1697 4205 allaturus
1731 4156 1877 4223 regnum
1916 4143 2137 4224 perpetuum.

112 4234 239 4328 cepitis
261 4235 523 4320 altercationes,
561 4239 675 4330 capita
701 4236 1019 4309 controversiarum
1044 4236 1101 4304 in·
1151 4235 1253 4305 Hanc
1270 4235 1466 4304 libertatem
1484 4231 1750 4324 hactenusipsis
1765 4234 1934 4303 mansisse
1951 4235 2137 4321 integram,

112 4349 290 4411 tueamur.
341 4334 522 4410 Detribus
534 4342 640 4411 rebus
654 4340 841 4432 praecipue
858 4351 1034 4408 certamen
1050 4352 1101 4408 est
1152 4337 1234 4431 quia
1257 4359 1439 4428 nunquam
1463 4338 1500 4405 vi
1524 4351 1585 4409 sut
1612 4338 1760 4426 imperio
1788 4336 1905 4405 alieno
1934 4335 2044 4406 coacti
2065 4334 2139 4403 sint

115 4438 153 4507 in
174 4433 233 4509 hie
255 4439 542 4532 quaestionibus,
576 4466 666 4536 quae
687 4442 865 4532 agitantur
890 4442 935 4508 de
956 4438 1116 4511 Masta·
1152 4440 1303 4509 abiicere
1318 4438 1546 4527 religionem,
1568 4450 1601 4506 et
1619 4460 1697 4505 suas
1717 4439 1829 4527 leges,
1862 4436 2073 4530 nequidem
2097 4434 2137 4503 in

114 4537 276 4611 Primum
290 4541 336 4609 de
350 4542 472 4631 politia
494 4544 715 4636 disputatur,
747 4544 901 4613 secundo
927 4542 972 4611 de
994 4542 1100 4613 culti·
1153 4542 1256 4611 exilio
1271 4538 1509 4632 Babylonico,
1534 4540 1606 4607 imo
1623 4539 1727 4609 ctiam
1745 4553 1841 4625 tum,
1869 4563 1948 4607 cum
1962 4538 2137 4620 cogeban-

116 4642 203 4730 bus,
228 4642 334 4712 tertio
351 4645 395 4712 de
408 4667 557 4735 persona
569 4643 734 4717 Messiae.
1152 4657 1211 4711 luc
1225 4642 1316 4710 serre
1331 4639 1534 4711 Romanum
1558 4640 1766 4731 imperium,
1799 4654 1916 4710 tamen
1937 4641 2137 4710 retinebant

217 4740 395 4835 Deprimo
411 4742 783 4817 locohactenusdixit:
809 4744 894 4816 Ideo
910 4744 1102 4814 oiieudun-
1153 4737 1402 4833 αὐτονομίαν,
1444 4744 1636 4812 turbantur
1658 4742 1883 4831 religionem,
1916 4756 1950 4811 et
1970 4740 2137 4810 vivebant

116 4858 177 4917 tur
199 4842 319 4915 ludaei
342 4848 504 4917 doctrina
524 4845 679 4932 Christi,
714 4848 797 4938 quia
824 4848 1040 4916 iudicantex
1061 4869 1101 4916 ea
1153 4846 1226 4916 suis
1248 4845 1402 4932 legibus,
1443 4857 1478 4914 et
1497 4839 1582 4913 haec
1605 4845 1677 4933 ipsa
1698 4845 1826 4913 fiducia
1855 4842 2030 4914 libertatis
2052 4861 2138 4908 con·

116 4946 218 5040 sequi
240 4948 509 5020 dissolutionem
532 4951 634 5020 istius
655 4950 798 5042 politiae
821 4948 993 5019 divinitus
1016 4971 1102 5017 con·
1152 4959 1251 5037 cepta
1266 4970 1307 5015 ex
1321 4946 1615 5037 promissionibus
1631 4948 1675 5014 de
1691 4944 1840 5029 Messio,
1870 4943 2048 5014 animabat
2066 4961 2139 5022 eos,

116 5050 281 5135 stitutac,
306 5074 412 5142 quam
428 5052 496 5142 ipsi
513 5052 758 5123 existimabant
778 5052 906 5121 debere
927 5073 1001 5119 esse
1019 5073 1103 5141 per-
1153 5064 1192 5120 ut
1214 5061 1402 5138 sperarent,
1419 5072 1456 5119 se
1478 5069 1683 5119 excussuros
1716 5042 1784 5117 hoc
1810 5047 1952 5119 frenum
1980 5040 2140 5120 Romani

115 5165 279 5241 petuam,
305 5166 341 5221 et
357 5151 522 5223 Messinm
538 5167 751 5238 venturum,
775 5167 817 5224 ut
831 5176 909 5223 eam
926 5152 1103 5222 instaura-
1152 5150 1304 5242 imperii.

116 5266 185 5335 ret,
219 5265 257 5325 et
276 5254 382 5344 longe
401 5256 642 5327 florentiorem
663 5257 846 5338 redderet,
880 5268 1017 5323 auctam
1035 5254 1104 5321 im·
1256 5250 1379 5341 Quare
1394 5251 1612 5321 confidenter
1635 5250 1828 5340 explodunt
1853 5240 1985 5316 Christi
2004 5264 2141 5326 vocem,

118 5355 215 5445 perio
245 5358 394 5445 mundi,
439 5373 473 5429 et
496 5358 633 5449 ingenti
655 5348 767 5448 glor'ia
791 5354 978 5448 corporali.
1031 5354 1103 5427 Sed
1154 5378 1234 5426 cum
1250 5354 1384 5447 inquit:
1414 5352 1552 5526 Vprgtps
1573 5352 1741 5425 liberabit
1754 5372 1835 5435 vos,
1859 5370 1934 5417 non
1958 5345 2143 5439 patiuntur

371 1552 501 1630 Samen
513 1552 695 1629 Abrahae
708 1580 850 1636 sumus.
