<?xml version="1.0" encoding="UTF-8"?>
<!DOCTYPE html PUBLIC "-//W3C//DTD XHTML 1.0 Transitional//EN"
    "http://www.w3.org/TR/xhtml1/DTD/xhtml1-transitional.dtd">
<html xmlns="http://www.w3.org/1999/xhtml" xml:lang="en" lang="en">
 <head>
  <title>
</title>
<meta http-equiv="Content-Type" content="text/html;charset=utf-8" />
  <meta name='ocr-system' content='tesseract 3.04.00' />
  <meta name='ocr-capabilities' content='ocr_page ocr_carea ocr_par ocr_line ocrx_word'/>
</head>
<body>
  <div class='ocr_page' id='page_1' title='image "./corpusreformato01melagoog/corpusreformato01melagoog_0684.png"; bbox 0 0 4530 5776; ppageno 0'>
   <div class='ocr_carea' id='block_1_1' title="bbox 95 200 2134 299">
    <p class='ocr_par' dir='ltr' id='par_1_1' title="bbox 95 200 2134 299">
     <span class='ocr_line' id='line_1_1' title="bbox 95 200 2134 299; baseline 0.002 -5"><span class='ocrx_word' id='word_1_1' title='bbox 95 212 200 295; x_wconf 78' lang='lat' dir='ltr'>ests</span> <span class='ocrx_word' id='word_1_2' title='bbox 300 214 404 291; x_wconf 82' lang='lat' dir='ltr'>xltt.</span> <span class='ocrx_word' id='word_1_3' title='bbox 455 216 491 290; x_wconf 88' lang='grc'>7.</span> <span class='ocrx_word' id='word_1_4' title='bbox 516 204 819 291; x_wconf 74' lang='lat' dir='ltr'>uuauuarto</span> <span class='ocrx_word' id='word_1_5' title='bbox 844 205 1001 289; x_wconf 76' lang='lat' dir='ltr'>netsr.</span> <span class='ocrx_word' id='word_1_6' title='bbox 1028 203 1236 287; x_wconf 79' lang='lat' dir='ltr'>emotus</span> <span class='ocrx_word' id='word_1_7' title='bbox 1261 202 1331 283; x_wconf 78' lang='lat' dir='ltr'>AD</span> <span class='ocrx_word' id='word_1_8' title='bbox 1357 200 1688 283; x_wconf 76' lang='lat' dir='ltr'>raetorttttttat.</span> <span class='ocrx_word' id='word_1_9' title='bbox 1743 208 1849 287; x_wconf 75' lang='lat' dir='ltr'>CAP.</span> <span class='ocrx_word' id='word_1_10' title='bbox 1875 210 1943 291; x_wconf 85' lang='lat' dir='ltr'>tlh</span> <span class='ocrx_word' id='word_1_11' title='bbox 2032 218 2134 299; x_wconf 71' lang='lat' dir='ltr'>dlii</span> 
     </span>
    </p>
   </div>
   <div class='ocr_carea' id='block_1_2' title="bbox 90 356 2132 5575">
    <p class='ocr_par' dir='ltr' id='par_1_2' title="bbox 90 356 2132 5575">
     <span class='ocr_line' id='line_1_2' title="bbox 92 356 2132 499; baseline 0 -39"><span class='ocrx_word' id='word_1_12' title='bbox 92 389 191 463; x_wconf 90' lang='lat' dir='ltr'>litica</span> <span class='ocrx_word' id='word_1_13' title='bbox 206 404 242 465; x_wconf 88' lang='lat' dir='ltr'>et</span> <span class='ocrx_word' id='word_1_14' title='bbox 255 390 333 463; x_wconf 91' lang='lat' dir='ltr'>siue</span> <span class='ocrx_word' id='word_1_15' title='bbox 345 387 533 483; x_wconf 89' lang='lat' dir='ltr'>praesidiis</span> <span class='ocrx_word' id='word_1_16' title='bbox 548 385 816 480; x_wconf 69' lang='lat' dir='ltr'>corporalibus,</span> <span class='ocrx_word' id='word_1_17' title='bbox 848 376 1090 455; x_wconf 83' lang='lat' dir='ltr'>ut0seae1.:</span> <span class='ocrx_word' id='word_1_18' title='bbox 1113 394 1121 499; x_wconf 76' lang='grc' dir='ltr'>Ι</span> <span class='ocrx_word' id='word_1_19' title='bbox 1144 356 1241 477; x_wconf 66' lang='lat' dir='ltr'>qtiod</span> <span class='ocrx_word' id='word_1_20' title='bbox 1263 379 1419 473; x_wconf 71' lang='lat' dir='ltr'>potitum</span> <span class='ocrx_word' id='word_1_21' title='bbox 1442 393 1513 461; x_wconf 69' lang='lat' dir='ltr'>stt·</span> <span class='ocrx_word' id='word_1_22' title='bbox 1537 380 1635 473; x_wconf 75' lang='lat' dir='ltr'>quod</span> <span class='ocrx_word' id='word_1_23' title='bbox 1652 394 1703 455; x_wconf 74' lang='lat' dir='ltr'>tat</span> <span class='ocrx_word' id='word_1_24' title='bbox 1725 380 1820 457; x_wconf 72' lang='lat' dir='ltr'>lesus</span> <span class='ocrx_word' id='word_1_25' title='bbox 1835 380 2009 463; x_wconf 88' lang='lat' dir='ltr'>Christus.</span> <span class='ocrx_word' id='word_1_26' title='bbox 2060 386 2132 465; x_wconf 79' lang='lat' dir='ltr'>De-</span> 
     </span>
     <span class='ocr_line' id='line_1_3' title="bbox 90 476 2130 585; baseline 0.002 -22"><span class='ocrx_word' id='word_1_27' title='bbox 90 490 176 564; x_wconf 82' lang='lat' dir='ltr'>Non</span> <span class='ocrx_word' id='word_1_28' title='bbox 201 493 242 564; x_wconf 90' lang='lat' dir='ltr'>in</span> <span class='ocrx_word' id='word_1_29' title='bbox 266 516 351 565; x_wconf 90' lang='lat' dir='ltr'>erru</span> <span class='ocrx_word' id='word_1_30' title='bbox 375 507 411 566; x_wconf 89' lang='lat' dir='ltr'>et</span> <span class='ocrx_word' id='word_1_31' title='bbox 431 491 571 585; x_wconf 76' lang='lat' dir='ltr'>gladio,</span> <span class='ocrx_word' id='word_1_32' title='bbox 595 489 718 562; x_wconf 90' lang='lat' dir='ltr'>sedin</span> <span class='ocrx_word' id='word_1_33' title='bbox 741 486 901 560; x_wconf 88' lang='lat' dir='ltr'>Domino</span> <span class='ocrx_word' id='word_1_34' title='bbox 924 484 1002 558; x_wconf 90' lang='lat' dir='ltr'>Deo</span> <span class='ocrx_word' id='word_1_35' title='bbox 1026 509 1090 558; x_wconf 90' lang='lat' dir='ltr'>suo</span> <span class='ocrx_word' id='word_1_36' title='bbox 1145 484 1339 555; x_wconf 81' lang='lat' dir='ltr'>tendebant</span> <span class='ocrx_word' id='word_1_37' title='bbox 1353 481 1447 553; x_wconf 89' lang='lat' dir='ltr'>enim</span> <span class='ocrx_word' id='word_1_38' title='bbox 1466 476 1648 554; x_wconf 81' lang='lat' dir='ltr'>Pharisaei</span> <span class='ocrx_word' id='word_1_39' title='bbox 1668 498 1701 557; x_wconf 89' lang='lat' dir='ltr'>et</span> <span class='ocrx_word' id='word_1_40' title='bbox 1720 484 1914 563; x_wconf 83' lang='lat' dir='ltr'>Sadducaei</span> <span class='ocrx_word' id='word_1_41' title='bbox 1930 492 2059 567; x_wconf 82' lang='lat' dir='ltr'>meritos</span> <span class='ocrx_word' id='word_1_42' title='bbox 2073 518 2130 567; x_wconf 82' lang='lat' dir='ltr'>er-</span> 
     </span>
     <span class='ocr_line' id='line_1_4' title="bbox 92 582 1694 683; baseline -0.005 -18"><span class='ocrx_word' id='word_1_43' title='bbox 92 596 242 667; x_wconf 79' lang='lat' dir='ltr'>salvabo</span> <span class='ocrx_word' id='word_1_44' title='bbox 258 610 420 683; x_wconf 82' lang='lat' dir='ltr'>eos,ete.</span> <span class='ocrx_word' id='word_1_45' title='bbox 471 594 558 667; x_wconf 91' lang='lat' dir='ltr'>Item</span> <span class='ocrx_word' id='word_1_46' title='bbox 574 593 614 663; x_wconf 92' lang='lat' dir='ltr'>in</span> <span class='ocrx_word' id='word_1_47' title='bbox 627 588 800 663; x_wconf 87' lang='lat' dir='ltr'>Zacharia</span> <span class='ocrx_word' id='word_1_48' title='bbox 814 585 1093 680; x_wconf 59' lang='lat' dir='ltr'>capiteszon</span> <span class='ocrx_word' id='word_1_49' title='bbox 1146 608 1245 657; x_wconf 88' lang='lat' dir='ltr'>rores</span> <span class='ocrx_word' id='word_1_50' title='bbox 1264 596 1388 656; x_wconf 86' lang='lat' dir='ltr'>contre</span> <span class='ocrx_word' id='word_1_51' title='bbox 1409 582 1577 656; x_wconf 88' lang='lat' dir='ltr'>articulos</span> <span class='ocrx_word' id='word_1_52' title='bbox 1600 586 1694 657; x_wconf 81' lang='lat' dir='ltr'>fidei.</span> 
     </span>
     <span class='ocr_line' id='line_1_5' title="bbox 95 684 2128 793; baseline 0.004 -29"><span class='ocrx_word' id='word_1_53' title='bbox 95 696 137 767; x_wconf 90' lang='lat' dir='ltr'>in</span> <span class='ocrx_word' id='word_1_54' title='bbox 161 698 338 784; x_wconf 84' lang='lat' dir='ltr'>exercitu,</span> <span class='ocrx_word' id='word_1_55' title='bbox 372 723 448 770; x_wconf 90' lang='lat' dir='ltr'>non</span> <span class='ocrx_word' id='word_1_56' title='bbox 469 699 508 767; x_wconf 88' lang='lat' dir='ltr'>in</span> <span class='ocrx_word' id='word_1_57' title='bbox 532 697 685 786; x_wconf 83' lang='lat' dir='ltr'>robore,</span> <span class='ocrx_word' id='word_1_58' title='bbox 718 694 780 763; x_wconf 89' lang='lat' dir='ltr'>sed</span> <span class='ocrx_word' id='word_1_59' title='bbox 802 689 988 783; x_wconf 89' lang='lat' dir='ltr'>inspiritn</span> <span class='ocrx_word' id='word_1_60' title='bbox 1014 714 1092 759; x_wconf 88' lang='lat' dir='ltr'>meo</span> <span class='ocrx_word' id='word_1_61' title='bbox 1247 684 1348 757; x_wconf 79' lang='lat' dir='ltr'>&#39;l&#39;slis</span> <span class='ocrx_word' id='word_1_62' title='bbox 1371 686 1562 758; x_wconf 80' lang='lat' dir='ltr'>merltitudo</span> <span class='ocrx_word' id='word_1_63' title='bbox 1580 688 1716 759; x_wconf 90' lang='lat' dir='ltr'>etiamsi</span> <span class='ocrx_word' id='word_1_64' title='bbox 1728 690 1871 765; x_wconf 89' lang='lat' dir='ltr'>titulum</span> <span class='ocrx_word' id='word_1_65' title='bbox 1888 695 1956 767; x_wconf 89' lang='lat' dir='ltr'>sihi</span> <span class='ocrx_word' id='word_1_66' title='bbox 1978 712 2128 793; x_wconf 67' lang='lat' dir='ltr'>arrogat,</span> 
     </span>
     <span class='ocr_line' id='line_1_6' title="bbox 93 784 2128 895; baseline 0.003 -25"><span class='ocrx_word' id='word_1_67' title='bbox 93 813 160 872; x_wconf 86' lang='lat' dir='ltr'>ete.</span> <span class='ocrx_word' id='word_1_68' title='bbox 215 798 290 870; x_wconf 90' lang='lat' dir='ltr'>Nec</span> <span class='ocrx_word' id='word_1_69' title='bbox 307 801 575 892; x_wconf 78' lang='lat' dir='ltr'>imaginandum</span> <span class='ocrx_word' id='word_1_70' title='bbox 595 809 663 882; x_wconf 88' lang='lat' dir='ltr'>est,</span> <span class='ocrx_word' id='word_1_71' title='bbox 689 796 863 866; x_wconf 80' lang='lat' dir='ltr'>inclusam</span> <span class='ocrx_word' id='word_1_72' title='bbox 878 816 952 863; x_wconf 87' lang='lat' dir='ltr'>esse</span> <span class='ocrx_word' id='word_1_73' title='bbox 967 789 1092 864; x_wconf 89' lang='lat' dir='ltr'>Eccle·</span> <span class='ocrx_word' id='word_1_74' title='bbox 1145 799 1180 860; x_wconf 88' lang='lat' dir='ltr'>ct</span> <span class='ocrx_word' id='word_1_75' title='bbox 1203 789 1408 860; x_wconf 77' lang='lat' dir='ltr'>dominatur</span> <span class='ocrx_word' id='word_1_76' title='bbox 1430 789 1468 859; x_wconf 92' lang='lat' dir='ltr'>in</span> <span class='ocrx_word' id='word_1_77' title='bbox 1488 784 1663 877; x_wconf 91' lang='lat' dir='ltr'>Ecclesia,</span> <span class='ocrx_word' id='word_1_78' title='bbox 1691 806 1808 865; x_wconf 89' lang='lat' dir='ltr'>tamen</span> <span class='ocrx_word' id='word_1_79' title='bbox 1831 820 2053 895; x_wconf 81' lang='lat' dir='ltr'>raeqrtaquam</span> <span class='ocrx_word' id='word_1_80' title='bbox 2077 816 2128 877; x_wconf 90' lang='lat' dir='ltr'>est</span> 
     </span>
     <span class='ocr_line' id='line_1_7' title="bbox 91 886 2126 994; baseline 0.002 -23"><span class='ocrx_word' id='word_1_81' title='bbox 91 901 185 973; x_wconf 90' lang='lat' dir='ltr'>siam</span> <span class='ocrx_word' id='word_1_82' title='bbox 204 901 244 971; x_wconf 92' lang='lat' dir='ltr'>in</span> <span class='ocrx_word' id='word_1_83' title='bbox 267 903 377 973; x_wconf 87' lang='lat' dir='ltr'>unius</span> <span class='ocrx_word' id='word_1_84' title='bbox 399 902 502 994; x_wconf 76' lang='lat' dir='ltr'>regni</span> <span class='ocrx_word' id='word_1_85' title='bbox 525 900 707 990; x_wconf 88' lang='lat' dir='ltr'>politiam,</span> <span class='ocrx_word' id='word_1_86' title='bbox 732 897 824 967; x_wconf 90' lang='lat' dir='ltr'>sicut</span> <span class='ocrx_word' id='word_1_87' title='bbox 847 895 1018 986; x_wconf 89' lang='lat' dir='ltr'>seriptum</span> <span class='ocrx_word' id='word_1_88' title='bbox 1040 909 1091 967; x_wconf 89' lang='lat' dir='ltr'>est</span> <span class='ocrx_word' id='word_1_89' title='bbox 1123 908 1225 961; x_wconf 81' lang='lat' dir='ltr'>&#39;vera</span> <span class='ocrx_word' id='word_1_90' title='bbox 1240 886 1398 962; x_wconf 87' lang='lat' dir='ltr'>Ecclesia</span> <span class='ocrx_word' id='word_1_91' title='bbox 1413 912 1474 961; x_wconf 87' lang='lat' dir='ltr'>seu</span> <span class='ocrx_word' id='word_1_92' title='bbox 1491 914 1572 981; x_wconf 86' lang='lat' dir='ltr'>pars</span> <span class='ocrx_word' id='word_1_93' title='bbox 1588 889 1888 977; x_wconf 79' lang='lat' dir='ltr'>vcraaEtelesiar.</span> <span class='ocrx_word' id='word_1_94' title='bbox 1941 900 2023 975; x_wconf 86' lang='lat' dir='ltr'>ldeo</span> <span class='ocrx_word' id='word_1_95' title='bbox 2038 904 2126 975; x_wconf 88' lang='lat' dir='ltr'>scri-</span> 
     </span>
     <span class='ocr_line' id='line_1_8' title="bbox 91 988 2126 1095; baseline 0.002 -22"><span class='ocrx_word' id='word_1_96' title='bbox 91 999 268 1075; x_wconf 86' lang='lat' dir='ltr'>Matthaei</span> <span class='ocrx_word' id='word_1_97' title='bbox 291 1003 369 1076; x_wconf 62' lang='lat'>24:</span> <span class='ocrx_word' id='word_1_98' title='bbox 409 1003 501 1075; x_wconf 90' lang='lat' dir='ltr'>Ecce</span> <span class='ocrx_word' id='word_1_99' title='bbox 522 997 581 1073; x_wconf 91' lang='lat' dir='ltr'>hic</span> <span class='ocrx_word' id='word_1_100' title='bbox 603 1014 675 1087; x_wconf 89' lang='lat' dir='ltr'>est,</span> <span class='ocrx_word' id='word_1_101' title='bbox 705 1023 784 1070; x_wconf 92' lang='lat' dir='ltr'>ecce</span> <span class='ocrx_word' id='word_1_102' title='bbox 807 997 882 1068; x_wconf 89' lang='lat' dir='ltr'>illic</span> <span class='ocrx_word' id='word_1_103' title='bbox 905 1009 968 1069; x_wconf 77' lang='lat' dir='ltr'>est.</span> <span class='ocrx_word' id='word_1_104' title='bbox 1018 994 1089 1069; x_wconf 85' lang='lat' dir='ltr'>Sed</span> <span class='ocrx_word' id='word_1_105' title='bbox 1143 1006 1243 1083; x_wconf 91' lang='lat' dir='ltr'>ptum</span> <span class='ocrx_word' id='word_1_106' title='bbox 1271 1008 1324 1068; x_wconf 90' lang='lat' dir='ltr'>est</span> <span class='ocrx_word' id='word_1_107' title='bbox 1349 988 1544 1069; x_wconf 65' lang='lat' dir='ltr'>iubenda</span> <span class='ocrx_word' id='word_1_108' title='bbox 1585 994 1658 1066; x_wconf 87' lang='lat' dir='ltr'>Vos</span> <span class='ocrx_word' id='word_1_109' title='bbox 1679 1020 1721 1069; x_wconf 84' lang='lat' dir='ltr'>ex</span> <span class='ocrx_word' id='word_1_110' title='bbox 1744 1010 1843 1089; x_wconf 91' lang='lat' dir='ltr'>patre</span> <span class='ocrx_word' id='word_1_111' title='bbox 1864 1000 2008 1077; x_wconf 86' lang='lat' dir='ltr'>diabolo</span> <span class='ocrx_word' id='word_1_112' title='bbox 2032 1004 2126 1095; x_wconf 88' lang='lat' dir='ltr'>estis,</span> 
     </span>
     <span class='ocr_line' id='line_1_9' title="bbox 92 1082 2125 1188; baseline 0.004 -14"><span class='ocrx_word' id='word_1_113' title='bbox 92 1107 256 1177; x_wconf 91' lang='lat' dir='ltr'>membra</span> <span class='ocrx_word' id='word_1_114' title='bbox 283 1131 387 1176; x_wconf 87' lang='lat' dir='ltr'>verae</span> <span class='ocrx_word' id='word_1_115' title='bbox 418 1104 597 1176; x_wconf 77' lang='lat' dir='ltr'>Ecclesiae</span> <span class='ocrx_word' id='word_1_116' title='bbox 624 1104 663 1172; x_wconf 90' lang='lat' dir='ltr'>in</span> <span class='ocrx_word' id='word_1_117' title='bbox 697 1103 835 1171; x_wconf 87' lang='lat' dir='ltr'>diversa</span> <span class='ocrx_word' id='word_1_118' title='bbox 864 1099 940 1170; x_wconf 91' lang='lat' dir='ltr'>loca</span> <span class='ocrx_word' id='word_1_119' title='bbox 970 1121 1088 1188; x_wconf 88' lang='lat' dir='ltr'>sparsa</span> <span class='ocrx_word' id='word_1_120' title='bbox 1141 1091 1190 1166; x_wconf 88' lang='lat' dir='ltr'>Et</span> <span class='ocrx_word' id='word_1_121' title='bbox 1206 1082 1709 1167; x_wconf 83' lang='lat' dir='ltr'>talemiuisseinultitudiuem</span> <span class='ocrx_word' id='word_1_122' title='bbox 1727 1100 1882 1175; x_wconf 83' lang='lat' dir='ltr'>inlsrattl</span> <span class='ocrx_word' id='word_1_123' title='bbox 1899 1107 2125 1183; x_wconf 76' lang='lat' dir='ltr'>manifestam</span> 
     </span>
     <span class='ocr_line' id='line_1_10' title="bbox 93 1197 2124 1299; baseline 0.002 -21"><span class='ocrx_word' id='word_1_124' title='bbox 93 1221 197 1292; x_wconf 87' lang='lat' dir='ltr'>sunt,</span> <span class='ocrx_word' id='word_1_125' title='bbox 234 1222 270 1279; x_wconf 87' lang='lat' dir='ltr'>et</span> <span class='ocrx_word' id='word_1_126' title='bbox 296 1208 430 1279; x_wconf 88' lang='lat' dir='ltr'>alicubi</span> <span class='ocrx_word' id='word_1_127' title='bbox 451 1207 549 1277; x_wconf 88' lang='lat' dir='ltr'>Deus</span> <span class='ocrx_word' id='word_1_128' title='bbox 572 1206 717 1296; x_wconf 79' lang='lat' dir='ltr'>praebet</span> <span class='ocrx_word' id='word_1_129' title='bbox 740 1198 893 1291; x_wconf 90' lang='lat' dir='ltr'>hospitia</span> <span class='ocrx_word' id='word_1_130' title='bbox 927 1201 1089 1291; x_wconf 89' lang='lat' dir='ltr'>publicae</span> <span class='ocrx_word' id='word_1_131' title='bbox 1142 1211 1214 1280; x_wconf 88' lang='lat' dir='ltr'>est,</span> <span class='ocrx_word' id='word_1_132' title='bbox 1240 1198 1316 1269; x_wconf 82' lang='lat' dir='ltr'>sore</span> <span class='ocrx_word' id='word_1_133' title='bbox 1339 1197 1444 1271; x_wconf 87' lang='lat' dir='ltr'>etiarn</span> <span class='ocrx_word' id='word_1_134' title='bbox 1468 1198 1573 1269; x_wconf 86' lang='lat' dir='ltr'>talem</span> <span class='ocrx_word' id='word_1_135' title='bbox 1599 1212 1676 1291; x_wconf 90' lang='lat' dir='ltr'>post</span> <span class='ocrx_word' id='word_1_136' title='bbox 1696 1198 1886 1295; x_wconf 76' lang='lat' dir='ltr'>apostotos</span> <span class='ocrx_word' id='word_1_137' title='bbox 1904 1210 2124 1299; x_wconf 88' lang='lat' dir='ltr'>praedictum</span> 
     </span>
     <span class='ocr_line' id='line_1_11' title="bbox 92 1298 2128 1401; baseline 0.004 -22"><span class='ocrx_word' id='word_1_138' title='bbox 92 1311 362 1401; x_wconf 75' lang='lat' dir='ltr'>congregationi</span> <span class='ocrx_word' id='word_1_139' title='bbox 377 1326 413 1381; x_wconf 94' lang='lat' dir='ltr'>et</span> <span class='ocrx_word' id='word_1_140' title='bbox 426 1333 530 1379; x_wconf 84' lang='lat' dir='ltr'>verae</span> <span class='ocrx_word' id='word_1_141' title='bbox 546 1306 730 1378; x_wconf 91' lang='lat' dir='ltr'>doctrinae</span> <span class='ocrx_word' id='word_1_142' title='bbox 748 1303 895 1388; x_wconf 90' lang='lat' dir='ltr'>studiis,</span> <span class='ocrx_word' id='word_1_143' title='bbox 910 1304 998 1375; x_wconf 88' lang='lat' dir='ltr'>alias</span> <span class='ocrx_word' id='word_1_144' title='bbox 1013 1328 1089 1375; x_wconf 90' lang='lat' dir='ltr'>ma·</span> <span class='ocrx_word' id='word_1_145' title='bbox 1141 1313 1213 1384; x_wconf 87' lang='lat' dir='ltr'>est,</span> <span class='ocrx_word' id='word_1_146' title='bbox 1239 1310 1274 1371; x_wconf 90' lang='lat' dir='ltr'>et</span> <span class='ocrx_word' id='word_1_147' title='bbox 1297 1322 1353 1371; x_wconf 92' lang='lat' dir='ltr'>res</span> <span class='ocrx_word' id='word_1_148' title='bbox 1377 1300 1549 1387; x_wconf 88' lang='lat' dir='ltr'>ostendit,</span> <span class='ocrx_word' id='word_1_149' title='bbox 1580 1298 1711 1373; x_wconf 83' lang='lat' dir='ltr'>Matth·</span> <span class='ocrx_word' id='word_1_150' title='bbox 1727 1302 1807 1380; x_wconf 69' lang='lat' dir='ltr'>ihr</span> <span class='ocrx_word' id='word_1_151' title='bbox 1842 1306 1951 1382; x_wconf 87' lang='lat' dir='ltr'>Multi</span> <span class='ocrx_word' id='word_1_152' title='bbox 1970 1307 2128 1387; x_wconf 79' lang='lat' dir='ltr'>Pseudo·</span> 
     </span>
     <span class='ocr_line' id='line_1_12' title="bbox 92 1394 2127 1502; baseline -0.001 -22"><span class='ocrx_word' id='word_1_153' title='bbox 92 1413 149 1502; x_wconf 79' lang='lat' dir='ltr'>gis</span> <span class='ocrx_word' id='word_1_154' title='bbox 170 1412 259 1481; x_wconf 88' lang='lat' dir='ltr'>alias</span> <span class='ocrx_word' id='word_1_155' title='bbox 282 1414 401 1484; x_wconf 89' lang='lat' dir='ltr'>minus</span> <span class='ocrx_word' id='word_1_156' title='bbox 424 1412 621 1483; x_wconf 90' lang='lat' dir='ltr'>commoda.</span> <span class='ocrx_word' id='word_1_157' title='bbox 1142 1394 1335 1493; x_wconf 87' lang='lat' dir='ltr'>prophetae</span> <span class='ocrx_word' id='word_1_158' title='bbox 1349 1414 1493 1490; x_wconf 74' lang='lat' dir='ltr'>surgent</span> <span class='ocrx_word' id='word_1_159' title='bbox 1512 1417 1546 1475; x_wconf 92' lang='lat' dir='ltr'>et</span> <span class='ocrx_word' id='word_1_160' title='bbox 1566 1406 1733 1478; x_wconf 87' lang='lat' dir='ltr'>seducent</span> <span class='ocrx_word' id='word_1_161' title='bbox 1749 1408 1893 1489; x_wconf 82' lang='lat' dir='ltr'>multos.</span> <span class='ocrx_word' id='word_1_162' title='bbox 1944 1406 1992 1486; x_wconf 88' lang='lat' dir='ltr'>Et</span> <span class='ocrx_word' id='word_1_163' title='bbox 2011 1416 2040 1489; x_wconf 87' lang='lat' dir='ltr'>t.</span> <span class='ocrx_word' id='word_1_164' title='bbox 2060 1412 2127 1487; x_wconf 71' lang='lat' dir='ltr'>&#39;tt-</span> 
     </span>
     <span class='ocr_line' id='line_1_13' title="bbox 199 1498 2126 1609; baseline 0.005 -29"><span class='ocrx_word' id='word_1_165' title='bbox 199 1511 314 1584; x_wconf 86' lang='lat' dir='ltr'>Valde</span> <span class='ocrx_word' id='word_1_166' title='bbox 329 1527 446 1585; x_wconf 89' lang='lat' dir='ltr'>autem</span> <span class='ocrx_word' id='word_1_167' title='bbox 462 1512 614 1583; x_wconf 81' lang='lat' dir='ltr'>offendit</span> <span class='ocrx_word' id='word_1_168' title='bbox 632 1508 755 1580; x_wconf 91' lang='lat' dir='ltr'>oculos</span> <span class='ocrx_word' id='word_1_169' title='bbox 778 1508 977 1601; x_wconf 88' lang='lat' dir='ltr'>sapientum</span> <span class='ocrx_word' id='word_1_170' title='bbox 1002 1501 1088 1578; x_wconf 90' lang='lat' dir='ltr'>baec</span> <span class='ocrx_word' id='word_1_171' title='bbox 1140 1498 1253 1578; x_wconf 86' lang='lat' dir='ltr'>moth.</span> <span class='ocrx_word' id='word_1_172' title='bbox 1269 1502 1321 1575; x_wconf 71' lang='lat' dir='ltr'>ta</span> <span class='ocrx_word' id='word_1_173' title='bbox 1355 1503 1511 1597; x_wconf 73' lang='lat' dir='ltr'>Spiritus</span> <span class='ocrx_word' id='word_1_174' title='bbox 1525 1518 1620 1577; x_wconf 91' lang='lat' dir='ltr'>certo</span> <span class='ocrx_word' id='word_1_175' title='bbox 1642 1506 1729 1581; x_wconf 89' lang='lat' dir='ltr'>dicit</span> <span class='ocrx_word' id='word_1_176' title='bbox 1748 1511 1934 1601; x_wconf 72' lang='lat' dir='ltr'>postremis</span> <span class='ocrx_word' id='word_1_177' title='bbox 1955 1518 2126 1609; x_wconf 84' lang='lat' dir='ltr'>tempori·</span> 
     </span>
     <span class='ocr_line' id='line_1_14' title="bbox 90 1604 2125 1711; baseline 0.004 -26"><span class='ocrx_word' id='word_1_178' title='bbox 90 1615 266 1688; x_wconf 86' lang='lat' dir='ltr'>detormis</span> <span class='ocrx_word' id='word_1_179' title='bbox 288 1618 440 1711; x_wconf 84' lang='lat' dir='ltr'>species,</span> <span class='ocrx_word' id='word_1_180' title='bbox 480 1639 569 1708; x_wconf 88' lang='lat' dir='ltr'>quae</span> <span class='ocrx_word' id='word_1_181' title='bbox 599 1614 741 1685; x_wconf 85' lang='lat' dir='ltr'>videtur</span> <span class='ocrx_word' id='word_1_182' title='bbox 766 1636 840 1681; x_wconf 86' lang='lat' dir='ltr'>esse</span> <span class='ocrx_word' id='word_1_183' title='bbox 863 1604 1027 1704; x_wconf 79' lang='grc' dir='ltr'><strong><em>ἀναρχία</em></strong></span> <span class='ocrx_word' id='word_1_184' title='bbox 1051 1623 1087 1681; x_wconf 90' lang='lat' dir='ltr'>ct</span> <span class='ocrx_word' id='word_1_185' title='bbox 1141 1608 1208 1679; x_wconf 87' lang='lat' dir='ltr'>bus</span> <span class='ocrx_word' id='word_1_186' title='bbox 1232 1607 1365 1678; x_wconf 90' lang='lat' dir='ltr'>multos</span> <span class='ocrx_word' id='word_1_187' title='bbox 1380 1630 1400 1677; x_wconf 90' lang='lat' dir='ltr'>a</span> <span class='ocrx_word' id='word_1_188' title='bbox 1417 1606 1486 1677; x_wconf 87' lang='lat' dir='ltr'>tide</span> <span class='ocrx_word' id='word_1_189' title='bbox 1507 1608 1724 1683; x_wconf 90' lang='lat' dir='ltr'>disoessuros</span> <span class='ocrx_word' id='word_1_190' title='bbox 1744 1634 1837 1703; x_wconf 90' lang='lat' dir='ltr'>esse,</span> <span class='ocrx_word' id='word_1_191' title='bbox 1870 1629 1905 1690; x_wconf 90' lang='lat' dir='ltr'>et</span> <span class='ocrx_word' id='word_1_192' title='bbox 1927 1617 2125 1693; x_wconf 88' lang='lat' dir='ltr'>credituros</span> 
     </span>
     <span class='ocr_line' id='line_1_15' title="bbox 91 1707 1616 1810; baseline -0.002 -22"><span class='ocrx_word' id='word_1_193' title='bbox 91 1718 299 1810; x_wconf 84' lang='lat' dir='ltr'>dissipatio,</span> <span class='ocrx_word' id='word_1_194' title='bbox 331 1743 395 1788; x_wconf 87' lang='lat' dir='ltr'>nec</span> <span class='ocrx_word' id='word_1_195' title='bbox 414 1719 554 1786; x_wconf 88' lang='lat' dir='ltr'>videtur</span> <span class='ocrx_word' id='word_1_196' title='bbox 570 1714 743 1786; x_wconf 88' lang='lat' dir='ltr'>divinitus</span> <span class='ocrx_word' id='word_1_197' title='bbox 759 1714 955 1784; x_wconf 89' lang='lat' dir='ltr'>consociari</span> <span class='ocrx_word' id='word_1_198' title='bbox 972 1726 1007 1783; x_wconf 90' lang='lat' dir='ltr'>et</span> <span class='ocrx_word' id='word_1_199' title='bbox 1022 1737 1086 1783; x_wconf 89' lang='lat' dir='ltr'>cu·</span> <span class='ocrx_word' id='word_1_200' title='bbox 1139 1707 1325 1802; x_wconf 89' lang='lat' dir='ltr'>spiritibus</span> <span class='ocrx_word' id='word_1_201' title='bbox 1352 1707 1616 1800; x_wconf 87' lang='lat' dir='ltr'>impostoribus.</span> 
     </span>
     <span class='ocr_line' id='line_1_16' title="bbox 91 1805 2124 1914; baseline 0.005 -26"><span class='ocrx_word' id='word_1_202' title='bbox 91 1821 242 1908; x_wconf 89' lang='lat' dir='ltr'>stodiri,</span> <span class='ocrx_word' id='word_1_203' title='bbox 265 1821 362 1914; x_wconf 85' lang='lat' dir='ltr'>quod</span> <span class='ocrx_word' id='word_1_204' title='bbox 378 1832 450 1891; x_wconf 72' lang='lat' dir='ltr'>nm</span> <span class='ocrx_word' id='word_1_205' title='bbox 476 1820 572 1889; x_wconf 83' lang='lat' dir='ltr'>varie</span> <span class='ocrx_word' id='word_1_206' title='bbox 594 1819 785 1886; x_wconf 88' lang='lat' dir='ltr'>laceratum</span> <span class='ocrx_word' id='word_1_207' title='bbox 810 1829 881 1899; x_wconf 89' lang='lat' dir='ltr'>est,</span> <span class='ocrx_word' id='word_1_208' title='bbox 907 1815 984 1886; x_wconf 91' lang='lat' dir='ltr'>sine</span> <span class='ocrx_word' id='word_1_209' title='bbox 1000 1813 1081 1884; x_wconf 84' lang='lat' dir='ltr'>visi·</span> <span class='ocrx_word' id='word_1_210' title='bbox 1221 1808 1267 1881; x_wconf 87' lang='lat' dir='ltr'>Et</span> <span class='ocrx_word' id='word_1_211' title='bbox 1283 1805 1462 1882; x_wconf 86' lang='lat' dir='ltr'>horrenda</span> <span class='ocrx_word' id='word_1_212' title='bbox 1478 1826 1530 1884; x_wconf 90' lang='lat' dir='ltr'>est</span> <span class='ocrx_word' id='word_1_213' title='bbox 1545 1810 2124 1909; x_wconf 74' lang='lat' dir='ltr'>descriptioanatcbrtsrte.&#39;t·tses·</span> 
     </span>
     <span class='ocr_line' id='line_1_17' title="bbox 92 1909 2126 2015; baseline 0.005 -24"><span class='ocrx_word' id='word_1_214' title='bbox 92 1922 162 1992; x_wconf 89' lang='lat' dir='ltr'>bili</span> <span class='ocrx_word' id='word_1_215' title='bbox 185 1923 318 2015; x_wconf 87' lang='lat' dir='ltr'>capite,</span> <span class='ocrx_word' id='word_1_216' title='bbox 352 1923 429 1993; x_wconf 88' lang='lat' dir='ltr'>sine</span> <span class='ocrx_word' id='word_1_217' title='bbox 451 1935 546 1991; x_wconf 87' lang='lat' dir='ltr'>certa</span> <span class='ocrx_word' id='word_1_218' title='bbox 571 1920 671 2003; x_wconf 90' lang='lat' dir='ltr'>sede,</span> <span class='ocrx_word' id='word_1_219' title='bbox 702 1918 779 1987; x_wconf 88' lang='lat' dir='ltr'>sine</span> <span class='ocrx_word' id='word_1_220' title='bbox 802 1919 940 1989; x_wconf 89' lang='lat' dir='ltr'>ordine.</span> <span class='ocrx_word' id='word_1_221' title='bbox 992 1914 1085 1988; x_wconf 89' lang='lat' dir='ltr'>Cum</span> <span class='ocrx_word' id='word_1_222' title='bbox 1138 1910 1200 1987; x_wconf 89' lang='lat' dir='ltr'>sal.</span> <span class='ocrx_word' id='word_1_223' title='bbox 1216 1912 1268 1983; x_wconf 69' lang='lat'>2:</span> <span class='ocrx_word' id='word_1_224' title='bbox 1295 1909 1524 1986; x_wconf 89' lang='lat' dir='ltr'>Dominantis</span> <span class='ocrx_word' id='word_1_225' title='bbox 1541 1914 1579 1986; x_wconf 91' lang='lat' dir='ltr'>iu</span> <span class='ocrx_word' id='word_1_226' title='bbox 1602 1918 1734 2009; x_wconf 90' lang='lat' dir='ltr'>templo</span> <span class='ocrx_word' id='word_1_227' title='bbox 1758 1916 1846 2009; x_wconf 88' lang='lat' dir='ltr'>Dei,</span> <span class='ocrx_word' id='word_1_228' title='bbox 1876 1918 2044 1997; x_wconf 83' lang='lat' dir='ltr'>horribili</span> <span class='ocrx_word' id='word_1_229' title='bbox 2067 1928 2126 2001; x_wconf 85' lang='lat' dir='ltr'>iu-</span> 
     </span>
     <span class='ocr_line' id='line_1_18' title="bbox 91 2013 2125 2123; baseline 0.006 -30"><span class='ocrx_word' id='word_1_230' title='bbox 91 2025 206 2113; x_wconf 75' lang='lat' dir='ltr'>igitur</span> <span class='ocrx_word' id='word_1_231' title='bbox 227 2026 404 2116; x_wconf 89' lang='lat' dir='ltr'>sapientes</span> <span class='ocrx_word' id='word_1_232' title='bbox 424 2024 468 2093; x_wconf 87' lang='lat' dir='ltr'>ab</span> <span class='ocrx_word' id='word_1_233' title='bbox 492 2020 556 2092; x_wconf 91' lang='lat' dir='ltr'>bac</span> <span class='ocrx_word' id='word_1_234' title='bbox 581 2021 695 2113; x_wconf 89' lang='lat' dir='ltr'>speeie</span> <span class='ocrx_word' id='word_1_235' title='bbox 720 2014 958 2104; x_wconf 82' lang='lat' dir='ltr'>abhorreant,</span> <span class='ocrx_word' id='word_1_236' title='bbox 999 2042 1086 2089; x_wconf 87' lang='lat' dir='ltr'>con·</span> <span class='ocrx_word' id='word_1_237' title='bbox 1138 2038 1217 2086; x_wconf 91' lang='lat' dir='ltr'>rore</span> <span class='ocrx_word' id='word_1_238' title='bbox 1236 2013 1447 2088; x_wconf 89' lang='lat' dir='ltr'>stabilientis</span> <span class='ocrx_word' id='word_1_239' title='bbox 1463 2016 1558 2087; x_wconf 87' lang='lat' dir='ltr'>idota</span> <span class='ocrx_word' id='word_1_240' title='bbox 1584 2029 1618 2087; x_wconf 90' lang='lat' dir='ltr'>et</span> <span class='ocrx_word' id='word_1_241' title='bbox 1634 2021 1835 2110; x_wconf 80' lang='lat' dir='ltr'>mandacio,</span> <span class='ocrx_word' id='word_1_242' title='bbox 1861 2050 1952 2123; x_wconf 83' lang='lat' dir='ltr'>quse</span> <span class='ocrx_word' id='word_1_243' title='bbox 1967 2046 2125 2119; x_wconf 74' lang='lat' dir='ltr'>parpuent</span> 
     </span>
     <span class='ocr_line' id='line_1_19' title="bbox 91 2114 2125 2225; baseline 0.001 -26"><span class='ocrx_word' id='word_1_244' title='bbox 91 2141 246 2199; x_wconf 86' lang='lat' dir='ltr'>currunt</span> <span class='ocrx_word' id='word_1_245' title='bbox 266 2129 310 2199; x_wconf 92' lang='lat' dir='ltr'>ad</span> <span class='ocrx_word' id='word_1_246' title='bbox 336 2125 578 2197; x_wconf 79' lang='lat' dir='ltr'>defensionem</span> <span class='ocrx_word' id='word_1_247' title='bbox 603 2122 805 2194; x_wconf 83' lang='lat' dir='ltr'>ordinariae</span> <span class='ocrx_word' id='word_1_248' title='bbox 822 2121 1020 2213; x_wconf 88' lang='lat' dir='ltr'>potestatis,</span> <span class='ocrx_word' id='word_1_249' title='bbox 1045 2133 1085 2192; x_wconf 92' lang='lat' dir='ltr'>ut</span> <span class='ocrx_word' id='word_1_250' title='bbox 1138 2140 1218 2188; x_wconf 92' lang='lat' dir='ltr'>cum</span> <span class='ocrx_word' id='word_1_251' title='bbox 1244 2116 1403 2191; x_wconf 79' lang='lat' dir='ltr'>articulis</span> <span class='ocrx_word' id='word_1_252' title='bbox 1430 2117 1524 2193; x_wconf 83' lang='lat' dir='ltr'>fidei.</span> <span class='ocrx_word' id='word_1_253' title='bbox 1583 2114 1681 2193; x_wconf 86' lang='lat' dir='ltr'>llaec</span> <span class='ocrx_word' id='word_1_254' title='bbox 1704 2122 1903 2199; x_wconf 87' lang='lat' dir='ltr'>tristissima</span> <span class='ocrx_word' id='word_1_255' title='bbox 1934 2130 2125 2225; x_wconf 78' lang='lat' dir='ltr'>descriptio</span> 
     </span>
     <span class='ocr_line' id='line_1_20' title="bbox 91 2217 2125 2321; baseline 0.004 -24"><span class='ocrx_word' id='word_1_256' title='bbox 91 2229 292 2299; x_wconf 90' lang='lat' dir='ltr'>nominant.</span> <span class='ocrx_word' id='word_1_257' title='bbox 345 2224 394 2299; x_wconf 89' lang='lat' dir='ltr'>Et</span> <span class='ocrx_word' id='word_1_258' title='bbox 422 2251 548 2317; x_wconf 84' lang='lat' dir='ltr'>magna</span> <span class='ocrx_word' id='word_1_259' title='bbox 578 2226 770 2297; x_wconf 86' lang='lat' dir='ltr'>certamina</span> <span class='ocrx_word' id='word_1_260' title='bbox 799 2248 841 2294; x_wconf 84' lang='lat' dir='ltr'>ex</span> <span class='ocrx_word' id='word_1_261' title='bbox 865 2218 931 2294; x_wconf 86' lang='lat' dir='ltr'>hac</span> <span class='ocrx_word' id='word_1_262' title='bbox 960 2222 1083 2294; x_wconf 88' lang='lat' dir='ltr'>iudicii</span> <span class='ocrx_word' id='word_1_263' title='bbox 1137 2218 1296 2313; x_wconf 88' lang='lat' dir='ltr'>loquitur</span> <span class='ocrx_word' id='word_1_264' title='bbox 1312 2217 1441 2291; x_wconf 87' lang='lat' dir='ltr'>delate</span> <span class='ocrx_word' id='word_1_265' title='bbox 1457 2220 1744 2305; x_wconf 82' lang='lat' dir='ltr'>dominantibus,</span> <span class='ocrx_word' id='word_1_266' title='bbox 1775 2240 1809 2299; x_wconf 89' lang='lat' dir='ltr'>et</span> <span class='ocrx_word' id='word_1_267' title='bbox 1827 2232 1871 2299; x_wconf 89' lang='lat' dir='ltr'>de</span> <span class='ocrx_word' id='word_1_268' title='bbox 1888 2252 2015 2321; x_wconf 64' lang='lat' dir='ltr'>magua</span> <span class='ocrx_word' id='word_1_269' title='bbox 2030 2236 2125 2307; x_wconf 77' lang='lat' dir='ltr'>merl·</span> 
     </span>
     <span class='ocr_line' id='line_1_21' title="bbox 90 2318 2126 2415; baseline 0.003 -14"><span class='ocrx_word' id='word_1_270' title='bbox 90 2331 386 2403; x_wconf 86' lang='lat' dir='ltr'>dissimilitudine</span> <span class='ocrx_word' id='word_1_271' title='bbox 407 2330 586 2399; x_wconf 86' lang='lat' dir='ltr'>oriuntur.</span> <span class='ocrx_word' id='word_1_272' title='bbox 1139 2320 1314 2407; x_wconf 78' lang='lat' dir='ltr'>titudine,</span> <span class='ocrx_word' id='word_1_273' title='bbox 1348 2333 1384 2392; x_wconf 88' lang='lat' dir='ltr'>ct</span> <span class='ocrx_word' id='word_1_274' title='bbox 1416 2322 1461 2391; x_wconf 90' lang='lat' dir='ltr'>de</span> <span class='ocrx_word' id='word_1_275' title='bbox 1494 2318 1683 2399; x_wconf 82' lang='lat' dir='ltr'>horrendis</span> <span class='ocrx_word' id='word_1_276' title='bbox 1714 2327 1823 2401; x_wconf 91' lang='lat' dir='ltr'>idolis</span> <span class='ocrx_word' id='word_1_277' title='bbox 1854 2346 1888 2406; x_wconf 90' lang='lat' dir='ltr'>et</span> <span class='ocrx_word' id='word_1_278' title='bbox 1921 2334 2126 2415; x_wconf 82' lang='lat' dir='ltr'>mendaciis.</span> 
     </span>
     <span class='ocr_line' id='line_1_22' title="bbox 195 2420 2124 2533; baseline 0.004 -29"><span class='ocrx_word' id='word_1_279' title='bbox 195 2431 349 2504; x_wconf 87' lang='lat' dir='ltr'>Haeede</span> <span class='ocrx_word' id='word_1_280' title='bbox 367 2432 482 2523; x_wconf 86' lang='lat' dir='ltr'>specie</span> <span class='ocrx_word' id='word_1_281' title='bbox 500 2445 642 2499; x_wconf 83' lang='lat' dir='ltr'>externa</span> <span class='ocrx_word' id='word_1_282' title='bbox 660 2422 839 2497; x_wconf 82' lang='lat' dir='ltr'>Ecclesiae</span> <span class='ocrx_word' id='word_1_283' title='bbox 861 2425 1085 2497; x_wconf 87' lang='lat' dir='ltr'>considerare</span> <span class='ocrx_word' id='word_1_284' title='bbox 1137 2420 1232 2493; x_wconf 84' lang='lat' dir='ltr'>Hinc</span> <span class='ocrx_word' id='word_1_285' title='bbox 1257 2423 1342 2494; x_wconf 89' lang='lat' dir='ltr'>satis</span> <span class='ocrx_word' id='word_1_286' title='bbox 1366 2422 1587 2517; x_wconf 87' lang='lat' dir='ltr'>perspicuum</span> <span class='ocrx_word' id='word_1_287' title='bbox 1610 2440 1679 2516; x_wconf 89' lang='lat' dir='ltr'>est,</span> <span class='ocrx_word' id='word_1_288' title='bbox 1710 2430 1861 2519; x_wconf 88' lang='lat' dir='ltr'>multos,</span> <span class='ocrx_word' id='word_1_289' title='bbox 1892 2434 1956 2533; x_wconf 74' lang='lat' dir='ltr'>quai</span> <span class='ocrx_word' id='word_1_290' title='bbox 1978 2436 2124 2511; x_wconf 89' lang='lat' dir='ltr'>titulum</span> 
     </span>
     <span class='ocr_line' id='line_1_23' title="bbox 91 2516 2121 2619; baseline 0.006 -14"><span class='ocrx_word' id='word_1_291' title='bbox 91 2558 235 2608; x_wconf 89' lang='lat' dir='ltr'>necesse</span> <span class='ocrx_word' id='word_1_292' title='bbox 249 2550 318 2619; x_wconf 85' lang='lat' dir='ltr'>est,</span> <span class='ocrx_word' id='word_1_293' title='bbox 344 2559 389 2604; x_wconf 93' lang='lat' dir='ltr'>ne</span> <span class='ocrx_word' id='word_1_294' title='bbox 407 2534 631 2603; x_wconf 77' lang='lat' dir='ltr'>deformitate</span> <span class='ocrx_word' id='word_1_295' title='bbox 647 2528 889 2619; x_wconf 75' lang='lat' dir='ltr'>dissipationis</span> <span class='ocrx_word' id='word_1_296' title='bbox 906 2530 1084 2601; x_wconf 87' lang='lat' dir='ltr'>deterrea-</span> <span class='ocrx_word' id='word_1_297' title='bbox 1138 2516 1271 2597; x_wconf 82' lang='lat' dir='ltr'>hebeni</span> <span class='ocrx_word' id='word_1_298' title='bbox 1288 2520 1485 2613; x_wconf 88' lang='lat' dir='ltr'>Ecclesiae,</span> <span class='ocrx_word' id='word_1_299' title='bbox 1520 2550 1658 2601; x_wconf 89' lang='lat' dir='ltr'>errare:</span> <span class='ocrx_word' id='word_1_300' title='bbox 1685 2553 1725 2604; x_wconf 87' lang='lat' dir='ltr'>ec</span> <span class='ocrx_word' id='word_1_301' title='bbox 1741 2552 1879 2608; x_wconf 87' lang='lat' dir='ltr'>neeesse</span> <span class='ocrx_word' id='word_1_302' title='bbox 1895 2548 1948 2609; x_wconf 88' lang='lat' dir='ltr'>ert</span> <span class='ocrx_word' id='word_1_303' title='bbox 1961 2532 2048 2612; x_wconf 88' lang='lat' dir='ltr'>haec</span> <span class='ocrx_word' id='word_1_304' title='bbox 2071 2552 2121 2617; x_wconf 89' lang='lat' dir='ltr'>tr·</span> 
     </span>
     <span class='ocr_line' id='line_1_24' title="bbox 92 2627 2125 2737; baseline 0.006 -31"><span class='ocrx_word' id='word_1_305' title='bbox 92 2641 407 2720; x_wconf 70' lang='lat' dir='ltr'>meracitate,</span> <span class='ocrx_word' id='word_1_306' title='bbox 439 2639 500 2705; x_wconf 89' lang='lat' dir='ltr'>sed</span> <span class='ocrx_word' id='word_1_307' title='bbox 525 2634 682 2724; x_wconf 79' lang='lat' dir='ltr'>regulam</span> <span class='ocrx_word' id='word_1_308' title='bbox 699 2645 898 2701; x_wconf 86' lang='lat' dir='ltr'>teneamus:</span> <span class='ocrx_word' id='word_1_309' title='bbox 940 2629 980 2703; x_wconf 81' lang='lat' dir='ltr'>si</span> <span class='ocrx_word' id='word_1_310' title='bbox 1004 2632 1085 2725; x_wconf 83' lang='lat' dir='ltr'>qtris</span> <span class='ocrx_word' id='word_1_311' title='bbox 1138 2627 1306 2699; x_wconf 88' lang='lat' dir='ltr'>stimonia</span> <span class='ocrx_word' id='word_1_312' title='bbox 1327 2628 1548 2711; x_wconf 86' lang='lat' dir='ltr'>meminisse,</span> <span class='ocrx_word' id='word_1_313' title='bbox 1582 2642 1621 2703; x_wconf 93' lang='lat' dir='ltr'>ut</span> <span class='ocrx_word' id='word_1_314' title='bbox 1644 2649 1873 2729; x_wconf 88' lang='lat' dir='ltr'>opponentur</span> <span class='ocrx_word' id='word_1_315' title='bbox 1890 2638 2125 2737; x_wconf 61' lang='lat' dir='ltr'>allegantibus</span> 
     </span>
     <span class='ocr_line' id='line_1_25' title="bbox 92 2726 1937 2829; baseline 0.003 -24"><span class='ocrx_word' id='word_1_316' title='bbox 92 2741 193 2811; x_wconf 78' lang='lat' dir='ltr'>aliud</span> <span class='ocrx_word' id='word_1_317' title='bbox 226 2736 462 2829; x_wconf 81' lang='lat' dir='ltr'>Evangelium</span> <span class='ocrx_word' id='word_1_318' title='bbox 489 2737 610 2818; x_wconf 88' lang='lat' dir='ltr'>docet,</span> <span class='ocrx_word' id='word_1_319' title='bbox 653 2727 841 2803; x_wconf 88' lang='lat' dir='ltr'>anathema</span> <span class='ocrx_word' id='word_1_320' title='bbox 861 2733 918 2803; x_wconf 87' lang='lat' dir='ltr'>sit.</span> <span class='ocrx_word' id='word_1_321' title='bbox 983 2731 1084 2805; x_wconf 89' lang='lat' dir='ltr'>Post·</span> <span class='ocrx_word' id='word_1_322' title='bbox 1138 2752 1271 2801; x_wconf 87' lang='lat' dir='ltr'>nomen</span> <span class='ocrx_word' id='word_1_323' title='bbox 1283 2726 1459 2801; x_wconf 88' lang='lat' dir='ltr'>Ecclesiae</span> <span class='ocrx_word' id='word_1_324' title='bbox 1474 2732 1519 2803; x_wconf 89' lang='lat' dir='ltr'>de</span> <span class='ocrx_word' id='word_1_325' title='bbox 1531 2732 1640 2826; x_wconf 90' lang='lat' dir='ltr'>impia</span> <span class='ocrx_word' id='word_1_326' title='bbox 1654 2738 1937 2829; x_wconf 66' lang='lat' dir='ltr'>cosagrepetioue.</span> 
     </span>
     <span class='ocr_line' id='line_1_26' title="bbox 92 2829 2124 2935; baseline 0.002 -22"><span class='ocrx_word' id='word_1_327' title='bbox 92 2866 203 2935; x_wconf 84' lang='lat' dir='ltr'>quam</span> <span class='ocrx_word' id='word_1_328' title='bbox 220 2843 394 2925; x_wconf 80' lang='lat' dir='ltr'>diximus,</span> <span class='ocrx_word' id='word_1_329' title='bbox 419 2863 509 2935; x_wconf 90' lang='lat' dir='ltr'>quae</span> <span class='ocrx_word' id='word_1_330' title='bbox 532 2852 568 2909; x_wconf 87' lang='lat' dir='ltr'>et</span> <span class='ocrx_word' id='word_1_331' title='bbox 589 2837 654 2909; x_wconf 88' lang='lat' dir='ltr'>ubi</span> <span class='ocrx_word' id='word_1_332' title='bbox 675 2837 721 2906; x_wconf 87' lang='lat' dir='ltr'>sit</span> <span class='ocrx_word' id='word_1_333' title='bbox 742 2858 823 2905; x_wconf 86' lang='lat' dir='ltr'>vera</span> <span class='ocrx_word' id='word_1_334' title='bbox 846 2832 1023 2917; x_wconf 83' lang='lat' dir='ltr'>Ecclesia,</span> <span class='ocrx_word' id='word_1_335' title='bbox 1048 2849 1083 2907; x_wconf 91' lang='lat' dir='ltr'>et</span> <span class='ocrx_word' id='word_1_336' title='bbox 1239 2829 1310 2903; x_wconf 85' lang='lat' dir='ltr'>Sed</span> <span class='ocrx_word' id='word_1_337' title='bbox 1325 2832 1371 2901; x_wconf 90' lang='lat' dir='ltr'>de</span> <span class='ocrx_word' id='word_1_338' title='bbox 1387 2832 1495 2905; x_wconf 87' lang='lat' dir='ltr'>attera</span> <span class='ocrx_word' id='word_1_339' title='bbox 1512 2845 1611 2925; x_wconf 87' lang='lat' dir='ltr'>perte</span> <span class='ocrx_word' id='word_1_340' title='bbox 1625 2852 1781 2928; x_wconf 88' lang='lat' dir='ltr'>quaeest</span> <span class='ocrx_word' id='word_1_341' title='bbox 1797 2862 1877 2914; x_wconf 83' lang='lat' dir='ltr'>sera</span> <span class='ocrx_word' id='word_1_342' title='bbox 1891 2838 2049 2919; x_wconf 80' lang='lat' dir='ltr'>Ecclesia</span> <span class='ocrx_word' id='word_1_343' title='bbox 2065 2846 2124 2919; x_wconf 90' lang='lat' dir='ltr'>di·</span> 
     </span>
     <span class='ocr_line' id='line_1_27' title="bbox 93 2928 2125 3039; baseline 0.003 -24"><span class='ocrx_word' id='word_1_344' title='bbox 93 2939 213 3038; x_wconf 89' lang='lat' dir='ltr'>qualis</span> <span class='ocrx_word' id='word_1_345' title='bbox 235 2946 281 3017; x_wconf 89' lang='lat' dir='ltr'>sit</span> <span class='ocrx_word' id='word_1_346' title='bbox 303 2944 380 3015; x_wconf 92' lang='lat' dir='ltr'>eius</span> <span class='ocrx_word' id='word_1_347' title='bbox 404 2941 557 3034; x_wconf 88' lang='lat' dir='ltr'>species,</span> <span class='ocrx_word' id='word_1_348' title='bbox 582 2952 781 3033; x_wconf 89' lang='lat' dir='ltr'>sequuntur</span> <span class='ocrx_word' id='word_1_349' title='bbox 798 2936 867 3006; x_wconf 89' lang='lat' dir='ltr'>iam</span> <span class='ocrx_word' id='word_1_350' title='bbox 885 2928 951 3007; x_wconf 88' lang='lat' dir='ltr'>hae</span> <span class='ocrx_word' id='word_1_351' title='bbox 975 2960 1084 3030; x_wconf 90' lang='lat' dir='ltr'>quae·</span> <span class='ocrx_word' id='word_1_352' title='bbox 1137 2955 1271 3009; x_wconf 87' lang='lat' dir='ltr'>camus.</span> <span class='ocrx_word' id='word_1_353' title='bbox 1320 2928 1399 3005; x_wconf 88' lang='lat' dir='ltr'>Etsi</span> <span class='ocrx_word' id='word_1_354' title='bbox 1424 2934 1462 3005; x_wconf 89' lang='lat' dir='ltr'>iu</span> <span class='ocrx_word' id='word_1_355' title='bbox 1487 2928 1553 3005; x_wconf 85' lang='lat' dir='ltr'>isac</span> <span class='ocrx_word' id='word_1_356' title='bbox 1575 2960 1717 3032; x_wconf 84' lang='lat' dir='ltr'>quoque</span> <span class='ocrx_word' id='word_1_357' title='bbox 1741 2941 1844 3015; x_wconf 83' lang='lat' dir='ltr'>mariti</span> <span class='ocrx_word' id='word_1_358' title='bbox 1866 2958 1950 3017; x_wconf 92' lang='lat' dir='ltr'>suut</span> <span class='ocrx_word' id='word_1_359' title='bbox 1972 2948 2125 3039; x_wconf 78' lang='lat' dir='ltr'>infirmi,</span> 
     </span>
     <span class='ocr_line' id='line_1_28' title="bbox 91 3033 2123 3135; baseline 0.003 -17"><span class='ocrx_word' id='word_1_360' title='bbox 91 3046 240 3122; x_wconf 86' lang='lat' dir='ltr'>stiones.</span> <span class='ocrx_word' id='word_1_361' title='bbox 1138 3051 1172 3107; x_wconf 86' lang='lat' dir='ltr'>et</span> <span class='ocrx_word' id='word_1_362' title='bbox 1191 3033 1278 3107; x_wconf 88' lang='lat' dir='ltr'>alias</span> <span class='ocrx_word' id='word_1_363' title='bbox 1295 3034 1395 3125; x_wconf 92' lang='lat' dir='ltr'>plus,</span> <span class='ocrx_word' id='word_1_364' title='bbox 1419 3034 1506 3107; x_wconf 88' lang='lat' dir='ltr'>alias</span> <span class='ocrx_word' id='word_1_365' title='bbox 1524 3037 1644 3108; x_wconf 86' lang='lat' dir='ltr'>miuus</span> <span class='ocrx_word' id='word_1_366' title='bbox 1665 3053 1716 3111; x_wconf 92' lang='lat' dir='ltr'>est</span> <span class='ocrx_word' id='word_1_367' title='bbox 1737 3043 1917 3135; x_wconf 71' lang='lat' dir='ltr'>caliginis,</span> <span class='ocrx_word' id='word_1_368' title='bbox 1942 3060 2061 3121; x_wconf 72' lang='lat' dir='ltr'>umere</span> <span class='ocrx_word' id='word_1_369' title='bbox 2085 3050 2123 3125; x_wconf 91' lang='lat' dir='ltr'>iu</span> 
     </span>
     <span class='ocr_line' id='line_1_29' title="bbox 199 3134 2123 3241; baseline 0.003 -22"><span class='ocrx_word' id='word_1_370' title='bbox 199 3149 335 3221; x_wconf 90' lang='lat' dir='ltr'>Prima:</span> <span class='ocrx_word' id='word_1_371' title='bbox 363 3141 423 3219; x_wconf 78' lang='lat' dir='ltr'>An</span> <span class='ocrx_word' id='word_1_372' title='bbox 446 3144 486 3213; x_wconf 90' lang='lat' dir='ltr'>in</span> <span class='ocrx_word' id='word_1_373' title='bbox 503 3166 544 3215; x_wconf 89' lang='lat' dir='ltr'>ea</span> <span class='ocrx_word' id='word_1_374' title='bbox 559 3140 606 3216; x_wconf 89' lang='lat' dir='ltr'>sit</span> <span class='ocrx_word' id='word_1_375' title='bbox 619 3140 749 3213; x_wconf 85' lang='lat' dir='ltr'>veritas</span> <span class='ocrx_word' id='word_1_376' title='bbox 771 3161 909 3231; x_wconf 90' lang='lat' dir='ltr'>semper</span> <span class='ocrx_word' id='word_1_377' title='bbox 931 3141 1009 3213; x_wconf 88' lang='lat' dir='ltr'>sine</span> <span class='ocrx_word' id='word_1_378' title='bbox 1028 3164 1085 3213; x_wconf 91' lang='lat' dir='ltr'>er·</span> <span class='ocrx_word' id='word_1_379' title='bbox 1138 3134 1203 3210; x_wconf 86' lang='lat' dir='ltr'>hac</span> <span class='ocrx_word' id='word_1_380' title='bbox 1218 3136 1391 3209; x_wconf 88' lang='lat' dir='ltr'>retinetur</span> <span class='ocrx_word' id='word_1_381' title='bbox 1405 3136 1696 3229; x_wconf 81' lang='lat' dir='ltr'>tundamentum,</span> <span class='ocrx_word' id='word_1_382' title='bbox 1716 3144 1851 3241; x_wconf 82' lang='lat' dir='ltr'>aliucpsi</span> <span class='ocrx_word' id='word_1_383' title='bbox 1868 3172 2011 3241; x_wconf 89' lang='lat' dir='ltr'>prorsus</span> <span class='ocrx_word' id='word_1_384' title='bbox 2025 3152 2123 3227; x_wconf 82' lang='lat' dir='ltr'>catalla</span> 
     </span>
     <span class='ocr_line' id='line_1_30' title="bbox 94 3235 2123 3345; baseline 0.013 -42"><span class='ocrx_word' id='word_1_385' title='bbox 94 3248 249 3326; x_wconf 63' lang='lat' dir='ltr'>,0de</span> <span class='ocrx_word' id='word_1_386' title='bbox 970 3266 980 3279; x_wconf 86' lang='lat'><em>·</em></span> <span class='ocrx_word' id='word_1_387' title='bbox 1139 3252 1226 3311; x_wconf 89' lang='lat' dir='ltr'>esset</span> <span class='ocrx_word' id='word_1_388' title='bbox 1236 3235 1405 3311; x_wconf 82' lang='lat' dir='ltr'>Ecclesia.</span> <span class='ocrx_word' id='word_1_389' title='bbox 1457 3238 1606 3335; x_wconf 85' lang='lat' dir='ltr'>Sernper</span> <span class='ocrx_word' id='word_1_390' title='bbox 1620 3257 1737 3315; x_wconf 85' lang='lat' dir='ltr'>autern</span> <span class='ocrx_word' id='word_1_391' title='bbox 1753 3247 1892 3345; x_wconf 82' lang='lat' dir='ltr'>aliquos</span> <span class='ocrx_word' id='word_1_392' title='bbox 1907 3274 1980 3324; x_wconf 89' lang='lat' dir='ltr'>esre</span> <span class='ocrx_word' id='word_1_393' title='bbox 1994 3254 2123 3329; x_wconf 89' lang='lat' dir='ltr'>electus</span> 
     </span>
     <span class='ocr_line' id='line_1_31' title="bbox 196 3337 2122 3443; baseline 0.009 -31"><span class='ocrx_word' id='word_1_394' title='bbox 196 3353 376 3427; x_wconf 53' lang='lat' dir='ltr'>suanae:</span> <span class='ocrx_word' id='word_1_395' title='bbox 404 3347 533 3439; x_wconf 87' lang='lat' dir='ltr'>Qualis</span> <span class='ocrx_word' id='word_1_396' title='bbox 546 3348 592 3419; x_wconf 84' lang='lat' dir='ltr'>sit</span> <span class='ocrx_word' id='word_1_397' title='bbox 606 3356 758 3439; x_wconf 88' lang='lat' dir='ltr'>potestas</span> <span class='ocrx_word' id='word_1_398' title='bbox 773 3343 1033 3416; x_wconf 82' lang='lat' dir='ltr'>ministrorum.</span> <span class='ocrx_word' id='word_1_399' title='bbox 1137 3341 1292 3413; x_wconf 88' lang='lat' dir='ltr'>ostendit</span> <span class='ocrx_word' id='word_1_400' title='bbox 1308 3337 1496 3430; x_wconf 88' lang='lat' dir='ltr'>Dominus,</span> <span class='ocrx_word' id='word_1_401' title='bbox 1511 3366 1592 3415; x_wconf 91' lang='lat' dir='ltr'>cum</span> <span class='ocrx_word' id='word_1_402' title='bbox 1611 3343 1728 3443; x_wconf 83' lang='lat' dir='ltr'>iuquit</span> <span class='ocrx_word' id='word_1_403' title='bbox 1738 3345 1909 3422; x_wconf 68' lang='lat' dir='ltr'>Matthaei</span> <span class='ocrx_word' id='word_1_404' title='bbox 1926 3351 2006 3429; x_wconf 58' lang='lat'>24:</span> <span class='ocrx_word' id='word_1_405' title='bbox 2031 3354 2122 3429; x_wconf 79' lang='lat' dir='ltr'>lire·</span> 
     </span>
     <span class='ocr_line' id='line_1_32' title="bbox 198 3437 2058 3545; baseline 0.001 -16"><span class='ocrx_word' id='word_1_406' title='bbox 198 3454 340 3529; x_wconf 85' lang='lat' dir='ltr'>Tertia:</span> <span class='ocrx_word' id='word_1_407' title='bbox 367 3451 469 3542; x_wconf 88' lang='lat' dir='ltr'>Quae</span> <span class='ocrx_word' id='word_1_408' title='bbox 493 3452 540 3523; x_wconf 91' lang='lat' dir='ltr'>sit</span> <span class='ocrx_word' id='word_1_409' title='bbox 558 3449 730 3521; x_wconf 88' lang='lat' dir='ltr'>autoritas</span> <span class='ocrx_word' id='word_1_410' title='bbox 752 3448 791 3517; x_wconf 91' lang='lat' dir='ltr'>in</span> <span class='ocrx_word' id='word_1_411' title='bbox 811 3446 1024 3540; x_wconf 85' lang='lat' dir='ltr'>iudicando,</span> <span class='ocrx_word' id='word_1_412' title='bbox 1050 3458 1085 3518; x_wconf 89' lang='lat' dir='ltr'>et</span> <span class='ocrx_word' id='word_1_413' title='bbox 1138 3444 1332 3515; x_wconf 84' lang='lat' dir='ltr'>viabuntur</span> <span class='ocrx_word' id='word_1_414' title='bbox 1348 3437 1385 3514; x_wconf 91' lang='lat' dir='ltr'>hi</span> <span class='ocrx_word' id='word_1_415' title='bbox 1400 3444 1476 3515; x_wconf 84' lang='lat' dir='ltr'>dies</span> <span class='ocrx_word' id='word_1_416' title='bbox 1497 3459 1642 3539; x_wconf 90' lang='lat' dir='ltr'>propter</span> <span class='ocrx_word' id='word_1_417' title='bbox 1664 3448 1806 3529; x_wconf 81' lang='lat' dir='ltr'>electos,</span> <span class='ocrx_word' id='word_1_418' title='bbox 1859 3450 1964 3545; x_wconf 90' lang='lat' dir='ltr'>ltem,</span> <span class='ocrx_word' id='word_1_419' title='bbox 1984 3480 2058 3529; x_wconf 75' lang='lat' dir='ltr'>usu</span> 
     </span>
     <span class='ocr_line' id='line_1_33' title="bbox 92 3480 2124 3654; baseline 0.005 -27"><span class='ocrx_word' id='word_1_420' title='bbox 92 3561 133 3631; x_wconf 83' lang='lat' dir='ltr'>in</span> <span class='ocrx_word' id='word_1_421' title='bbox 157 3557 459 3654; x_wconf 89' lang='lat' dir='ltr'>interpretatione.</span> <span class='ocrx_word' id='word_1_422' title='bbox 1138 3567 1242 3617; x_wconf 86' lang='lat' dir='ltr'>verus</span> <span class='ocrx_word' id='word_1_423' title='bbox 1259 3559 1311 3617; x_wconf 87' lang='lat' dir='ltr'>est</span> <span class='ocrx_word' id='word_1_424' title='bbox 1328 3544 1497 3619; x_wconf 89' lang='lat' dir='ltr'>articulus</span> <span class='ocrx_word' id='word_1_425' title='bbox 1520 3548 1621 3619; x_wconf 80' lang='lat' dir='ltr'>idei:</span> <span class='ocrx_word' id='word_1_426' title='bbox 1655 3546 1772 3625; x_wconf 87' lang='lat' dir='ltr'>Credo</span> <span class='ocrx_word' id='word_1_427' title='bbox 1788 3578 1863 3629; x_wconf 88' lang='lat' dir='ltr'>esse</span> <span class='ocrx_word' id='word_1_428' title='bbox 1879 3572 2035 3634; x_wconf 86' lang='lat' dir='ltr'>sanctam</span> <span class='ocrx_word' id='word_1_429' title='bbox 2052 3480 2124 3637; x_wconf 45' lang='lat' dir='ltr'>E}</span> 
     </span>
     <span class='ocr_line' id='line_1_34' title="bbox 1137 3640 2121 3747; baseline 0.019 -29"><span class='ocrx_word' id='word_1_430' title='bbox 1137 3648 1279 3719; x_wconf 82' lang='lat' dir='ltr'>alesiam</span> <span class='ocrx_word' id='word_1_431' title='bbox 1301 3640 1523 3726; x_wconf 83' lang='lat' dir='ltr'>catirolicam.</span> <span class='ocrx_word' id='word_1_432' title='bbox 1583 3648 1690 3724; x_wconf 83' lang='lat' dir='ltr'>hem:</span> <span class='ocrx_word' id='word_1_433' title='bbox 1728 3650 1808 3747; x_wconf 64' lang='lat' dir='ltr'>Ego</span> <span class='ocrx_word' id='word_1_434' title='bbox 1829 3660 2014 3733; x_wconf 81' lang='lat' dir='ltr'>vobiscum</span> <span class='ocrx_word' id='word_1_435' title='bbox 2042 3686 2121 3737; x_wconf 88' lang='lat' dir='ltr'>sum</span> 
     </span>
     <span class='ocr_line' id='line_1_35' title="bbox 1137 3750 2124 3851; baseline 0.019 -30"><span class='ocrx_word' id='word_1_436' title='bbox 1137 3773 1249 3844; x_wconf 84' lang='lat' dir='ltr'>usque</span> <span class='ocrx_word' id='word_1_437' title='bbox 1268 3750 1314 3823; x_wconf 82' lang='lat' dir='ltr'>ed</span> <span class='ocrx_word' id='word_1_438' title='bbox 1334 3752 1675 3825; x_wconf 86' lang='lat' dir='ltr'>cosssummatiouem</span> <span class='ocrx_word' id='word_1_439' title='bbox 1689 3758 1810 3833; x_wconf 82' lang='lat' dir='ltr'>seculi.</span> <span class='ocrx_word' id='word_1_440' title='bbox 1863 3756 1973 3851; x_wconf 80' lang='lat' dir='ltr'>item,</span> <span class='ocrx_word' id='word_1_441' title='bbox 1998 3762 2124 3841; x_wconf 81' lang='lat' dir='ltr'>Esaias</span> 
     </span>
     <span class='ocr_line' id='line_1_36' title="bbox 1136 3848 2123 3948; baseline 0.018 -23"><span class='ocrx_word' id='word_1_442' title='bbox 1136 3848 1218 3928; x_wconf 71' lang='lat' dir='ltr'>aa:</span> <span class='ocrx_word' id='word_1_443' title='bbox 1244 3848 1324 3923; x_wconf 86' lang='lat' dir='ltr'>lloc</span> <span class='ocrx_word' id='word_1_444' title='bbox 1344 3862 1396 3923; x_wconf 90' lang='lat' dir='ltr'>est</span> <span class='ocrx_word' id='word_1_445' title='bbox 1411 3852 1537 3925; x_wconf 78' lang='lat' dir='ltr'>foedus</span> <span class='ocrx_word' id='word_1_446' title='bbox 1558 3876 1676 3929; x_wconf 88' lang='lat' dir='ltr'>meum</span> <span class='ocrx_word' id='word_1_447' title='bbox 1694 3860 1861 3948; x_wconf 87' lang='lat' dir='ltr'>cumeis,</span> <span class='ocrx_word' id='word_1_448' title='bbox 1884 3864 1972 3937; x_wconf 89' lang='lat' dir='ltr'>dicit</span> <span class='ocrx_word' id='word_1_449' title='bbox 1994 3868 2123 3941; x_wconf 79' lang='lat' dir='ltr'>Dumi-</span> 
     </span>
     <span class='ocr_line' id='line_1_37' title="bbox 1138 3951 2124 4063; baseline 0.021 -38"><span class='ocrx_word' id='word_1_450' title='bbox 1138 3976 1223 4042; x_wconf 88' lang='lat' dir='ltr'>nus,</span> <span class='ocrx_word' id='word_1_451' title='bbox 1252 3951 1399 4045; x_wconf 84' lang='lat' dir='ltr'>rpiritus</span> <span class='ocrx_word' id='word_1_452' title='bbox 1422 3976 1521 4025; x_wconf 88' lang='lat' dir='ltr'>meus</span> <span class='ocrx_word' id='word_1_453' title='bbox 1545 3956 1609 4051; x_wconf 83' lang='lat' dir='ltr'>qui</span> <span class='ocrx_word' id='word_1_454' title='bbox 1631 3970 1684 4029; x_wconf 88' lang='lat' dir='ltr'>est</span> <span class='ocrx_word' id='word_1_455' title='bbox 1708 3960 1748 4033; x_wconf 91' lang='lat' dir='ltr'>in</span> <span class='ocrx_word' id='word_1_456' title='bbox 1770 3974 1824 4051; x_wconf 91' lang='lat' dir='ltr'>te,</span> <span class='ocrx_word' id='word_1_457' title='bbox 1856 3978 1891 4037; x_wconf 90' lang='lat' dir='ltr'>et</span> <span class='ocrx_word' id='word_1_458' title='bbox 1911 3966 2018 4039; x_wconf 84' lang='lat' dir='ltr'>recha</span> <span class='ocrx_word' id='word_1_459' title='bbox 2033 3992 2124 4063; x_wconf 84' lang='lat' dir='ltr'>mes,</span> 
     </span>
     <span class='ocr_line' id='line_1_38' title="bbox 1138 4053 2122 4153; baseline 0.023 -27"><span class='ocrx_word' id='word_1_460' title='bbox 1138 4080 1227 4153; x_wconf 86' lang='lat' dir='ltr'>quae</span> <span class='ocrx_word' id='word_1_461' title='bbox 1243 4053 1346 4149; x_wconf 88' lang='lat' dir='ltr'>posui</span> <span class='ocrx_word' id='word_1_462' title='bbox 1363 4054 1400 4125; x_wconf 90' lang='lat' dir='ltr'>in</span> <span class='ocrx_word' id='word_1_463' title='bbox 1416 4078 1477 4127; x_wconf 92' lang='lat' dir='ltr'>ore</span> <span class='ocrx_word' id='word_1_464' title='bbox 1490 4070 1571 4145; x_wconf 83' lang='lat' dir='ltr'>tero,</span> <span class='ocrx_word' id='word_1_465' title='bbox 1595 4081 1671 4133; x_wconf 89' lang='lat' dir='ltr'>non</span> <span class='ocrx_word' id='word_1_466' title='bbox 1688 4066 1853 4138; x_wconf 85' lang='lat' dir='ltr'>recedent</span> <span class='ocrx_word' id='word_1_467' title='bbox 1869 4068 1917 4139; x_wconf 89' lang='lat' dir='ltr'>ab</span> <span class='ocrx_word' id='word_1_468' title='bbox 1930 4092 1995 4145; x_wconf 87' lang='lat' dir='ltr'>ore</span> <span class='ocrx_word' id='word_1_469' title='bbox 2010 4084 2074 4145; x_wconf 92' lang='lat' dir='ltr'>tuo</span> <span class='ocrx_word' id='word_1_470' title='bbox 2087 4088 2122 4149; x_wconf 91' lang='lat' dir='ltr'>et</span> 
     </span>
     <span class='ocr_line' id='line_1_39' title="bbox 1136 4156 2125 4267; baseline 0.021 -36"><span class='ocrx_word' id='word_1_471' title='bbox 1136 4160 1184 4231; x_wconf 86' lang='lat' dir='ltr'>ab</span> <span class='ocrx_word' id='word_1_472' title='bbox 1203 4182 1266 4231; x_wconf 92' lang='lat' dir='ltr'>ore</span> <span class='ocrx_word' id='word_1_473' title='bbox 1287 4156 1436 4231; x_wconf 73' lang='lat' dir='ltr'>uminis</span> <span class='ocrx_word' id='word_1_474' title='bbox 1457 4160 1530 4243; x_wconf 86' lang='lat' dir='ltr'>tui,</span> <span class='ocrx_word' id='word_1_475' title='bbox 1562 4160 1728 4257; x_wconf 80' lang='lat' dir='ltr'>deinceps</span> <span class='ocrx_word' id='word_1_476' title='bbox 1743 4180 1779 4239; x_wconf 87' lang='lat' dir='ltr'>et</span> <span class='ocrx_word' id='word_1_477' title='bbox 1796 4168 1834 4241; x_wconf 90' lang='lat' dir='ltr'>in</span> <span class='ocrx_word' id='word_1_478' title='bbox 1856 4172 2125 4267; x_wconf 77' lang='lat' dir='ltr'>sempiternum.</span> 
     </span>
     <span class='ocr_line' id='line_1_40' title="bbox 196 4256 2122 4363; baseline 0.002 -18"><span class='ocrx_word' id='word_1_479' title='bbox 196 4269 429 4363; x_wconf 79' lang='lat' dir='ltr'>Respondeat</span> <span class='ocrx_word' id='word_1_480' title='bbox 453 4261 531 4335; x_wconf 82' lang='lat' dir='ltr'>Hae</span> <span class='ocrx_word' id='word_1_481' title='bbox 547 4256 828 4353; x_wconf 82' lang='lat' dir='ltr'>propositiones,</span> <span class='ocrx_word' id='word_1_482' title='bbox 853 4258 1012 4333; x_wconf 81' lang='lat' dir='ltr'>Ecclesia</span> <span class='ocrx_word' id='word_1_483' title='bbox 1027 4282 1084 4333; x_wconf 91' lang='lat' dir='ltr'>er·</span> <span class='ocrx_word' id='word_1_484' title='bbox 1138 4256 1267 4335; x_wconf 84' lang='lat' dir='ltr'>Mattb.</span> <span class='ocrx_word' id='word_1_485' title='bbox 1284 4258 1363 4335; x_wconf 75' lang='lat' dir='ltr'>2t.:</span> <span class='ocrx_word' id='word_1_486' title='bbox 1389 4257 1433 4333; x_wconf 91' lang='lat' dir='ltr'>lo</span> <span class='ocrx_word' id='word_1_487' title='bbox 1448 4262 1606 4337; x_wconf 83' lang='lat' dir='ltr'>adventu</span> <span class='ocrx_word' id='word_1_488' title='bbox 1620 4264 1685 4335; x_wconf 80' lang='lat' dir='ltr'>atti</span> <span class='ocrx_word' id='word_1_489' title='bbox 1705 4260 1863 4343; x_wconf 87' lang='lat' dir='ltr'>bominis</span> <span class='ocrx_word' id='word_1_490' title='bbox 1875 4274 1950 4347; x_wconf 86' lang='lat' dir='ltr'>duo</span> <span class='ocrx_word' id='word_1_491' title='bbox 1963 4292 2070 4355; x_wconf 84' lang='lat' dir='ltr'>erunt</span> <span class='ocrx_word' id='word_1_492' title='bbox 2083 4278 2122 4355; x_wconf 86' lang='lat' dir='ltr'>ira</span> 
     </span>
     <span class='ocr_line' id='line_1_41' title="bbox 95 4362 1961 4469; baseline 0.002 -25"><span class='ocrx_word' id='word_1_493' title='bbox 95 4390 172 4459; x_wconf 75' lang='lat' dir='ltr'>nt,</span> <span class='ocrx_word' id='word_1_494' title='bbox 197 4375 283 4445; x_wconf 90' lang='lat' dir='ltr'>item</span> <span class='ocrx_word' id='word_1_495' title='bbox 309 4366 468 4443; x_wconf 82' lang='lat' dir='ltr'>Ecclesia</span> <span class='ocrx_word' id='word_1_496' title='bbox 492 4376 547 4437; x_wconf 87' lang='lat' dir='ltr'>est</span> <span class='ocrx_word' id='word_1_497' title='bbox 567 4362 733 4433; x_wconf 87' lang='lat' dir='ltr'>columna</span> <span class='ocrx_word' id='word_1_498' title='bbox 748 4373 782 4432; x_wconf 86' lang='lat' dir='ltr'>et</span> <span class='ocrx_word' id='word_1_499' title='bbox 797 4362 897 4433; x_wconf 89' lang='lat' dir='ltr'>sedes</span> <span class='ocrx_word' id='word_1_500' title='bbox 914 4362 1086 4449; x_wconf 83' lang='lat' dir='ltr'>veritatis,</span> <span class='ocrx_word' id='word_1_501' title='bbox 1136 4387 1240 4456; x_wconf 68' lang='lat' dir='ltr'>apro,</span> <span class='ocrx_word' id='word_1_502' title='bbox 1264 4384 1357 4435; x_wconf 89' lang='lat' dir='ltr'>uuus</span> <span class='ocrx_word' id='word_1_503' title='bbox 1377 4378 1592 4454; x_wconf 84' lang='lat' dir='ltr'>assumetur,</span> <span class='ocrx_word' id='word_1_504' title='bbox 1616 4364 1707 4441; x_wconf 87' lang='lat' dir='ltr'>alter</span> <span class='ocrx_word' id='word_1_505' title='bbox 1727 4372 1961 4469; x_wconf 78' lang='lat' dir='ltr'>relinquetur.</span> 
     </span>
     <span class='ocr_line' id='line_1_42' title="bbox 96 4460 2122 4570; baseline 0.007 -26"><span class='ocrx_word' id='word_1_506' title='bbox 96 4491 183 4553; x_wconf 64' lang='lat' dir='ltr'>eunt</span> <span class='ocrx_word' id='word_1_507' title='bbox 197 4467 460 4570; x_wconf 83' lang='lat' dir='ltr'>synecdochae,</span> <span class='ocrx_word' id='word_1_508' title='bbox 492 4480 529 4539; x_wconf 90' lang='lat' dir='ltr'>et</span> <span class='ocrx_word' id='word_1_509' title='bbox 551 4463 620 4535; x_wconf 85' lang='lat' dir='ltr'>atie</span> <span class='ocrx_word' id='word_1_510' title='bbox 637 4466 682 4535; x_wconf 88' lang='lat' dir='ltr'>de</span> <span class='ocrx_word' id='word_1_511' title='bbox 704 4461 785 4533; x_wconf 88' lang='lat' dir='ltr'>aliis</span> <span class='ocrx_word' id='word_1_512' title='bbox 800 4463 1084 4555; x_wconf 66' lang='lat' dir='ltr'>congregationi·</span> <span class='ocrx_word' id='word_1_513' title='bbox 1239 4460 1317 4539; x_wconf 89' lang='lat' dir='ltr'>Etsi</span> <span class='ocrx_word' id='word_1_514' title='bbox 1333 4478 1451 4537; x_wconf 89' lang='lat' dir='ltr'>sutem</span> <span class='ocrx_word' id='word_1_515' title='bbox 1466 4480 1501 4539; x_wconf 89' lang='lat' dir='ltr'>et</span> <span class='ocrx_word' id='word_1_516' title='bbox 1517 4462 1605 4541; x_wconf 82' lang='lat' dir='ltr'>haec</span> <span class='ocrx_word' id='word_1_517' title='bbox 1616 4490 1702 4543; x_wconf 85' lang='lat' dir='ltr'>rere</span> <span class='ocrx_word' id='word_1_518' title='bbox 1714 4466 1872 4547; x_wconf 81' lang='lat' dir='ltr'>Ecclesia</span> <span class='ocrx_word' id='word_1_519' title='bbox 1888 4480 1962 4551; x_wconf 86' lang='lat' dir='ltr'>edit</span> <span class='ocrx_word' id='word_1_520' title='bbox 1982 4482 2122 4559; x_wconf 77' lang='lat' dir='ltr'>rautn-</span> 
     </span>
     <span class='ocr_line' id='line_1_43' title="bbox 96 4565 2121 4666; baseline 0.005 -15"><span class='ocrx_word' id='word_1_521' title='bbox 96 4586 168 4656; x_wconf 85' lang='lat' dir='ltr'>bus</span> <span class='ocrx_word' id='word_1_522' title='bbox 186 4577 419 4666; x_wconf 78' lang='lat' dir='ltr'>intelligitur,</span> <span class='ocrx_word' id='word_1_523' title='bbox 440 4582 477 4643; x_wconf 89' lang='lat' dir='ltr'>et</span> <span class='ocrx_word' id='word_1_524' title='bbox 491 4570 690 4662; x_wconf 83' lang='lat' dir='ltr'>loquuntur</span> <span class='ocrx_word' id='word_1_525' title='bbox 710 4566 757 4637; x_wconf 87' lang='lat' dir='ltr'>de</span> <span class='ocrx_word' id='word_1_526' title='bbox 774 4565 923 4637; x_wconf 87' lang='lat' dir='ltr'>diversis</span> <span class='ocrx_word' id='word_1_527' title='bbox 944 4565 1084 4657; x_wconf 71' lang='lat' dir='ltr'>perreri-</span> <span class='ocrx_word' id='word_1_528' title='bbox 1137 4566 1295 4655; x_wconf 88' lang='lat' dir='ltr'>sionem,</span> <span class='ocrx_word' id='word_1_529' title='bbox 1319 4568 1508 4641; x_wconf 75' lang='lat' dir='ltr'>exauditur</span> <span class='ocrx_word' id='word_1_530' title='bbox 1520 4584 1554 4643; x_wconf 90' lang='lat' dir='ltr'>et</span> <span class='ocrx_word' id='word_1_531' title='bbox 1569 4572 1805 4665; x_wconf 84' lang='lat' dir='ltr'>conspicitur,</span> <span class='ocrx_word' id='word_1_532' title='bbox 1830 4590 1947 4651; x_wconf 85' lang='lat' dir='ltr'>tamen</span> <span class='ocrx_word' id='word_1_533' title='bbox 1965 4606 2043 4653; x_wconf 86' lang='lat' dir='ltr'>earn</span> <span class='ocrx_word' id='word_1_534' title='bbox 2058 4586 2121 4662; x_wconf 86' lang='lat' dir='ltr'>illa</span> 
     </span>
     <span class='ocr_line' id='line_1_44' title="bbox 95 4668 2123 4771; baseline 0.009 -38"><span class='ocrx_word' id='word_1_535' title='bbox 95 4688 166 4759; x_wconf 68' lang='lat' dir='ltr'>bu,</span> <span class='ocrx_word' id='word_1_536' title='bbox 187 4704 361 4752; x_wconf 64' lang='lat' dir='ltr'>mmm,</span> <span class='ocrx_word' id='word_1_537' title='bbox 1136 4668 1356 4742; x_wconf 76' lang='lat' dir='ltr'>dominatrix</span> <span class='ocrx_word' id='word_1_538' title='bbox 1374 4668 1560 4767; x_wconf 64' lang='lat' dir='ltr'>synagoga</span> <span class='ocrx_word' id='word_1_539' title='bbox 1587 4674 1693 4765; x_wconf 69' lang='lat' dir='ltr'>longe</span> <span class='ocrx_word' id='word_1_540' title='bbox 1720 4693 1862 4771; x_wconf 81' lang='lat' dir='ltr'>serperet</span> <span class='ocrx_word' id='word_1_541' title='bbox 1892 4684 2123 4763; x_wconf 64' lang='lat' dir='ltr'>multitudine</span> 
     </span>
     <span class='ocr_line' id='line_1_45' title="bbox 201 4768 2122 4881; baseline 0.006 -29"><span class='ocrx_word' id='word_1_542' title='bbox 201 4783 314 4875; x_wconf 85' lang='lat' dir='ltr'>Saepe</span> <span class='ocrx_word' id='word_1_543' title='bbox 338 4792 390 4849; x_wconf 89' lang='lat' dir='ltr'>est</span> <span class='ocrx_word' id='word_1_544' title='bbox 411 4795 539 4866; x_wconf 76' lang='lat' dir='ltr'>magna</span> <span class='ocrx_word' id='word_1_545' title='bbox 566 4768 778 4855; x_wconf 83' lang='lat' dir='ltr'>multitudo,</span> <span class='ocrx_word' id='word_1_546' title='bbox 818 4792 910 4867; x_wconf 82' lang='lat' dir='ltr'>quae</span> <span class='ocrx_word' id='word_1_547' title='bbox 939 4770 1083 4843; x_wconf 89' lang='lat' dir='ltr'>titulum</span> <span class='ocrx_word' id='word_1_548' title='bbox 1136 4784 1171 4843; x_wconf 89' lang='lat' dir='ltr'>et</span> <span class='ocrx_word' id='word_1_549' title='bbox 1184 4771 1391 4865; x_wconf 86' lang='lat' dir='ltr'>splendore,</span> <span class='ocrx_word' id='word_1_550' title='bbox 1422 4780 1973 4871; x_wconf 76' lang='lat' dir='ltr'>urumporepantontrctntut</span> <span class='ocrx_word' id='word_1_551' title='bbox 1995 4810 2122 4881; x_wconf 69' lang='lat' dir='ltr'>rnapua</span> 
     </span>
     <span class='ocr_line' id='line_1_46' title="bbox 97 4868 2122 4979; baseline 0.001 -22"><span class='ocrx_word' id='word_1_552' title='bbox 97 4887 209 4963; x_wconf 83' lang='lat' dir='ltr'>habet</span> <span class='ocrx_word' id='word_1_553' title='bbox 230 4882 427 4961; x_wconf 84' lang='lat' dir='ltr'>Ecclesiae,</span> <span class='ocrx_word' id='word_1_554' title='bbox 450 4900 541 4971; x_wconf 86' lang='lat' dir='ltr'>quae</span> <span class='ocrx_word' id='word_1_555' title='bbox 556 4888 674 4947; x_wconf 75' lang='lat' dir='ltr'>uesieu</span> <span class='ocrx_word' id='word_1_556' title='bbox 692 4896 767 4943; x_wconf 89' lang='lat' dir='ltr'>uun</span> <span class='ocrx_word' id='word_1_557' title='bbox 781 4887 833 4946; x_wconf 92' lang='lat' dir='ltr'>est</span> <span class='ocrx_word' id='word_1_558' title='bbox 858 4897 939 4946; x_wconf 83' lang='lat' dir='ltr'>sera</span> <span class='ocrx_word' id='word_1_559' title='bbox 961 4868 1084 4947; x_wconf 62' lang='lat' dir='ltr'>Ereto</span> <span class='ocrx_word' id='word_1_560' title='bbox 1109 4924 1112 4941; x_wconf 91' lang='lat'><em>.</em></span> <span class='ocrx_word' id='word_1_561' title='bbox 1137 4888 1213 4945; x_wconf 82' lang='lat' dir='ltr'>erat</span> <span class='ocrx_word' id='word_1_562' title='bbox 1228 4872 1396 4967; x_wconf 81' lang='lat' dir='ltr'>paucitas.</span> <span class='ocrx_word' id='word_1_563' title='bbox 1435 4872 1486 4949; x_wconf 86' lang='lat' dir='ltr'>Et</span> <span class='ocrx_word' id='word_1_564' title='bbox 1502 4872 1625 4950; x_wconf 86' lang='lat' dir='ltr'>Esaias</span> <span class='ocrx_word' id='word_1_565' title='bbox 1638 4878 1758 4979; x_wconf 82' lang='lat' dir='ltr'>iuquit</span> <span class='ocrx_word' id='word_1_566' title='bbox 1775 4910 1851 4979; x_wconf 74' lang='lat' dir='ltr'>rep,</span> <span class='ocrx_word' id='word_1_567' title='bbox 1872 4891 1922 4959; x_wconf 67' lang='lat'>10:</span> <span class='ocrx_word' id='word_1_568' title='bbox 1948 4886 2025 4961; x_wconf 78' lang='lat' dir='ltr'>Nisi</span> <span class='ocrx_word' id='word_1_569' title='bbox 2046 4888 2122 4969; x_wconf 78' lang='lat' dir='ltr'>Da.</span> 
     </span>
     <span class='ocr_line' id='line_1_47' title="bbox 101 4970 2124 5079; baseline 0.004 -20"><span class='ocrx_word' id='word_1_570' title='bbox 101 4994 171 5079; x_wconf 72' lang='lat' dir='ltr'>ria,</span> <span class='ocrx_word' id='word_1_571' title='bbox 200 4991 260 5060; x_wconf 87' lang='lat' dir='ltr'>sed</span> <span class='ocrx_word' id='word_1_572' title='bbox 275 4970 396 5057; x_wconf 81' lang='lat' dir='ltr'>coetus</span> <span class='ocrx_word' id='word_1_573' title='bbox 411 4977 550 5051; x_wconf 85' lang='lat' dir='ltr'>hostilis</span> <span class='ocrx_word' id='word_1_574' title='bbox 564 4973 697 5047; x_wconf 87' lang='lat' dir='ltr'>bellum</span> <span class='ocrx_word' id='word_1_575' title='bbox 711 4996 836 5063; x_wconf 65' lang='lat' dir='ltr'>gerens</span> <span class='ocrx_word' id='word_1_576' title='bbox 850 5000 931 5047; x_wconf 88' lang='lat' dir='ltr'>euru</span> <span class='ocrx_word' id='word_1_577' title='bbox 954 4974 1086 5051; x_wconf 80' lang='lat' dir='ltr'>eiectis.</span> <span class='ocrx_word' id='word_1_578' title='bbox 1138 4978 1256 5047; x_wconf 84' lang='lat' dir='ltr'>ruisrus</span> <span class='ocrx_word' id='word_1_579' title='bbox 1270 4974 1469 5073; x_wconf 81' lang='lat' dir='ltr'>reliquisset</span> <span class='ocrx_word' id='word_1_580' title='bbox 1484 4980 1589 5052; x_wconf 87' lang='lat' dir='ltr'>uobis</span> <span class='ocrx_word' id='word_1_581' title='bbox 1603 5004 1736 5061; x_wconf 80' lang='lat' dir='ltr'>semera.</span> <span class='ocrx_word' id='word_1_582' title='bbox 1786 4984 1831 5061; x_wconf 88' lang='lat' dir='ltr'>Et</span> <span class='ocrx_word' id='word_1_583' title='bbox 1848 4984 1906 5059; x_wconf 90' lang='lat' dir='ltr'>hie</span> <span class='ocrx_word' id='word_1_584' title='bbox 1920 4990 2124 5069; x_wconf 79' lang='lat' dir='ltr'>corasiderr·</span> 
     </span>
     <span class='ocr_line' id='line_1_48' title="bbox 100 5070 2120 5175; baseline 0.001 -9"><span class='ocrx_word' id='word_1_585' title='bbox 100 5096 203 5171; x_wconf 86' lang='lat' dir='ltr'>Sicut</span> <span class='ocrx_word' id='word_1_586' title='bbox 243 5102 345 5161; x_wconf 89' lang='lat' dir='ltr'>eraut</span> <span class='ocrx_word' id='word_1_587' title='bbox 377 5081 586 5159; x_wconf 73' lang='lat' dir='ltr'>Pontiam,</span> <span class='ocrx_word' id='word_1_588' title='bbox 630 5070 829 5163; x_wconf 76' lang='lat' dir='ltr'>Pharisaei,</span> <span class='ocrx_word' id='word_1_589' title='bbox 870 5076 1086 5163; x_wconf 75' lang='lat' dir='ltr'>saddueaei,</span> <span class='ocrx_word' id='word_1_590' title='bbox 1137 5092 1197 5151; x_wconf 91' lang='lat' dir='ltr'>tur</span> <span class='ocrx_word' id='word_1_591' title='bbox 1216 5078 1387 5151; x_wconf 78' lang='lat' dir='ltr'>immam</span> <span class='ocrx_word' id='word_1_592' title='bbox 1407 5080 1647 5157; x_wconf 84' lang='lat' dir='ltr'>bouitasDci:</span> <span class='ocrx_word' id='word_1_593' title='bbox 1670 5088 1761 5159; x_wconf 89' lang='lat' dir='ltr'>sicut</span> <span class='ocrx_word' id='word_1_594' title='bbox 1780 5088 1877 5159; x_wconf 85' lang='lat' dir='ltr'>euim</span> <span class='ocrx_word' id='word_1_595' title='bbox 1892 5090 1931 5161; x_wconf 88' lang='lat' dir='ltr'>iu</span> <span class='ocrx_word' id='word_1_596' title='bbox 1949 5090 2120 5175; x_wconf 69' lang='lat' dir='ltr'>Passalae</span> 
     </span>
     <span class='ocr_line' id='line_1_49' title="bbox 100 5176 2122 5291; baseline 0.006 -31"><span class='ocrx_word' id='word_1_597' title='bbox 100 5214 262 5291; x_wconf 63' lang='lat' dir='ltr'>tempere</span> <span class='ocrx_word' id='word_1_598' title='bbox 276 5184 479 5261; x_wconf 82' lang='lat' dir='ltr'>Zachariae.</span> <span class='ocrx_word' id='word_1_599' title='bbox 523 5178 571 5253; x_wconf 89' lang='lat' dir='ltr'>lli</span> <span class='ocrx_word' id='word_1_600' title='bbox 589 5202 653 5249; x_wconf 84' lang='lat' dir='ltr'>uer</span> <span class='ocrx_word' id='word_1_601' title='bbox 666 5176 937 5251; x_wconf 82' lang='lat' dir='ltr'>{undamentum</span> <span class='ocrx_word' id='word_1_602' title='bbox 954 5178 1086 5250; x_wconf 63' lang='lat' dir='ltr'>rastris„</span> <span class='ocrx_word' id='word_1_603' title='bbox 1136 5180 1303 5253; x_wconf 84' lang='lat' dir='ltr'>diabolus</span> <span class='ocrx_word' id='word_1_604' title='bbox 1319 5194 1435 5253; x_wconf 87' lang='lat' dir='ltr'>totum</span> <span class='ocrx_word' id='word_1_605' title='bbox 1453 5204 1566 5279; x_wconf 66' lang='lat' dir='ltr'>genus</span> <span class='ocrx_word' id='word_1_606' title='bbox 1588 5180 1785 5261; x_wconf 83' lang='lat' dir='ltr'>humanum</span> <span class='ocrx_word' id='word_1_607' title='bbox 1805 5192 1953 5283; x_wconf 79' lang='lat' dir='ltr'>perdere</span> <span class='ocrx_word' id='word_1_608' title='bbox 1972 5216 2122 5279; x_wconf 75' lang='lat' dir='ltr'>cuuetru</span> 
     </span>
     <span class='ocr_line' id='line_1_50' title="bbox 98 5274 2123 5391; baseline 0.003 -31"><span class='ocrx_word' id='word_1_609' title='bbox 98 5305 214 5383; x_wconf 65' lang='lat' dir='ltr'>mr,</span> <span class='ocrx_word' id='word_1_610' title='bbox 251 5294 348 5389; x_wconf 79' lang='lat' dir='ltr'>qnod</span> <span class='ocrx_word' id='word_1_611' title='bbox 374 5292 422 5361; x_wconf 86' lang='lat' dir='ltr'>ita</span> <span class='ocrx_word' id='word_1_612' title='bbox 447 5282 610 5357; x_wconf 67' lang='lat' dir='ltr'>nmina</span> <span class='ocrx_word' id='word_1_613' title='bbox 633 5278 765 5353; x_wconf 75' lang='lat' dir='ltr'>l&#39;asdus</span> <span class='ocrx_word' id='word_1_614' title='bbox 791 5282 826 5359; x_wconf 83' lang='lat'>1.</span> <span class='ocrx_word' id='word_1_615' title='bbox 846 5274 1009 5358; x_wconf 66' lang='lat' dir='ltr'>(iteritatis,</span> <span class='ocrx_word' id='word_1_616' title='bbox 1032 5284 1086 5359; x_wconf 77' lang='lat' dir='ltr'>as</span> <span class='ocrx_word' id='word_1_617' title='bbox 1137 5296 1212 5365; x_wconf 78' lang='lat' dir='ltr'>cst,</span> <span class='ocrx_word' id='word_1_618' title='bbox 1249 5282 1299 5355; x_wconf 87' lang='lat' dir='ltr'>ita</span> <span class='ocrx_word' id='word_1_619' title='bbox 1332 5296 1503 5381; x_wconf 74' lang='lat' dir='ltr'>perpetras</span> <span class='ocrx_word' id='word_1_620' title='bbox 1529 5302 1707 5379; x_wconf 65' lang='lat' dir='ltr'>crassam</span> <span class='ocrx_word' id='word_1_621' title='bbox 1729 5304 1765 5363; x_wconf 88' lang='lat' dir='ltr'>ct</span> <span class='ocrx_word' id='word_1_622' title='bbox 1789 5292 1910 5383; x_wconf 75' lang='lat' dir='ltr'>perdit</span> <span class='ocrx_word' id='word_1_623' title='bbox 1936 5296 2123 5391; x_wconf 61' lang='lat' dir='ltr'>placatam</span> 
     </span>
     <span class='ocr_line' id='line_1_51' title="bbox 98 5382 2121 5485; baseline 0 -8"><span class='ocrx_word' id='word_1_624' title='bbox 98 5402 390 5477; x_wconf 74' lang='lat' dir='ltr'>Fundamentum</span> <span class='ocrx_word' id='word_1_625' title='bbox 406 5392 503 5461; x_wconf 82' lang='lat' dir='ltr'>aliud</span> <span class='ocrx_word' id='word_1_626' title='bbox 521 5384 607 5479; x_wconf 85' lang='lat' dir='ltr'>porri</span> <span class='ocrx_word' id='word_1_627' title='bbox 624 5406 697 5455; x_wconf 84' lang='lat' dir='ltr'>rsuu</span> <span class='ocrx_word' id='word_1_628' title='bbox 713 5394 847 5485; x_wconf 84' lang='lat' dir='ltr'>potest,</span> <span class='ocrx_word' id='word_1_629' title='bbox 876 5394 1014 5481; x_wconf 75' lang='lat' dir='ltr'>praeter</span> <span class='ocrx_word' id='word_1_630' title='bbox 1034 5382 1087 5473; x_wconf 86' lang='lat' dir='ltr'>ld,</span> <span class='ocrx_word' id='word_1_631' title='bbox 1137 5384 1209 5459; x_wconf 73' lang='lat' dir='ltr'>ded</span> <span class='ocrx_word' id='word_1_632' title='bbox 1221 5387 1521 5483; x_wconf 57' lang='lat' dir='ltr'>mombis</span> <span class='ocrx_word' id='word_1_633' title='bbox 1533 5414 1617 5463; x_wconf 81' lang='lat' dir='ltr'>curu</span> <span class='ocrx_word' id='word_1_634' title='bbox 1630 5388 1827 5485; x_wconf 66' lang='lat' dir='ltr'>stimma,</span> <span class='ocrx_word' id='word_1_635' title='bbox 1852 5420 1899 5471; x_wconf 78' lang='lat' dir='ltr'>ae</span> <span class='ocrx_word' id='word_1_636' title='bbox 1913 5400 2121 5483; x_wconf 60' lang='lat' dir='ltr'>wunsa-</span> 
     </span>
     <span class='ocr_line' id='line_1_52' title="bbox 150 5480 1295 5575; baseline -0.002 -1"><span class='ocrx_word' id='word_1_637' title='bbox 150 5499 466 5575; x_wconf 68' lang='lat' dir='ltr'>nasamone.</span> <span class='ocrx_word' id='word_1_638' title='bbox 507 5492 590 5559; x_wconf 78' lang='lat' dir='ltr'>vsa.</span> <span class='ocrx_word' id='word_1_639' title='bbox 614 5486 693 5559; x_wconf 66' lang='lat' dir='ltr'>XV·</span> <span class='ocrx_word' id='word_1_640' title='bbox 1242 5480 1295 5561; x_wconf 53' lang='grc' dir='ltr'>’ἦ</span> 
     </span>
    </p>
   </div>
   <div class='ocr_carea' id='block_1_3' title="bbox 281 3801 887 3910">
    <p class='ocr_par' dir='ltr' id='par_1_3' title="bbox 281 3801 887 3910">
     <span class='ocr_line' id='line_1_53' title="bbox 281 3801 887 3910; baseline -0.012 -24"><span class='ocrx_word' id='word_1_641' title='bbox 281 3811 351 3886; x_wconf 88' lang='lat' dir='ltr'>De</span> <span class='ocrx_word' id='word_1_642' title='bbox 380 3808 541 3910; x_wconf 83' lang='lat' dir='ltr'>primu</span> <span class='ocrx_word' id='word_1_643' title='bbox 576 3801 887 3905; x_wconf 81' lang='lat' dir='ltr'>Quaestione.</span> 
     </span>
    </p>
   </div>
   <div class='ocr_carea' id='block_1_4' title="bbox 92 4000 1083 4185">
    <p class='ocr_par' dir='ltr' id='par_1_4' title="bbox 92 4000 1083 4185">
     <span class='ocr_line' id='line_1_54' title="bbox 92 4000 1083 4179; baseline -0.015 -87"><span class='ocrx_word' id='word_1_644' title='bbox 92 4016 156 4091; x_wconf 82' lang='lat' dir='ltr'>Ars</span> <span class='ocrx_word' id='word_1_645' title='bbox 181 4036 322 4113; x_wconf 85' lang='lat' dir='ltr'>semper</span> <span class='ocrx_word' id='word_1_646' title='bbox 352 4010 402 4085; x_wconf 85' lang='lat' dir='ltr'>rit</span> <span class='ocrx_word' id='word_1_647' title='bbox 431 4009 471 4082; x_wconf 81' lang='lat' dir='ltr'>irs</span> <span class='ocrx_word' id='word_1_648' title='bbox 502 4001 675 4179; x_wconf 57' lang='lat' dir='ltr'>Ecclesia</span> <span class='ocrx_word' id='word_1_649' title='bbox 710 4004 845 4078; x_wconf 78' lang='lat' dir='ltr'>ueritas</span> <span class='ocrx_word' id='word_1_650' title='bbox 877 4000 958 4076; x_wconf 85' lang='lat' dir='ltr'>sine</span> <span class='ocrx_word' id='word_1_651' title='bbox 983 4026 1083 4077; x_wconf 89' lang='lat' dir='ltr'>erro-</span> 
     </span>
     <span class='ocr_line' id='line_1_55' title="bbox 529 4131 646 4185; baseline 0.043 -5"><span class='ocrx_word' id='word_1_652' title='bbox 529 4134 563 4180; x_wconf 81' lang='lat' dir='ltr'>rr</span> <span class='ocrx_word' id='word_1_653' title='bbox 589 4131 646 4185; x_wconf 83' lang='lat' dir='ltr'>us.</span> 
     </span>
    </p>
   </div>
   <div class='ocr_carea' id='block_1_5' title="bbox 0 0 2270 5776">
    <p class='ocr_par' dir='ltr' id='par_1_5' title="bbox 0 0 2270 5776">
     <span class='ocr_line' id='line_1_56' title="bbox 0 0 2270 5776; baseline 0 1"><span class='ocrx_word' id='word_1_654' title='bbox 0 0 2270 5776; x_wconf 95' lang='lat' dir='ltr'> </span> 
     </span>
    </p>
   </div>
  </div>
 </body>
</html>
