4522 5782
2236 76 2252 111 b

166 208 245 283 aas
762 188 890 263 euru
914 186 1034 268 uun
1057 182 1596 273 scaserauxucuuca.
1665 231 1672 246 ·
2031 124 2036 139 ’
2124 182 2254 265 saei

113 373 146 429 ,¹
178 404 267 477 opus
290 373 416 448 violari
442 368 616 440 noluerat.
673 359 771 433 Haec
794 363 986 452 diligenter
1004 362 1170 433 conside·
1220 384 1339 443 tamen
1368 366 1562 459 disputatio
1586 360 1747 459 loquitur
1769 362 1814 433 de
1835 359 2018 447 doctrina,
2050 359 2213 433 existimo
2250 378 2254 419 ι

94 538 101 551 .
179 486 290 556 randa
317 490 418 562 sunt,
450 485 485 543 et
512 467 663 559 simplex
687 465 839 549 veritas,
872 489 976 559 quana
999 464 1172 548 recensui,
1221 471 1331 561 igitur
1359 463 1428 538 boc
1459 469 1593 561 quaeri.
1644 465 1698 538 De
1729 464 1891 536 doctrina
1920 487 1979 532 me
2000 462 2214 535 convincite,
2250 480 2254 523 ι

180 579 366 659 retinenda
390 592 459 655 est,
486 572 662 642 discamus
684 591 751 636 nos
775 569 871 657 ipsos
888 591 1071 659 accusare,
1097 591 1171 636 nou
1225 572 1316 662 Quis
1339 585 1495 641 vestrum
1518 592 1679 640 accusare
1696 590 1753 637 me
1767 580 1903 658 potest,
1930 567 2025 657 qnod
2043 565 2131 634 falsa
2149 565 2216 635 do·
2251 584 2254 625 i

180 686 319 769 Deum,
346 694 505 774 petamus
525 673 636 744 eDeo
660 672 816 739 remedia
841 683 1045 740 nostrorum
1060 671 1173 738 malo·
1224 697 1333 757 ceam,
1358 674 1454 765 quod
1471 672 1536 740 sim
1552 665 1884 762 pseudopropheta?
1935 666 2215 757 Haecestprin·
2251 688 2254 707 ⁴

94 775 97 781 ⁴
183 812 284 867 rum,
310 773 783 854 sicutOseae13.dicitur:
810 771 969 842 Perditio
992 786 1052 842 tua
1077 784 1175 839 este
1226 775 1350 866 cipalis
1372 775 1531 869 quaestio
1555 776 1598 843 de
1620 772 1782 842 doctriua
1805 783 1840 840 et
1862 771 2058 843 vocatione.
2118 766 2217 838 Ha'es

52 914 58 933 ’
185 889 314 973 lsrael,
338 897 477 956 tantum
495 875 922 948 inmeauxiliumluum.
1227 877 1383 970 primum
1415 876 1605 946 iudicanda
1633 889 1683 943 εει
1714 898 1756 945 es
1781 875 1889 943 verbo
1912 868 1999 955 Dei,
2033 884 2154 962 postea
2176 892 2217 939 es
2252 906 2254 919 ·

290 1014 397 1113 Quod
422 1040 506 1085 vem
531 1010 707 1082 „bifidum
729 1009 840 1101 ,liqui
858 1002 944 1078 hm
960 1009 1071 1079 dmg,
1100 1002 1176 1096 Ego
1227 978 1407 1048 miraculis
1439 992 1473 1049 et
1501 977 1648 1067 privatis
1676 973 1836 1089 moribus
1856 972 2082 1057 docentium,
2101 966 2218 1089 ‘Chri-

188 1126 369 1199 gndumbo
391 1144 452 1189 00,
466 1112 682 1196 phmoffis,
708 1126 742 1181 eg
760 1110 912 1196 simma,
936 1125 1029 1182 ,ma
1045 1125 1079 1180 ep
1097 1134 1178 1178 ,em
1228 1095 1302 1151 stirs
1326 1080 1527 1150 testimonia
1551 1075 1657 1147 habet
1675 1078 1775 1146 verbs
1793 1076 1881 1159 Dei,
1907 1076 2037 1144 deinde
2060 1095 2218 1143 meracu-

191 1226 378 1319 esplicalio
408 1236 478 1303 est,
510 1212 597 1286 baec
626 1215 717 1283 dicta
743 1212 842 1306 loqui
867 1214 912 1282 de
936 1212 1179 1302 permissione,
1228 1184 1365 1302 tanam,
1388 1195 1565 1301 99⁸“fP0
1586 1179 1717 1271 l)rivali
1738 1200 1855 1249 '⁰⁰²2‘
1877 1174 2218 1299 θῖΰῧῦθῦἓῦὓῑὶὓ·
2253 1214 2255 1237 ²

191 1330 389 1408 indurabo,
413 1323 449 1391 id
474 1332 542 1403 εει,
568 1315 681 1384 sinam
706 1315 880 1387 indurari.
931 1314 1021 1384 Nam
1043 1309 1180 1406 phrasis
1230 1286 1322 1354 ‘¹¹0³
1339 1285 1424 1352 ¹¹¹³¹¹
1439 1298 1596 1375 Wlffl-

191 1430 343 1505 Ebraica
366 1448 439 1495 non
461 1419 615 1513 postulat
631 1412 837 1486 huiusmodi
858 1418 965 1485 verba
980 1416 1104 1486 durius
1122 1439 1181 1483 ex·
1333 1414 1403 1487 Hic
1423 1420 1512 1487 ordo
1533 1414 1774 1487 observandus
1797 1427 1849 1486 est
1874 1414 1911 1483 in
1937 1412 2080 1484 iudiciis
2095 1410 2141 1481 de
2156 1412 2221 1481 do-

191 1533 299 1628 poni,
333 1540 373 1597 ut
395 1548 475 1595 cum
499 1520 665 1592 dicimus:
692 1518 745 1588 Ne
768 1541 834 1586 nos
857 1517 1004 1589 inducas
1027 1520 1182 1587 intenta·
1233 1522 1367 1599 ctrina,
1393 1543 1500 1613 quam
1523 1520 1637 1589 sancit
1655 1533 1686 1588 et
1705 1520 1777 1602 lex,
1801 1516 1906 1587 Deut.
1926 1517 2002 1589 ta:
2028 1512 2222 1583 Primuset

192 1636 346 1715 tionem,
371 1630 408 1697 id
426 1637 493 1708 est,
518 1646 565 1691 ue
581 1622 676 1689 sinas
693 1644 759 1688 nos
777 1620 916 1702 induci,
942 1633 1003 1690 aut
1019 1620 1182 1689 inductos
1234 1645 1391 1694 summus
1417 1623 1521 1690 iudex
1544 1622 1725 1691 doctrinae
1740 1632 1791 1688 est
1808 1621 1956 1688 verbum
1973 1617 2039 1688 Dei
2052 1614 2224 1687 traditum

194 1737 320 1829 perire.
385 1725 573 1797 Praevidel
602 1721 699 1791 Deus
732 1717 944 1803 Pharaonis,
978 1720 1114 1804 Saulis,
1150 1732 1183 1789 et
1235 1725 1334 1818 prius
1362 1747 1427 1821 per
1453 1718 1646 1813 Prophetas
1675 1734 1709 1791 et
1735 1720 1944 1812 Apostolos,
1976 1743 2021 1787 ne
2051 1716 2223 1813 miracula

195 1840 347 1908 aliorum
361 1833 515 1909 furores,
540 1849 580 1893 ac
594 1823 668 1891 lieri
685 1823 875 1914 permittit,
901 1838 1069 1916 tanquam
1084 1845 1184 1892 suam
1236 1829 1379 1921 quidem
1402 1824 1479 1895 visit
1493 1824 1548 1892 les
1563 1822 1729 1893 anteferri
1748 1825 1856 1892 verbo
1869 1820 1950 1895 Dei.
2000 1818 2127 1889 Postea
2146 1840 2226 1887 cum

196 1942 288 2010 iram
319 1931 557 2003 abscondens,
590 1949 630 1993 ac
657 1926 869 1994 determinat
890 1939 1030 2007 tamen,
1062 1923 1185 2007 idest,
1237 1927 1400 2015 congruit
1423 1929 1571 1996 verbum
1594 1923 1680 2007 Dei,
1704 1925 1974 1994 considerentur
1998 1920 2171 1990 miracula
2193 1930 2227 1989 et

197 2054 308 2112 metas
325 2034 397 2104 illls
412 2029 593 2099 furoribus
611 2026 811 2110 constituit,
837 2049 924 2117 qtras
938 2025 1089 2095 transire
1107 2025 1187 2094 illos
1237 2028 1366 2123 privati
1390 2051 1525 2112 mores,
1550 2039 1584 2097 et
1609 2029 1648 2096 in
1672 2026 1816 2117 privatis
1842 2026 2002 2095 moribus
2027 2023 2159 2113 duplex
2177 2032 2227 2091 est

195 2140 275 2212 'noir
296 2137 390 2205 sinit.
445 2128 541 2199 Haec
565 2127 812 2197 determinatio
837 2127 969 2198 illustri
991 2128 1100 2217 figura
1124 2129 1187 2195 de-
1239 2132 1495 2213 consideratio,
1527 2142 1588 2207 aut
1615 2141 1699 2198 sunt
1726 2128 1829 2207 vitia,
1863 2152 1954 2220 qnae
1976 2125 2227 2215 ipsidoctores

176 2230 367 2313 'scribitur
396 2235 434 2302 in
467 2223 711 2313 Sennaherib,
742 2226 778 2301 4.
802 2227 940 2317 Regum
960 2228 1032 2301 19.:
1069 2226 1188 2321 lmpo·
1240 2233 1443 2321 improbant
1473 2245 1507 2301 et
1537 2234 1743 2313 emendant,
1775 2244 1815 2300 ut
1846 2254 1924 2298 cum
1954 2226 2082 2296 Petrus
2109 2226 2228 2315 lapsus

199 2368 283 2416 nam
300 2342 441 2410 trenam
456 2332 561 2402 labiis
576 2331 669 2414 tuis,
695 2342 730 2401 et
746 2332 910 2400 reducam
929 2345 983 2416 te,
1008 2345 1075 2402 etc.
1242 2349 1309 2403 est:
1346 2347 1407 2403 aul
1445 2345 1529 2401 sunt
1565 2332 1671 2414 vitia,
1712 2355 1802 2425 quae
1830 2333 1991 2400 doctores
2019 2328 2229 2397 defendunt·

1241 2435 1338 2505 llaec
1361 2447 1445 2504 sunl
1468 2433 1550 2502 mali
1568 2433 1720 2517 irtrctus,
1747 2446 1780 2502 et
1795 2434 1892 2523 signa
1908 2430 2063 2514 diaboli,
2089 2441 2130 2498 ul
2148 2448 2227 2497 cum

304 2538 402 2640 Quis
425 2560 473 2610 ex
492 2533 594 2606 vodis
619 2542 749 2628 arguet
773 2555 828 2601 me
854 2528 897 2604 de
918 2532 1090 2631 peccalo?
1243 2538 1496 2628 Arrabaptistae
1512 2535 1708 2604 delendoot
1725 2535 1925 2616 seditiones,
1951 2554 1990 2600 ac
2007 2530 2230 2601 contendunt

1242 2663 1278 2708 se
1293 2640 1459 2709 mandato
1473 2635 1658 2725 Evangelii
1672 2637 1750 2705 aliis
1764 2636 1855 2705 bella
1873 2636 2022 2719 inferre,
2047 2646 2080 2703 et
2096 2652 2231 2700 novum

1245 2764 1390 2829 regnum
1414 2738 1637 2809 constituere.
1690 2736 1779 2807 Tale
1801 2737 1967 2806 delirium
1990 2758 2064 2803 non
2084 2745 2136 2802 est
2153 2746 2230 2801 tan·

1245 2857 1319 2913 lum
1342 2842 1460 2931 lapsus
1480 2840 1518 2907 in
1544 2839 1722 2923 moribus,
1747 2841 1806 2909 sed
1832 2853 1883 2910 est
1897 2861 1998 2909 error
2014 2837 2051 2905 in
2068 2831 2230 2905 doctrina

1245 2957 1278 3013 et
1299 2944 1428 3013 abusus
1451 2942 1606 3010 nominis
1620 2941 1753 3026 divini,
1779 2953 1901 3010 contra
1917 2939 2111 3009 secuudum
2131 2958 2233 3025 prae·

1245 3058 1398 3135 ceptum.
1448 3039 1525 3110 Has
1545 3042 1654 3130 igitur
1677 3042 1816 3132 regulas
1837 3044 2065 3111 observemus
2080 3038 2121 3137 in
2136 3036 2231 3107 iudi·

1245 3147 1366 3214 candis
1390 3146 1591 3234 spiritibus,
1617 3144 1706 3213 sicut
1726 3140 1888 3215 Christus
1911 3142 2043 3235 inquit:
2076 3134 2134 3209 Ex
2156 3140 2233 3209 iru-

1246 3247 1360 3319 ctibus
1382 3269 1504 3317 eorum
1527 3246 1742 3334 cognoscetis
1765 3267 1844 3331 eos,
1869 3244 1993 3327 idest,
2019 3242 2175 3333 primum
2192 3263 2233 3309 ex

1247 3347 1429 3419 doctrinae
1457 3345 1689 3431 testimoniis,
1723 3362 1842 3439 postea
1866 3371 1909 3416 ex
1933 3343 2136 3431 miraculis,
2169 3366 2234 3436 po·

1247 3466 1377 3521 stremo
1393 3473 1434 3518 ex
1449 3448 1546 3520 viliis
1560 3470 1650 3542 quae
1666 3450 1917 3524 defenduntur.

303 2688 505 2783 Disputatio
527 2700 578 2757 est
602 2687 645 2754 de
670 2683 870 2767 vocatione,
896 2706 942 2752 an
965 2683 1012 2753 sit
1028 2683 1190 2753 missasa

202 2800 282 2875 Deo
306 2791 366 2865 hic
393 2790 508 2874 lesus,
541 2789 612 2857 imo
637 2810 682 2855 an
705 2788 750 2855 sit
774 2784 941 2865 Messias,
972 2785 1063 2855 sicut
1086 2808 1190 2876 supra

203 2906 445 2983 interrogant,
480 2890 559 2984 quis
589 2889 647 2967 sit,
710 2885 832 2956 ludaei
860 2902 976 2955 autem
1000 2883 1189 2976 repreben-

182 3025 187 3032 ’
206 3009 297 3075 dunt
320 2999 396 3067 eins
415 2996 528 3076 dicta,
554 2994 648 3085 quod
667 3004 737 3059 tam
756 2990 891 3058 tristem
906 2988 1116 3057 seutentiam
1134 3003 1192 3058 tu-

205 3109 312 3182 lerat,
338 3096 522 3178 videlicet,
547 3088 727 3161 hostilius
753 3085 936 3172 Abrahae,
959 3102 994 3159 el
1016 3091 1193 3179 guberna-

205 3224 300 3281 tores
324 3198 445 3293 populi
471 3193 537 3264 Dei
563 3216 636 3262 esse
658 3218 676 3260 a
704 3191 858 3264 diabolo.
909 3188 1005 3259 Haec
1030 3216 1096 3259 vox
1122 3207 1191 3261 tam

208 3307 360 3378 absurda
388 3315 420 3368 et
445 3298 552 3386 impia
574 3295 731 3378 videtur,
757 3306 796 3362 ut
818 3293 845 3359 si
869 3295 948 3383 quis
972 3291 1066 3361 dicat
1088 3316 1194 3387 syno-

207 3414 294 3480 dum
318 3417 351 3471 et
366 3398 558 3492 Episcopos
579 3390 648 3462 hoc
670 3408 826 3485 tempore
848 3397 1074 3462 adversantes
1092 3418 1194 3464 verae

207 3507 411 3582 doctrinae,
441 3523 516 3568 non
539 3519 611 3565 esse
633 3492 824 3564 Ecclesiam
845 3490 924 3564 Dei.
976 3492 1195 3566 Procedente

208 3611 318 3702 igitur
341 3601 579 3694 disputatione
598 3611 766 3689 tanquam
785 3608 864 3684 post
881 3594 953 3665 litis
968 3599 1195 3669 contestatio·
1481 3662 1489 3682 ‚
1934 3662 1942 3682 .
2203 3642 2212 3649 .

208 3737 312 3795 nem,
335 3703 471 3801 quaerit
487 3696 648 3772 Christus
665 3720 818 3768 causam:
849 3695 890 3766 Si
906 3721 963 3766 me
979 3699 1195 3770 condemna·
1331 3661 1600 3736 sumsimus
1619 3686 1677 3754 ’δ’
1709 3674 1741 3738 ⁶¹
1768 3661 2001 3737 daemonium
2023 3659 2154 3737 habes·
2212 3706 2215 3713 ·

209 3816 275 3899 tis,
303 3829 448 3883 causam
471 3801 653 3919 exponite,
687 3821 751 3889 ego
773 3822 886 3868 meam
911 3821 1049 3917 causam
1071 3815 1195 3873 eontra
1349 3815 1431 3887 Non
1467 3831 1615 3909 possunt
1652 3819 1778 3888 afferre
1816 3843 1954 3890 causam
1994 3818 2137 3908 Iudaei,
2174 3842 2237 3891 cur

118 4015 126 4024 .
209 3913 431 4005 vosplanam
449 3905 693 4026 etexpedtlam
712 3900 850 4017 allego..
884 3894 1019 3970 0¹⁰¹¹¹³
1037 3904 1196 3974 membri
1248 3922 1421 3990 damnent
1446 3914 1542 3989 bunc
1563 3922 1764 4005 doctorem,
1790 3923 1849 3990 sed
1875 3934 2040 4012 repetunt
2058 3937 2092 3994 et
2107 3935 2238 4013 augent

209 4015 388 4091 Ecclesiae
400 4010 613 4124 ³Ud¹verl¹¹¹i
628 4004 776 4072 'lesbum
785 4000 863 4072 ΒΜ·
885 4102 893 4119 .
915 3998 988 4120 V⁰J
1003 4027 1078 4071 ¹¹⁰⁰
1093 4006 1197 4075 ³⁰⁶5·
1249 4020 1421 4094 convicia.
1472 4017 1543 4090 tlte
1566 4021 1740 4111 disputari
1764 4023 1852 4092 solet
1876 4025 1920 4092 de
1942 4024 2177 4110 refutatione,
2203 4038 2238 4095 et

211 4121 277 4201 tis,
305 4139 386 4205 ergo
407 4134 481 4180 non
500 4122 581 4178 estas
595 4106 752 4222 membra
772 4102 894 4195 popul·
911 4102 994 4177 Det·
1045 4105 1196 4177 Hacra-
1250 4122 1425 4208 vindicta,
1450 4124 1510 4191 sed
1535 4122 1688 4192 iacilima
1709 4138 1763 4193 εει
1783 4124 1979 4215 explicatio.
2030 4121 2108 4195 Etsi
2132 4150 2239 4197 mun·

211 4223 310 4295 tione
332 4214 607 4328 manifestevos
625 4229 819 4325 coctvrnco,
852 4226 914 4272 vos
938 4218 1060 4322 coptra
1085 4221 1120 4279 el
1142 4233 1199 4279 me
1251 4228 1317 4295 dus
1342 4224 1465 4293 miscet
1489 4218 1576 4294 baec
1600 4229 1691 4309 dero,
1717 4226 1959 4295 defensionem
1984 4240 2017 4297 et
2033 4227 2241 4314 vindictam,

213 4318 424 4393 convincite,
489 4311 627 4428 Sanulrs
649 4309 841 4422 disputatio
862 4319 1030 4388 secuml,
1062 4311 1200 4401 (1110ῑὶ98
1252 4342 1368 4397 tamen
1392 4325 1447 4394 lex
1466 4337 1502 4394 et
1518 4325 1689 4394 iudicium
1705 4323 1774 4395 Dei
1790 4328 1869 4397 vult
1882 4352 1920 4396 ea
1937 4328 2131 4421 distingui,
2158 4330 2241 4402 uni·

213 4424 381 4493 oriuntur
409 4427 600 4534 cerlamffla
631 4411 675 4479 de
706 4411 880 4524 d⁰⁰if{¹¹³·
934 4405 1081 4524 35¹⁰le
1098 4413 1200 4530 fssim
1253 4427 1434 4496 versaliter
1447 4426 1607 4498 defensio
1619 4428 1776 4498 veritatis
1793 4452 1953 4498 concessa
1969 4444 2037 4517 est,
2063 4433 2126 4501 sed
2141 4434 2242 4504 aliud

214 4527 260 4594 de
289 4523 387 4591 sonte
418 4518 636 4630 disputatur,
669 4511 763 4627 und}
792 4523 837 4579 ⁸¹1
866 4510 1045 4596 d⁰⁶if¹¹¹³s
1079 4536 1130 4582 ⁵¹⁰
1157 4517 1201 4584 de
1253 4543 1305 4599 est
1320 4529 1437 4598 verbis
1452 4528 1646 4613 testificari,
1669 4553 1759 4621 quae
1774 4531 1946 4601 sententia
1959 4534 2006 4603 sit
2021 4556 2118 4620 vera,
2143 4535 2244 4605 aliud

212 4626 367 4706 loanne,
393 4621 436 4688 de
452 4614 619 4696 tes-emsa,
646 4625 684 4729 et·
700 4613 779 4729 alus
799 4611 1032 4728 quaerebant,
1057 4636 1101 4681 sn
1120 4639 1201 4684 vera
1254 4642 1306 4701 ase
1332 4644 1450 4721 postea
1475 4652 1575 4698 arma
1598 4652 1732 4719 capere.
1787 4626 1951 4702 cbristus
1972 4635 2090 4705 verbis
2112 4638 2243 4708 relocat

214 4732 401 4807 docerent,
431 4743 477 4789 an
510 4715 955 4785 etsessld¹v¹¹¹¹¹1¹⁸m¹⁵⁵¹·
1023 4712 1083 4784 5ῐῦ
1106 4740 1203 4785 ¹¹¹¹ssss
1255 4733 1492 4813 adversarios,
1533 4753 1606 4797 non
1637 4745 1755 4800 movet
1784 4756 1892 4802 arma.
1956 4734 2097 4806 Deinde
2126 4752 2248 4811 servat

215 4833 417 4921 disputatur
444 4819 540 4892 unde
571 4817 618 4885 ⁸5¹
646 4810 716 4885 ¹¹⁰⁶
739 4836 849 4903 82⁰¹ss
875 4814 1074 4903 d⁰⁶¹¹i¹¹³²2
1105 4820 1203 4911 q⁰⁰d
1255 4829 1320 4903 hos
1341 4834 1486 4921 grados:
1512 4829 1596 4899 Non
1618 4834 1745 4902 refutat
1761 4835 1881 4903 omnia
1896 4837 2078 4919 convicia,
2103 4842 2167 4909 sed
2182 4841 2246 4912 illa

213 4955 311 5005 nuuc
329 4938 486 4998 exortum
503 4931 566 4990 ²⁵¹·
1240 4949 1413 5016 tantum,
1439 4955 1529 5024 quae
1543 4955 1703 5022 expresse
1719 4934 1906 5009 laedebant
1921 4940 2070 5027 gloriam
2085 4938 2174 5022 Dei,
2200 4944 2247 5013 de

316 5038 516 5133 Respondit
547 5034 655 5123 igitur
677 5025 860 5114 Christus,
888 5045 924 5100 et
951 5033 1053 5121 ponit
1075 5029 1204 5120 thesin,
1255 5034 1417 5106 convicio
1434 5032 1649 5103 Samaritani
1674 5031 1768 5104 nihil
1784 5043 1993 5129 respondet,
2021 5044 2245 5136 etquiama·

214 5173 320 5246 quam
346 5154 485 5237 oportet
508 5138 645 5206 firmam
670 5155 813 5201 manere
835 5132 874 5200 in
890 5130 1060 5205 Ecclesia.
1113 5134 1204 5224 Quis
1255 5137 1382 5205 nilesta
1409 5133 1544 5204 falsitas
1571 5148 1665 5219 erat,
1705 5150 1740 5208 et
1768 5141 1930 5228 notoria,
1970 5145 2124 5214 refutare
2151 5136 2246 5218 nibil

215 5266 372 5321 vestrum
393 5252 531 5315 accusat
552 5259 608 5304 me
626 5237 671 5303 de
687 5232 853 5323 peccato?
904 5231 980 5303 Etsi
995 5236 1098 5306 multi
1118 5232 1205 5308 haec
1255 5259 1346 5329 opus
1363 5249 1432 5317 est,
1456 5253 1497 5306 ut
1511 5237 1617 5326 vulgo
1632 5237 1780 5307 dicitur:
1806 5235 1853 5311 Et
1867 5244 1951 5337 quia
1969 5245 2042 5337 ipse
2057 5248 2247 5339 colligebat

213 5354 493 5443 interpretantur
508 5350 646 5411 tanturn
662 5335 706 5404 de
720 5335 867 5431 privatis
881 5336 1042 5412 moribus
1058 5333 1204 5428 Christi,
1255 5334 1448 5412 Ecclesiam
1465 5337 1570 5419 etiarn
1587 5337 1881 5432 esSsmaritanis,
1907 5348 2055 5420 docebat
2070 5350 2249 5449 populum
