4522 5782
107 215 182 293 τω
644 188 828 270 eutr.
853 186 971 268 uas.
996 187 1211 265 scatere
1235 175 1544 266 uasorum.
1742 226 1817 289 ·.:.
1876 151 1974 287 ,jn
2062 188 2150 273 m.

112 392 221 466 tiores
237 385 275 454 io
290 374 447 452 Ecclesia
469 368 586 459 Papae
607 363 732 458 procul
753 363 934 435 recessisse
950 387 970 432 a
985 361 1097 433 veteri
1145 389 1228 437 nem
1244 359 1452 454 Evangelii,
1478 365 1540 437 illa
1561 388 1647 437 vero
1671 360 1931 440 monachorum
1956 365 2137 441 ordinatio

113 496 239 566 forma.
292 477 424 552 Psalmi
443 473 588 567 quidam
610 480 647 538 et
659 467 828 537 lectiones
843 491 883 535 ex
900 462 1096 554 Evangelio
1119 438 1124 525 i
1147 469 1193 539 sit
1217 467 1478 556 superstitiosa,
1520 482 1555 539 et
1577 482 1716 541 tantum
1740 470 1800 540 bat
1826 484 1975 564 propter
2004 471 2135 551 cultum

114 591 372 666 recitabantur,
412 577 623 647 dicebantur
646 592 764 660 preces
790 592 853 659 pro
884 565 1039 636 Ecclesia
1064 580 1099 636 et
1121 594 1125 648 3
1148 566 1391 662 prohibitum,
1416 570 1511 642 iuxta
1525 570 1633 642 illud:
1659 569 1806 643 Frustra
1823 596 1882 642 me
1896 573 2023 644 colunt
2037 595 2135 642 roan·

1 740 2 748 ,
114 692 258 791 Βφῃὴ.
270 742 280 772 ,
294 696 413 778 postca
430 677 611 771 presbyter
627 685 722 741 stans
733 674 776 740 ad
795 693 889 738 aram
898 721 910 754 ,
931 668 1100 738 recitabat
1121 661 1125 705 ³
1149 674 1240 743 datis
1256 667 1466 757 hominum,
1488 687 1521 744 et
1540 685 1658 742 tamen
1678 673 1728 742 ibi
1745 669 1982 745 monachatus
1995 686 2139 769 voeamr·

116 797 224 870 verba
238 785 374 861 Christi
390 785 435 850 de
449 801 557 848 coena
574 771 742 856 Domini,
762 772 891 841 deinde
906 772 1101 841 distribue·
1152 773 1333 865 perfectio.
1379 769 1475 862 Ergo
1491 775 1631 845 valeant
1646 775 1723 845 eius
1738 777 1963 862 testimonia,
1986 776 2083 871 qnod
2095 776 2134 847 ad

115 903 177 972 bar
199 890 332 988 populo
357 891 633 959 sacramentum,
671 877 883 967 sequebatur
908 873 1101 963 gratiarum
1151 872 1335 986 historiam
1352 876 1489 962 attinet,
1498 890 1537 946 ut
1555 876 1705 947 sciamus
1723 877 1785 971 qui
1802 877 1891 952 ritus
1905 892 1994 950 tunc
2009 877 2135 953 fuerint

115 999 217 1073 actio.
269 988 340 1060 Hie
366 985 436 1057 fuit
455 981 545 1051 ritus
572 975 719 1060 Missae,
753 978 849 1045 unde
866 975 1103 1044 manifestum
1152 978 1290 1061 usitati,
1325 1001 1399 1046 non
1422 978 1690 1069 frantdogmata
1714 993 1775 1051 aut
1796 981 1890 1071 leges
1915 1005 1957 1053 es
1980 980 2058 1055 eius
2078 979 2133 1052 dc·

118 1116 190 1185 021,
223 1093 372 1166 Missam
396 1096 534 1157 tanturn
563 1081 669 1148 fuisse
694 1073 1002 1157 communionem,
1038 1099 1104 1144 nec

118 1205 226 1273 fuisse
245 1195 336 1265 ullas
360 1189 513 1283 privatas
534 1179 674 1252 Missas.
734 1176 833 1267 Quin
860 1193 894 1248 et
922 1177 1012 1248 illud
1037 1178 1105 1244 mi-

120 1304 271 1377 randum
288 1307 357 1376 est,
381 1288 477 1383 quod
494 1309 558 1353 nee
575 1282 707 1351 mentio
724 1280 762 1350 lit
777 1280 968 1351 oblationis
990 1303 1034 1346 ne
1057 1280 1107 1348 ri-

120 1422 196 1476 tum
214 1397 356 1494 quidem
378 1401 534 1461 recenset
550 1384 741 1456 offerentis.
793 1379 890 1451 Ilaec
906 1384 998 1473 apud
1018 1378 1107 1450 Dio·

122 1506 262 1600 nysium
283 1493 469 1589 praecipue
491 1489 634 1578 prodest
657 1485 863 1564 observare,
889 1497 930 1553 ut
952 1482 1109 1575 antiqui·

121 1622 228 1678 tatem
246 1615 468 1692 opponamus
487 1590 549 1674 iis,
575 1588 637 1681 qui
655 1586 852 1656 defendunt
874 1586 1005 1657 abusus
1019 1583 1110 1655 Mis-

122 1728 256 1779 aarum.

226 1802 398 1876 Recenset
420 1790 654 1885 baptismum,
685 1784 856 1875 chrisma,
888 1787 1112 1858 communio·

125 1931 230 1995 nem,
265 1917 306 1974 ut
328 1899 420 1982 dis'i,
451 1893 715 1966 ordinationem
739 1895 1044 1986 presbyterorum,
1078 1902 1113 1961 et

127 2032 269 2092 eorum,
289 2002 352 2096 qui
369 2013 450 2069 vota
465 1995 657 2079 faciebant,
682 2006 715 2062 et
731 1995 935 2064 unctionem
952 2005 1113 2061 mortuo-

127 2137 229 2194 rum,
254 2106 316 2177 ubi
338 2112 457 2172 narrat
473 2097 594 2192 quales
616 2095 750 2165 fuerint
768 2095 987 2165 ceremoniae
1009 2095 1113 2162 fune·

128 2237 228 2296 rum,
274 2230 356 2277 eum
376 2205 527 2274 cadaver
548 2199 586 2265 in
618 2198 751 2288 templo
777 2197 987 2268 collocatum
1012 2208 1114 2280 esset,

129 2322 311 2408 praesente
326 2304 459 2398 populo
476 2300 717 2402 regitabantur
732 2299 872 2390 aliquae
889 2298 1055 2368 lectiones
1069 2298 1115 2365 'ex

130 2414 239 2487 sacris
258 2407 370 2479 literis
386 2406 431 2473 de
450 2400 715 2471 resurrectione.
765 2397 914 2484 Deinde,
927 2400 1116 2471 iubebatur

132 2513 286 2609 populus
317 2506 447 2598 gratias
471 2525 610 2592 agerem
643 2501 825 2592 precibus,
857 2502 952 2594 quod
977 2497 1035 2583 hic
1059 2501 1116 2591 pie

134 2613 338 2689 decessisset
369 2609 407 2677 in
436 2603 618 2693 agnitione
648 2599 847 2689 Evangelii.
906 2600 1117 2673 Addebatur

134 2711 356 2791 adhortatio,
387 2721 428 2777 ut
449 2705 517 2775 sibi
541 2704 689 2798 quisque
711 2716 909 2791 precaretur
927 2705 1023 2800 pium
1041 2703 1116 2773 esi-

133 2836 210 2893 tum
225 2840 268 2886 ex
283 2808 448 2882 haesita.
499 2805 574 2877 Hic·
588 2805 744 2875 messuit
759 2805 885 2896 plenos
904 2807 1058 2895 pietatis,
1081 2819 1116 2876 et

132 2920 241 2991 laude
261 2915 401 3003 dignus.
451 2906 554 2998 Quae
577 2906 671 2975 enim
694 2921 839 2996 possunt
855 2907 988 2976 maiora
1008 2909 1117 2977 bene-

132 3021 211 3092 ficia
227 3014 392 3107 eogitari,
415 3034 521 3103 quarn
537 3008 574 3076 in
590 3008 654 3077 illo
670 3008 805 3096 ingenti
821 3031 950 3098 agone,
964 3009 1118 3078 retinere

132 3118 267 3196 Christi
282 3113 518 3208 agnitionem,
546 3108 708 3178 adiuvari
722 3135 741 3178 a
756 3105 902 3181 Christo
917 3124 953 3182 et
967 3109 1120 3179 salvari?

134 3220 238 3297 Hanc
252 3213 487 3290 ceremoniam
503 3211 684 3280 meliorem
708 3212 885 3281 recentior
905 3226 998 3282 aetas
1016 3235 1119 3303 pror·

134 3347 194 3397 sus
210 3318 384 3400 abolevit,
410 3314 556 3384 retentis
570 3326 605 3384 et
620 3313 805 3381 cumulatis
821 3313 1067 3386 deterioribus.

235 3421 348 3493 Addit
369 3430 486 3486 autem
499 3412 711 3507 Dionysius,
739 3429 817 3504 post
839 3410 931 3485 hanc
951 3409 1119 3485 adhorta·

136 3526 272 3597 tionem
300 3518 425 3591 abiisse
455 3516 716 3609 presbyterum,
756 3529 790 3585 et
818 3517 1013 3606 perfudisse
1040 3517 1120 3586 oleo

137 3628 303 3706 cadaver,
329 3633 363 3690 et
379 3630 559 3712 precatum
575 3639 664 3699 esse,
690 3631 730 3688 ut
745 3613 841 3686 Deus
856 3619 890 3686 ei
904 3619 1122 3689 condonaret

138 3725 400 3806 infirmitatem,
424 3718 567 3812 quaein
584 3741 625 3785 eo
642 3718 777 3810 reliqua
801 3720 923 3789 fuisset
939 3734 1017 3812 post
1033 3744 1120 3790 eon·

138 3827 350 3900 versionem.
400 3819 526 3890 Postea
554 3821 703 3890 cadaver
731 3823 952 3891 condebatur
983 3823 1022 3892 in
1051 3835 1122 3893 ter·

139 3954 228 4004 ram.
287 3923 365 3995 Hae
388 3935 525 3995 tantum
549 3920 693 3990 luerunt
714 3921 880 3991 funerum
902 3922 1124 3994 ceremoniae

139 4048 226 4104 tuuc
240 4028 407 4123 quidem,
445 4024 606 4093 nondum
623 4022 662 4090 in
686 4020 794 4090 Missa
814 4024 918 4093 tiebat
938 4025 1125 4095 defuncto-

140 4156 220 4204 rum
248 4128 410 4206 mentio,
459 4124 574 4193 multo
602 4123 721 4192 minus
750 4124 967 4195 offerebatur
997 4146 1125 4216 corpus

139 4225 288 4306 Domini
311 4252 376 4320 pro
400 4225 560 4295 mortuis·
608 4220 711 4293 Hanc
728 4221 1054 4321 prophanationem.
1069 4249 1125 4296 sa·

140 4331 312 4406 crementi
338 4328 513 4420 posterior
535 4337 630 4395 aetas
652 4327 800 4396 addidit.

244 4430 425 4501 Hactenus
447 4431 491 4497 de
513 4425 704 4521 Dionysio:
739 4429 865 4519 inquo
883 4428 948 4497 etsi
967 4451 1123 4498 ceremo-

141 4535 223 4624 niae
243 4532 436 4625 aliquando
459 4530 578 4597 minus
600 4529 746 4597 vitiosae
762 4544 863 4614 sunt,
897 4542 1015 4598 tamen
1043 4543 1127 4600 sunt

143 4637 246 4707 initia
273 4626 524 4715 monachatus,
564 4641 600 4698 et
632 4625 699 4698 boc
725 4631 823 4719 gravi
849 4627 1126 4721 reprehensione

143 4740 291 4830 dignum
305 4747 376 4812 est,
403 4734 498 4825 quod
522 4753 596 4799 non
621 4732 786 4800 discernit
804 4733 895 4802 inter
909 4746 1126 4802 sacramenta

143 4839 317 4910 divinitus
340 4834 522 4913 instituta,
550 4845 584 4901 et
607 4828 779 4901 humanas
801 4832 1020 4906 traditiones.
1071 4831 1128 4904 De

143 4938 333 5012 chrismate
355 4935 503 5028 perinde
527 4933 704 5026 loquitur,
737 4947 778 5003 ut
800 4937 843 5003 de
865 4935 1060 5025 baptismo,
1093 4945 1129 5004 et

143 5054 270 5137 aequat
284 5030 454 5134 πάρεργα
469 5033 608 5134 ἔργοις,
630 5048 669 5104 ut
684 5035 731 5103 ita
749 5035 873 5107 dicam.
926 5031 1126 5106 Monachu-

1155 1079 1420 1171 scriptionibus.

1488 1224 1542 1300 De
1569 1226 1807 1303 Tertulliano.

1259 1380 1506 1452 Tertullianus
1527 1395 1621 1453 reete
1643 1382 1841 1473 confutavit
1861 1380 2086 1457 Marcionem
2106 1399 2136 1459 et

1159 1484 1315 1578 reliquos
1334 1484 1409 1554 eius
1425 1483 1589 1554 factionis
1605 1478 1813 1556 haereticos.
1855 1482 2030 1560 Continet
2045 1487 2137 1561 utilia

1160 1587 1360 1659 testimonia
1387 1589 1431 1656 de
1448 1585 1643 1671 Trinitate,
1667 1587 1821 1659 recitans
1843 1610 1918 1658 non
1939 1613 2042 1660 suam
2068 1613 2138 1661 sen·

1160 1689 1326 1773 tentiam,
1341 1690 1403 1758 sed
1423 1700 1574 1759 veterem
1590 1702 1766 1780 acceptam
1781 1690 1827 1761 ab
1842 1688 2040 1782 Apostolis.
2071 1690 2139 1763 Ad·

1161 1814 1282 1861 versus
1298 1790 1467 1860 Praxeam
1491 1803 1583 1860 extat
1606 1790 1826 1862 luculentum
1841 1792 2085 1863 testimoninm
2100 1796 2138 1863 de

1162 1895 1289 1976 verbo,
1323 1887 1392 1961 hoe
1418 1907 1490 1977 est,
1523 1894 1566 1961 de
1586 1891 1661 1962 blio
1681 1890 1767 1978 Dei,
1793 1897 1889 1988 quod
1915 1895 1964 1966 sit
1986 1894 2141 1987 persons,

1162 1996 1267 2066 etiarn
1284 2007 1472 2087 antequam
1490 1995 1661 2063 adsumsit
1678 1990 1872 2065 humanam
1895 2009 2070 2070 naturam.

1264 2092 1450 2167 Caeterum
1474 2110 1507 2166 et
1532 2108 1665 2166 veteres
1689 2092 1958 2186 reprehendunt
1978 2100 2142 2192 quaedam

1164 2199 1239 2269 eius
1271 2211 1405 2278 errata,
1443 2196 1625 2287 videlicet,
1665 2200 1761 2290 quod
1796 2201 1973 2269 secundas
2007 2200 2140 2292 nuptias

1165 2304 1328 2384 damnat,
1354 2313 1390 2370 et
1402 2299 1553 2369 ridicule
1568 2313 1854 2388 argumentatur:
1881 2298 1966 2371 Non
1983 2301 2141 2373 licctfra·

1165 2404 1230 2474 tris
1247 2402 1377 2471 mortui
1394 2424 1539 2470 uxorem
1558 2401 1696 2470 ducere.
1747 2398 1889 2473 Ducena
1905 2404 2054 2473 viduam
2069 2402 2142 2473 reli-

1167 2519 1258 2576 ctam
1275 2498 1534 2586 aChristiano,
1564 2502 1666 2575 duait
1687 2504 1807 2575 fratris
1829 2505 1965 2576 mortui
1984 2526 2147 2577 uxortua

1166 2630 1249 2695 ergo
1284 2628 1357 2673 non
1382 2618 1476 2674 recte
1498 2604 1591 2677 facit.
2108 2616 2145 2659 ν·

1264 2704 1374 2776 Ludit
1390 2707 1495 2776 etiam
1511 2706 1556 2775 de
1578 2727 1688 2794 regno
1710 2719 1934 2792 sanctorum,
1964 2706 2067 2801 quod
2084 2704 2145 2775 aaa

1166 2809 1295 2898 gebant
1316 2809 1527 2878 duraturum
1550 2829 1623 2877 esse
1642 2807 1740 2877 mille
1755 2831 1868 2877 annos
1885 2809 1924 2877 in
1942 2803 2010 2878 hac
2028 2806 2145 2898 rorpei

1166 2912 1232 2980 ruli
1256 2910 1347 2993 vita,
1385 2922 1468 2979 ante
1492 2909 1617 2977 mundi
1634 2909 1971 2999 conflagrationem,
2013 2924 2048 2981 et
2070 2908 2147 2979 aot'r

1168 3012 1400 3080 novissimum
1422 3011 1612 3094 iudicium,
1644 3011 1815 3101 paulatim
1832 2999 1930 3095 a'liis,
1956 3012 2063 3081 citius
2081 3008 2171 3111 aliis·¹

1168 3114 1302 3184 tardius
1317 3110 1592 3202 resurgentibus.
1645 3109 1724 3182 Hoc
1741 3109 1924 3183 ludaicum
1945 3113 2149 3185 deliramen-

1168 3229 1242 3286 tum
1260 3237 1403 3305 prorsus
1424 3214 1684 3305 explodendum
1708 3227 1760 3284 est
1781 3237 1827 3285 ex
1849 3212 2021 3285 Ecclesia.
2121 3232 2155 3275 ’ψ

1273 3315 1313 3385 ln
1339 3315 1461 3384 libello
1489 3317 1534 3384 de
1568 3339 1698 3385 corona
1720 3316 1846 3386 militis
1870 3314 1983 3387 multa
2007 3315 2094 3389 dicit
2111 3314 2148 3387 dt

1170 3417 1300 3488 ritibus
1317 3411 1502 3502 humanis,
1530 3431 1564 3486 et
1583 3417 1772 3487 durissime
1792 3416 1998 3490 declamitat
2014 3420 2060 3489 de
2073 3440 2149 3501 conv·

1171 3518 1385 3607 suetudine,
1417 3512 1617 3587 habendam
1644 3543 1721 3587 earn
1745 3541 1819 3589 esse
1846 3543 1910 3608 pro
1937 3518 2029 3609 lege.
2085 3515 2150 3589 ‚llis

1172 3621 1276 3692 dictis
1293 3621 1331 3688 in
1346 3614 1503 3689 Ecclesia
1528 3619 1620 3689 male
1636 3621 1802 3705 detortis,
1827 3635 1867 3692 ut
1884 3621 1943 3701 tit,
1969 3623 2150 3695 conuenae

1172 3737 1298 3794 rentur
1320 3722 1478 3811 ingentes
1503 3743 1639 3791 errores
1660 3723 1829 3793 omnibus
1850 3723 2047 3810 aetatibus,
2077 3722 2151 3819 quit

1173 3847 1356 3916 nunquam
1380 3835 1474 3892 tanta
1497 3835 1549 3891 est
1571 3823 1755 3913 vigilantia
1778 3819 1989 3911 hominum,
2023 3839 2064 3903 ut
2083 3842 2150 3895 no!

1173 3928 1347 4017 obrepant
1361 3924 1500 4017 aliquae
1517 3923 1663 3995 vitiosae
1679 3925 1966 4000 consuetudines.

1269 4023 1443 4097 Recenset
1457 4039 1574 4095 autem
1591 4024 1838 4097 Tertullianus
1858 4028 2057 4099 admodum
2075 4046 2152 4120 poc·

1174 4127 1258 4196 siles
1273 4149 1402 4210 mores,
1415 4149 1460 4194 ne
1479 4140 1557 4216 post
1569 4128 1783 4218 baptismum
1798 4128 1925 4219 primis
1940 4143 2077 4220 septem
2085 4129 2153 4199 die·

1178 4229 1243 4297 bus
1260 4240 1360 4297 eatur
1376 4228 1414 4296 in
1427 4229 1607 4300 balneum.
1632 4227 1733 4313 ltem‚
1746 4244 1784 4300 ut
1794 4229 1979 4321 baptizatis
1996 4232 2153 4322 praebea-

1176 4343 1234 4399 tur
1247 4342 1449 4417 gustantum
1463 4329 1517 4399 lac
1526 4342 1561 4401 et
1570 4331 1648 4403 mel.
1678 4328 1996 4424 lbi,inquit,etiam
2011 4331 2153 4403 oblatio·

1178 4452 1241 4500 nes
1259 4454 1323 4521 pro
1333 4430 1520 4516 defunctis,
1534 4455 1602 4522 pro
1612 4431 1783 4503 natalitiis
1793 4457 1910 4502 annua
1926 4434 1986 4502 die
2002 4434 2159 4505 facimus-

1178 4533 1218 4601 ld
1251 4556 1349 4601 nunc
1373 4532 1483 4624 impie
1510 4536 1724 4626 detorquent
1749 4535 1942 4605 adversarii
1973 4536 2092 4611 nostri
2114 4534 2153 4607 at

1179 4631 1309 4703 Missas
1331 4658 1394 4724 pro
1418 4634 1577 4706 mortuis.
1637 4631 1712 4705 Cur
1739 4636 1871 4707 natales
1900 4635 2095 4724 omittunt,
2127 4632 2155 4707 ti

1178 4748 1317 4804 tantum
1343 4736 1507 4804 tribuunt
1528 4735 1711 4808 autoritati
1727 4735 1967 4808 Tertulliani?
2009 4738 2081 4811 Sed
2102 4736 2157 4811 ilis

1179 4860 1252 4904 non
1270 4836 1428 4926 loquitur
1442 4838 1486 4904 de
1501 4860 1610 4907 coena
1620 4836 1780 4912 Domini.
1830 4836 1964 4909 Verum
1983 4840 2024 4909 in
2040 4841 2161 4933 diebos·

1178 4937 1358 5006 natalibus
1379 4949 1413 5007 et
1427 4937 1593 5008 funerum
1607 4940 1858 5010 adferebantur
1873 4942 1909 5009 in
1927 4942 2062 5034 templa
2083 4938 2164 5025 cibi.-

1179 5051 1215 5106 et
1232 5037 1300 5106 alia
1319 5061 1464 5105 mernera
1483 5040 1708 5131 pauperibus.
1759 5039 1854 5111 Haec
1870 5043 2048 5118 vocabant
2066 5042 2159 5117 obla·

145 5169 224 5214 rurn
252 5140 513 5213 ordinationem
529 5139 634 5206 etiam
652 5136 801 5206 antefert
817 5138 1037 5206 ordinationi
1059 5136 1129 5205 mi·
1179 5140 1294 5211 tiones
1321 5152 1354 5207 et
1378 5133 1544 5237 oiyoinag,
1588 5155 1623 5214 et
1646 5164 1723 5212 mos
1751 5156 1827 5212 ‘rat
1850 5146 1893 5213 ab
1916 5138 2086 5215 Ephnpcgg
2107 5166 2160 5215 κ,

145 5240 359 5324 nistroruin,
398 5239 493 5333 quod
520 5249 572 5305 est
595 5236 698 5305 valde
721 5236 1015 5329 vituperandum,
1048 5261 1128 5308 cum
1181 5254 1323 5332 ceptus,
1363 5246 1424 5309 sed
1459 5238 1627 5311 nonnihil
1658 5257 1844 5318 correctus.
1895 5241 2161 5317 NamEtbniei

145 5345 323 5415 ordinatio
349 5341 596 5411 ministrorum
629 5337 804 5427 pertineat
827 5340 870 5409 ad
895 5340 1129 5433 praedicatio·
1181 5344 1315 5413 dabant
1332 5342 1456 5434 epulas
1480 5343 1584 5414 etia·
1607 5346 1647 5414 in
1671 5345 1830 5439 templis,
1868 5345 1908 5415 in
1930 5348 2162 5448 natalibus-et
