4522 5782
180 186 287 261 ssu
679 198 686 207 ·
796 180 923 261 euru
948 178 1067 259 uas
1093 178 1302 257 scotera
1330 174 1631 261 susurrus.
1693 194 1730 237 -·
1881 194 1976 261 m·
2118 182 2229 283 uu

187 357 578 448 tutionempatientur.
636 334 756 445 Quod
771 369 888 426 aretem
912 355 1021 440 dicit,
1053 379 1089 424 se
1111 357 1180 424 im·
1230 372 1332 444 posse
1345 355 1543 425 satisfacere
1560 349 1628 438 legi
1647 348 1732 436 Dei,
1758 365 1792 425 et
1807 352 2041 444 disciplinam
2056 376 2129 425 esse
2142 378 2208 444 per·

191 467 288 555 plere
310 486 369 539 ea,
405 484 493 552 quae
516 464 645 527 desunt
665 459 919 527 alllictionihus
942 453 1095 537 Christi,
1122 459 1180 525 in·
1229 459 1355 529 lectam
1382 455 1623 546 impletionem
1649 453 1735 542 legis
1751 468 1784 525 et
1802 456 2003 541 iusticiam,
2030 481 2101 547 qua
2119 452 2209 527 homo

192 565 371 652 telligatur
394 583 467 631 uon
489 566 533 629 de
557 561 704 644 merito,
728 564 788 628 sed
805 563 850 629 de
872 560 1105 631 similitudine
1127 560 1206 641 κί’-ς
1231 583 1349 629 coram
1367 556 1443 627 Deo
1461 555 1652 633 iostnssit,
1679 552 1745 627 hoc
1761 571 1836 640 est,
1862 559 2010 648 placens
2024 556 2103 625 Deo
2117 572 2208 651 etac-

196 667 418 748 flictinnum,
461 686 549 753 quas
570 674 610 731 ut
632 664 833 731 membrum
863 662 1021 752 corporis
1049 646 1207 735 Christi¹
1232 674 1353 750 ceptus
1375 661 1419 726 ad
1450 659 1557 727 vitam
1580 671 1770 731 aeternam.
1824 657 1921 731 llaec
1954 673 2041 730 sunt
2070 655 2208 751 philoso-

192 768 354 837 sustinet.
407 761 454 833 Et
475 765 558 855 quia
587 764 625 831 in
648 763 846 834 ministerio
871 765 1040 846 sustinet,
1076 764 1181 833 dicit:
1234 759 1357 855 phics,
1384 773 1418 830 et
1439 759 1623 852 quaeritur
1642 761 1877 834 concinnitas.

194 867 265 938 Pro
282 891 431 955 corpore
450 868 542 948 eius,
564 864 739 951 videlicet,
757 878 794 934 ut
811 864 1046 934 ministerium
1063 888 1182 933 meum
1334 862 1521 933 Secundus
1535 863 1661 929 modus
1680 860 1960 952 imposturarum
1977 876 2033 933 est
2051 862 2126 932 siue
2141 886 2210 933 eru-

193 971 324 1041 serviat
337 967 514 1037 Ecclesiae
531 969 567 1034 in
584 968 765 1049 docendo,
799 991 873 1035 non
896 968 993 1058 quod
1019 967 1183 1035 alilictio·
1234 966 1389 1047 ditione,
1415 962 1577 1031 videlicet
1603 976 1827 1033 externorum
1853 965 1989 1035 rituum
2010 978 2045 1035 et
2068 979 2210 1053 gestuum

192 1094 256 1141 nes
285 1071 539 1172 qustolorum
573 1068 643 1136 siut
675 1069 839 1137 meritum
870 1068 1182 1139 reconciliationis.
1234 1070 1320 1139 lalss
1340 1065 1637 1145 accommodatio,
1663 1065 1723 1154 qui
1742 1079 1858 1134 tamen
1877 1067 2040 1155 primum
2061 1067 2212 1137 indeorti

193 1172 265 1243 Sed
289 1184 408 1240 manet
430 1170 627 1238 communis
650 1169 771 1257 regula
801 1170 845 1237 de
871 1169 1106 1239 similitudine
1130 1170 1183 1237 af·
1234 1180 1337 1251 sunt,
1378 1169 1472 1261 quod
1504 1188 1644 1235 necesse
1668 1182 1716 1236 est
1743 1168 1779 1236 iu
1808 1171 1878 1235 vita
1901 1190 1977 1235 esse
2002 1170 2164 1237 ordinem
2185 1183 2213 1238 et

1236 1274 1354 1361 aliqua
1383 1269 1559 1338 exercitis.
1612 1264 1679 1335 His
1707 1284 1824 1357 postea
1855 1270 2039 1357 affingunt
2070 1266 2212 1339 homines

1208 1354 1213 1431 l
1237 1373 1442 1463 opinionem
1465 1370 1625 1439 iusticias
1649 1383 1681 1438 et
1707 1371 1845 1452 meriti,
1877 1385 1914 1440 et
1935 1371 2058 1442 cultus
2074 1368 2153 1454 Dei,
2174 1372 2212 1439 si·

195 1271 414 1343 llictionum:
441 1266 595 1361 Oportet
619 1294 684 1339 nos
709 1271 782 1341 lieri
801 1272 1000 1341 conformes
1022 1271 1185 1359 imaginis

195 1374 258 1443 lilii
289 1375 370 1443 Dei.
431 1368 480 1442 Et
506 1386 648 1463 propter
682 1396 769 1465 quas
794 1394 916 1443 causas
941 1372 1035 1442 filius
1056 1375 1185 1443 missus

200 1476 265 1553 sit,
295 1488 336 1545 ut
361 1475 457 1543 fieret
482 1475 642 1556 victima,
681 1474 864 1543 sciendum
890 1488 959 1554 est,
1003 1489 1036 1545 et
1057 1476 1185 1544 distin-

197 1575 337 1667 guenda
360 1570 493 1645 missio'
507 1575 572 1644 lilii
589 1599 608 1643 a
625 1574 762 1666 reliqua
789 1572 964 1660 Ecclesia,
990 1600 1079 1668 quae
1104 1601 1187 1667 pro·

197 1693 276 1770 pter
296 1679 381 1746 alias
402 1699 523 1746 causas
544 1676 640 1744 cruci
655 1677 810 1745 subiecta
829 1691 891 1749 est.
943 1676 1063 1748 Solius
1079 1675 1186 1747 Chri·

197 1781 243 1851 sti
265 1781 379 1867 passio
397 1791 448 1847 est
473 1770 628 1870 λύτρον,
656 1777 865 1848 afflictiones
895 1803 978 1849 vero
1008 1777 1187 1849 Ecclesiae

198 1896 281 2002 sapt
312 1874 594 1974 antwerpiae,
638 1891 700 1949 aut
723 1873 959 1973 δοκιμασίαι,
1000 1897 1061 1956 aut
1089 1906 1186 1978 μαρ-

197 2006 321 2075 svpsa.

490 2192 629 2303 Caput
658 2193 897 2280 secundum.

306 2373 516 2446 Admonitio
536 2390 585 2446 est
603 2379 647 2447 de
662 2377 817 2446 vitandis
831 2377 1040 2469 corruptelis
1056 2374 1189 2445 doctri-

203 2504 290 2559 nae,
326 2501 365 2546 ac
395 2477 549 2568 primum
580 2480 780 2568 insignibus
811 2480 990 2549 vocabulis
1014 2502 1099 2551 usus
1120 2490 1190 2555 est,

205 2574 534 2672 συμβιβασθίντες
552 2577 592 2650 ἐν
615 2572 761 2676 ἀγάπῃ,
807 2576 874 2650 hoc
904 2595 973 2665 est,
1016 2580 1190 2651 concinne

163 2732 166 2737 -
205 2682 459 2770 coagmentati,
485 2681 684 2763 coniuncti,
711 2682 866 2773 copulati
882 2682 1138 2755 indilectione.

305 2774 556 2875 Πληροφορία
582 2783 753 2871 signifieat
776 2780 1059 2868 (lentitudinem,
1083 2806 1189 2873 supra

205 2885 250 2957 ad
269 2882 467 2955 Romanos:
496 2881 748 2978 Unusquisque
770 2899 884 2955 certus
905 2887 951 2956 sit
974 2887 1010 2954 in
1027 2910 1087 2955 sua
1110 2909 1190 2954 sen-

204 2985 325 3057 tentia.
380 2983 430 3053 lta
446 2979 505 3052 hie
519 2986 623 3068 dicit,
649 3008 684 3053 se
700 2989 907 3056 confirmare
920 2984 1126 3070 Ecclesiam,
1151 2998 1192 3054 ut

205 3088 378 3166 certitudo
403 3086 484 3155 lidei
508 3088 606 3156 sitin
631 3088 717 3175 ipsis¹
732 3089 886 3173 firmior,
912 3089 994 3180 quia
1013 3090 1097 3157 fides
1115 3110 1189 3155 nnn

206 3204 258 3257 est
296 3188 499 3271 imaginatio
539 3190 701 3277 ambigua
747 3190 871 3259 similis
912 3192 1190 3260 academicarum

207 3291 505 3379 disputationum,
543 3292 601 3358 sed
637 3305 774 3380 oportet
810 3314 884 3360 esse
923 3294 1193 3374 certitudinem,

205 3391 297 3459 sicut
312 3392 443 3459 dicitur
461 3390 497 3456 in
516 3392 737 3461 delinitione:
765 3382 871 3462 Fides
889 3407 939 3463 est
956 3392 1101 3490 ἔλεγχος
1117 3419 1191 3462 non

204 3492 466 3581 apparentium:
495 3511 528 3559 et
546 3507 670 3563 notum
687 3507 738 3564 est
753 3497 904 3563 dictum:
930 3494 1003 3583 Qui
1020 3520 1093 3563 nnn
1115 3519 1189 3564 cre·

205 3594 258 3662 dit
279 3593 315 3658 in
338 3592 470 3672 lilium,
496 3592 566 3661 iam
589 3595 762 3664 iudicatus
778 3609 840 3667 est.
895 3594 998 3666 ltem:
1028 3595 1100 3685 Qui
1118 3621 1192 3665 non

205 3695 315 3761 credit
340 3694 377 3761 in
398 3693 527 3775 lilium,
552 3710 670 3764 manet
695 3698 744 3764 ira
763 3694 828 3764 Dei
845 3720 949 3787 super
967 3723 1058 3768 eum.
1111 3697 1192 3767 Nou

204 3809 256 3865 est
273 3809 389 3863 autem
406 3795 581 3865 dubitatio
598 3795 721 3881 Fides,
747 3799 882 3867 etiamsi
903 3800 1003 3869 initia
1019 3801 1098 3869 fidei
1114 3801 1193 3867 lan·

206 3896 312 3984 guida
347 3910 447 3978 sunt,
481 3921 633 3966 crescere
658 3913 776 3967 tamen
806 3900 1006 3970 firmitatem
1033 3914 1193 3990 oportet,

202 3997 294 4067 sicut
316 3998 375 4064 ille
400 3997 504 4087 petit:
540 3995 655 4069 Credo
678 3998 852 4084 Domine,
879 4025 982 4092 opem
1005 4003 1058 4071 ser
1080 4003 1193 4072 imbe-

207 4099 345 4167 cillitati
368 4122 475 4167 meae.

260 4257 391 4335 Videte
423 4263 578 4361 nequis
608 4258 758 4333 seducat
791 4291 852 4337 ros
880 4291 946 4364 per
972 4262 1143 4368 philoso-

587 4358 721 4460 phiam
745 4375 808 4440 elc.

192 4548 197 4555 .
309 4494 403 4567 Ante
425 4498 464 4565 in
489 4521 626 4567 summa
650 4503 824 4591 praecepit
850 4506 894 4572 de
922 4508 1086 4579 cavendis
1114 4534 1193 4579 cnr·

206 4602 375 4690 ruptelis,
403 4624 499 4668 nunc
518 4601 649 4690 species
663 4603 798 4694 aliquas
813 4625 987 4690 recenset,
1015 4613 1192 4682 conlusio-

205 4725 290 4774 uem
309 4695 555 4793 philosophiae
578 4716 612 4771 et
628 4701 830 4791 Evangelii,
863 4712 1105 4780 ordinationes
1123 4708 1192 4781 hu-

206 4825 351 4887 manas,
375 4801 473 4870 fictos
488 4799 747 4873 enthusiasmos
770 4821 803 4875 et
824 4812 989 4880 ementita
1014 4814 1192 4882 miracula.

135 4944 139 4949 ·
208 4902 269 4978 Ad
293 4899 358 4973 hos
382 4905 508 4973 modos
527 4905 600 4971 fece
625 4905 747 4974 reduci
766 4928 912 4997 possunt
934 4937 1055 4980 omnes
1078 4917 1193 5003 impo-

1237 1490 1297 1545 cut
1322 1497 1450 1542 nomen
1476 1471 1761 1563 superstitionem
1785 1472 1870 1544 inde
1887 1473 2017 1545 lacum
2041 1486 2110 1558 est,
2131 1475 2211 1566 quod

1238 1577 1283 1647 sit
1299 1575 1486 1645 immodica
1502 1572 1687 1642 assiduitas
1706 1574 1742 1641 in
1758 1574 1898 1646 ritihus.
1951 1572 2040 1643 Huc
2055 1576 2212 1666 pertinent

1239 1679 1329 1748 ritus
1356 1670 1630 1756 monachorum,
1663 1675 1867 1745 discrimina
1890 1677 2083 1755 ciborum,
2122 1677 2211 1747 coeli·

1237 1783 1361 1857 batus,
1385 1770 1646 1873 βαττολογίαι,
1681 1790 1714 1845 et
1736 1778 1897 1846 omnium
1923 1778 2089 1867 gentium
2111 1801 2211 1870 super·

1239 1882 1410 1953 stitiones.
1465 1876 1569 1949 Unde
1585 1894 1617 1946 et
1643 1878 1752 1946 multa
1773 1879 1868 1947 idola
1886 1894 1967 1949 orta
1995 1893 2032 1950 et
2055 1881 2209 1950 cumulata

1239 1996 1339 2066 sunt,
1370 1980 1500 2051 milites
1523 1993 1696 2071 quaerunt
1725 2004 1856 2049 numen
1882 1995 1982 2050 certo
2010 1982 2105 2063 ritu,
2134 1983 2210 2073 quod

1240 2086 1436 2178 opituletur
1459 2083 1497 2150 in
1523 2081 1634 2149 hello:
1668 2082 1833 2150 mulieres
1854 2097 2042 2175 quaerunt
2064 2082 2211 2153 astriliuu

1240 2189 1279 2257 in
1296 2200 1419 2277 partu,
1445 2184 1525 2253 ideo
1541 2195 1676 2253 statuae
1694 2180 1860 2268 lunonis,
1891 2182 2029 2255 Annae
2045 2198 2110 2256 etc.
2131 2208 2212 2255 exco-

1241 2290 1367 2379 gitatae
1389 2299 1482 2359 sunt.

1344 2388 1387 2458 ln
1409 2382 1465 2455 his
1490 2387 1629 2455 duobus
1651 2387 1764 2453 modis
1782 2400 1899 2474 peccat
1917 2388 2035 2469 ratio,
2065 2409 2213 2477 quaerens

1242 2491 1356 2563 Deum
1374 2490 1451 2558 sine
1468 2489 1595 2568 verbo,
1617 2503 1677 2556 aut
1695 2489 1791 2557 intus
1809 2489 2050 2579 disputando,
2076 2504 2136 2560 aut
2148 2489 2213 2557 foris

1240 2595 1334 2664 male
1356 2591 1658 2662 accommodando
1683 2605 1800 2676 gestus
1823 2605 1858 2660 et
1880 2614 2006 2680 opera.

1237 2752 1243 2765 .
1344 2693 1489 2763 Tertius
1511 2693 1638 2760 modus
1664 2704 1713 2760 est
1730 2705 1793 2761 aut
1815 2691 2053 2783 impudenter
2073 2689 2214 2761 simulate

1243 2798 1398 2878 vanitas,
1420 2809 1481 2863 aut
1503 2794 1679 2863 diabolica
1701 2792 1834 2867 illusio.
1888 2792 2006 2863 Multi
2029 2793 2126 2873 enim
2146 2793 2214 2861 lala

1244 2901 1402 2969 iactitant
1435 2890 1710 2977 enthusiasmos,
1739 2908 1779 2966 ut
1803 2897 2069 2985 Anabaptistae
2093 2894 2214 2986 plurimi

1243 2999 1299 3071 his
1324 2996 1514 3069 mendaciis
1536 3019 1572 3065 se
1596 2997 1797 3066 venditant:
1829 3011 1891 3068 aut
1914 3011 2002 3067 suut
2030 2997 2214 3086 praestigiae

1243 3103 1455 3182 diabolicae,
1488 3111 1527 3167 ut
1550 3112 1585 3167 ct
1604 3097 1714 3165 multa
1739 3099 1825 3167 falsa
1849 3099 2028 3168 miracula
2048 3125 2067 3166 a
2086 3100 2214 3167 diabolis

1244 3206 1352 3285 liunt,
1379 3215 1411 3269 et
1435 3223 1536 3287 saepe
1552 3213 1685 3288 spectra
1704 3221 1777 3267 sese
1793 3199 1906 3270 oculis
1930 3196 2125 3267 hominum
2146 3200 2213 3269 ode·

1243 3318 1336 3374 rrmt.
1398 3299 1463 3371 Est
1482 3314 1598 3368 autem
1623 3296 1690 3368 hoc
1718 3302 1797 3370 loco
1820 3301 2041 3371 vocabulum
2067 3306 2213 3396 oulupse

1243 3411 1343 3503 polu,
1371 3405 1466 3495 quod
1483 3401 1654 3490 significat
1669 3403 1849 3491 captivum
1868 3403 2052 3472 adducere
2070 3419 2213 3496 tanquan

1245 3509 1423 3599 praedam.
1475 3504 1565 3571 Nam
1593 3505 1711 3573 σκῦλα
1737 3505 1937 3591 significant
1961 3504 2110 3594 Spolia,
2153 3506 2213 3573 inde

1245 3625 1296 3679 est
1318 3612 1412 3679 σῦλα
1438 3629 1509 3673 srna
1532 3605 1632 3672 litera
1657 3605 1794 3673 detrita.
1846 3603 1947 3675 lubet
1972 3607 2087 3695 igitur
2105 3630 2212 3682 cavere,

1245 3736 1289 3779 ne
1304 3709 1522 3798 decipiamur
1540 3705 1609 3773 illis
1629 3707 1760 3791 modis,
1786 3709 1830 3773 de
1853 3708 1989 3798 quibus
2013 3732 2080 3776 nos
2104 3722 2211 3792 monet,

1246 3826 1278 3881 et
1292 3812 1397 3879 simul
1420 3808 1589 3896 significat
1606 3809 1767 3893 deceptos
1784 3821 1818 3877 et
1835 3809 1943 3876 simul
1961 3811 2125 3878 irretitos
2141 3812 2213 3878 velut

1245 3913 1402 4005 captivos
1426 3908 1557 3991 teneri,
1594 3932 1657 3977 nec
1683 3910 1786 3978 facile
1815 3910 1983 3991 liberari,
2026 3913 2120 3982 sicut
2150 3911 2214 3980 alili

1245 4015 1381 4107 inquit,
1421 4034 1440 4080 a
1479 4010 1623 4079 diabolo
1665 4024 1800 4082 mentes
1840 4011 2041 4103 impiorum
2086 4016 2214 4105 captivas

1248 4115 1372 4186 teneri.
1816 4134 1824 4141 ·

1346 4212 1399 4284 De
1423 4212 1539 4304 primo
1562 4226 1679 4281 autem
1706 4215 1812 4282 modn
1837 4214 1951 4284 sciant
1978 4217 2140 4293 iuniores
2163 4244 2221 4309 noo,

1245 4317 1406 4386 damnari
1449 4338 1567 4382 veram
1600 4309 1860 4402 philosophiam
1895 4337 2107 4392 manentem
2146 4325 2215 4392 intra

1208 4452 1211 4460 ·
1246 4441 1325 4488 suas
1347 4430 1475 4500 metas,
1516 4417 1574 4483 sed
1598 4417 1756 4483 damnari
1782 4418 2033 4489 confusionem
2058 4428 2214 4495 doctrina.

1245 4544 1343 4603 rtsm,
1380 4543 1459 4587 cum
1489 4512 1713 4606 philosophia
1741 4519 1886 4588 docetur
1919 4543 1989 4610 pro
2022 4521 2215 4616 Evangelio,

1245 4623 1343 4717 quod
1369 4633 1419 4689 est
1447 4618 1639 4686 revelatum
1665 4630 1699 4688 et
1732 4632 1781 4687 est
1808 4635 1905 4690 extra
1935 4638 2085 4713 captum
2111 4625 2215 4697 huma·

1245 4746 1349 4803 num,
1382 4745 1441 4790 seu
1459 4744 1538 4788 cum
1555 4713 1788 4807 Evangelium
1804 4721 2087 4797 transformatur
2103 4732 2141 4801 in
2156 4727 2215 4821 phi·

1246 4817 1461 4914 losophiam,
1487 4835 1527 4890 ut
1550 4844 1663 4915 cra-sse
1685 4821 1818 4893 sariunt
1845 4819 2034 4913 Pelagiani
2059 4844 2094 4899 et
2114 4855 2214 4901 mous·

1246 4919 1324 5006 chi,
1357 4922 1419 5016 qui
1442 4922 1619 4990 linxerunt
1642 4916 1806 4991 homines
1830 4945 1933 5013 posse
1954 4927 2028 5016 legi
2053 4928 2120 5001 Dei
2136 4934 2213 5005 satis·

208 5020 346 5090 sturae,
379 5018 419 5074 ut
444 5004 713 5088 Samosatenus,
740 5006 983 5097 Mahometus,
1016 5014 1193 5097 Servetus,
1246 5026 1378 5107 facere,
1420 5037 1454 5092 et
1476 5019 1568 5092 hanc
1591 5024 1873 5117 qualemcunque
1903 5027 2135 5120 disciplinam
2161 5056 2213 5105 me

207 5104 445 5177 Thammerus
469 5120 645 5227 quaepunt
668 5103 950 5202 philosophicam
974 5118 1194 5187 concinnita-
1248 5128 1434 5213 perlectam
1465 5125 1708 5214 impletionem
1735 5124 1840 5214 legis,
1882 5139 1918 5196 ot
1948 5135 2080 5201 mareri
2113 5138 2212 5205 remp.

204 5221 295 5290 tem,
322 5210 505 5298 disputant
526 5210 640 5323 loyor
664 5230 738 5276 esse
762 5224 899 5281 tantum
919 5240 1039 5283 vocem
1064 5242 1194 5291 evanee
1246 5228 1381 5296 sionem
1400 5240 1639 5315 peccatorum,
1667 5239 1700 5296 et
1722 5248 1796 5296 esse
1811 5227 2015 5316 iusticiam,
2042 5260 2112 5326 qua
2129 5235 2211 5306 hom

198 5322 373 5428 parentem.
433 5306 595 5397 Pelagius
618 5321 653 5379 el
671 5306 839 5381 monachi
862 5315 988 5387 dicuni
1011 5312 1193 5390 hominem
1247 5329 1293 5397 sit
1317 5328 1429 5398 iustus
1450 5351 1566 5396 coram
1585 5324 1683 5407 Deo,
1710 5329 1853 5418 placens
1866 5325 1945 5400 Deo
1965 5346 2001 5403 pt
2016 5336 2211 5431 accepquud
