<?xml version="1.0" encoding="UTF-8"?>
<!DOCTYPE html PUBLIC "-//W3C//DTD XHTML 1.0 Transitional//EN"
    "http://www.w3.org/TR/xhtml1/DTD/xhtml1-transitional.dtd">
<html xmlns="http://www.w3.org/1999/xhtml" xml:lang="en" lang="en">
 <head>
  <title>
</title>
<meta http-equiv="Content-Type" content="text/html;charset=utf-8" />
  <meta name='ocr-system' content='tesseract 3.04.00' />
  <meta name='ocr-capabilities' content='ocr_page ocr_carea ocr_par ocr_line ocrx_word'/>
</head>
<body>
  <div class='ocr_page' id='page_1' title='image "./corpusreformato01melagoog/corpusreformato01melagoog_0372.png"; bbox 0 0 4522 5782; ppageno 0'>
   <div class='ocr_carea' id='block_1_1' title="bbox 93 130 2249 295">
    <p class='ocr_par' dir='ltr' id='par_1_1' title="bbox 93 130 2249 295">
     <span class='ocr_line' id='line_1_1' title="bbox 93 130 2249 295; baseline 0 -30"><span class='ocrx_word' id='word_1_1' title='bbox 93 190 171 271; x_wconf 86' lang='lat' dir='ltr'>sss</span> <span class='ocrx_word' id='word_1_2' title='bbox 229 130 363 265; x_wconf 79' lang='lat' dir='ltr'>&#39;ans</span> <span class='ocrx_word' id='word_1_3' title='bbox 414 190 452 265; x_wconf 74' lang='lat' dir='ltr'>a</span> <span class='ocrx_word' id='word_1_4' title='bbox 485 181 851 295; x_wconf 82' lang='lat' dir='ltr'>conuuurauu</span> <span class='ocrx_word' id='word_1_5' title='bbox 877 182 930 259; x_wconf 85' lang='lat' dir='ltr'>m</span> <span class='ocrx_word' id='word_1_6' title='bbox 954 175 1669 267; x_wconf 75' lang='lat' dir='ltr'>sarsurauuanunrsanos.</span> <span class='ocrx_word' id='word_1_7' title='bbox 1719 184 1957 268; x_wconf 84' lang='lat' dir='ltr'>csr.x1u.</span> <span class='ocrx_word' id='word_1_8' title='bbox 2051 192 2127 271; x_wconf 79' lang='lat' dir='ltr'>aas</span> <span class='ocrx_word' id='word_1_9' title='bbox 2244 187 2249 195; x_wconf 85' lang='lat'>·</span> 
     </span>
    </p>
   </div>
   <div class='ocr_carea' id='block_1_2' title="bbox 91 316 2165 671">
    <p class='ocr_par' dir='ltr' id='par_1_2' title="bbox 91 316 2165 671">
     <span class='ocr_line' id='line_1_2' title="bbox 93 316 2125 462; baseline 0.003 -27"><span class='ocrx_word' id='word_1_10' title='bbox 93 364 164 457; x_wconf 83' lang='lat' dir='ltr'>ipsi</span> <span class='ocrx_word' id='word_1_11' title='bbox 178 363 293 437; x_wconf 81' lang='lat' dir='ltr'>iustas</span> <span class='ocrx_word' id='word_1_12' title='bbox 307 363 401 453; x_wconf 87' lang='lat' dir='ltr'>leges</span> <span class='ocrx_word' id='word_1_13' title='bbox 416 361 591 444; x_wconf 83' lang='lat' dir='ltr'>condant,</span> <span class='ocrx_word' id='word_1_14' title='bbox 627 380 709 448; x_wconf 89' lang='lat' dir='ltr'>ergo</span> <span class='ocrx_word' id='word_1_15' title='bbox 724 358 803 431; x_wconf 82' lang='lat' dir='ltr'>vult</span> <span class='ocrx_word' id='word_1_16' title='bbox 822 359 929 439; x_wconf 85' lang='lat' dir='ltr'>etism</span> <span class='ocrx_word' id='word_1_17' title='bbox 949 381 1016 430; x_wconf 87' lang='lat' dir='ltr'>nos</span> <span class='ocrx_word' id='word_1_18' title='bbox 1037 359 1083 429; x_wconf 90' lang='lat' dir='ltr'>il·</span> <span class='ocrx_word' id='word_1_19' title='bbox 1133 354 1239 447; x_wconf 84' lang='lat' dir='ltr'>petit:</span> <span class='ocrx_word' id='word_1_20' title='bbox 1264 353 1313 429; x_wconf 90' lang='lat' dir='ltr'>Ut</span> <span class='ocrx_word' id='word_1_21' title='bbox 1328 316 1510 430; x_wconf 81' lang='lat' dir='ltr'>teneamus</span> <span class='ocrx_word' id='word_1_22' title='bbox 1525 374 1654 432; x_wconf 83' lang='lat' dir='ltr'>certam</span> <span class='ocrx_word' id='word_1_23' title='bbox 1674 364 1892 454; x_wconf 77' lang='lat' dir='ltr'><strong>doctrinam,</strong></span> <span class='ocrx_word' id='word_1_24' title='bbox 1908 388 1999 462; x_wconf 88' lang='lat' dir='ltr'>quse</span> <span class='ocrx_word' id='word_1_25' title='bbox 2017 384 2125 459; x_wconf 86' lang='lat' dir='ltr'>opera¹</span> 
     </span>
     <span class='ocr_line' id='line_1_3' title="bbox 91 458 2123 558; baseline 0.002 -20"><span class='ocrx_word' id='word_1_26' title='bbox 91 468 137 538; x_wconf 89' lang='lat' dir='ltr'>lis</span> <span class='ocrx_word' id='word_1_27' title='bbox 152 468 294 558; x_wconf 85' lang='lat' dir='ltr'>legibus</span> <span class='ocrx_word' id='word_1_28' title='bbox 312 463 489 537; x_wconf 86' lang='lat' dir='ltr'>subiectos</span> <span class='ocrx_word' id='word_1_29' title='bbox 510 485 595 533; x_wconf 90' lang='lat' dir='ltr'>esse.</span> <span class='ocrx_word' id='word_1_30' title='bbox 648 461 719 533; x_wconf 87' lang='lat' dir='ltr'>Sed</span> <span class='ocrx_word' id='word_1_31' title='bbox 741 459 948 535; x_wconf 82' lang='lat' dir='ltr'>Pastoribus</span> <span class='ocrx_word' id='word_1_32' title='bbox 971 463 1082 534; x_wconf 85' lang='lat' dir='ltr'>tradi.</span> <span class='ocrx_word' id='word_1_33' title='bbox 1134 458 1207 529; x_wconf 91' lang='lat' dir='ltr'>sint</span> <span class='ocrx_word' id='word_1_34' title='bbox 1236 463 1440 532; x_wconf 88' lang='lat' dir='ltr'>necessaria.</span> <span class='ocrx_word' id='word_1_35' title='bbox 1505 460 1653 535; x_wconf 85' lang='lat' dir='ltr'>Necesse</span> <span class='ocrx_word' id='word_1_36' title='bbox 1682 480 1733 536; x_wconf 91' lang='lat' dir='ltr'>est</span> <span class='ocrx_word' id='word_1_37' title='bbox 1764 470 1859 539; x_wconf 91' lang='lat' dir='ltr'>enirn</span> <span class='ocrx_word' id='word_1_38' title='bbox 1891 470 2123 543; x_wconf 73' lang='lat' dir='ltr'>conscientias</span> 
     </span>
     <span class='ocr_line' id='line_1_4' title="bbox 91 553 2165 671; baseline 0.002 -30"><span class='ocrx_word' id='word_1_39' title='bbox 91 572 145 644; x_wconf 88' lang='lat' dir='ltr'>dit</span> <span class='ocrx_word' id='word_1_40' title='bbox 158 567 480 651; x_wconf 83' lang='lat' dir='ltr'>certumverbum,</span> <span class='ocrx_word' id='word_1_41' title='bbox 504 588 569 634; x_wconf 90' lang='lat' dir='ltr'>nec</span> <span class='ocrx_word' id='word_1_42' title='bbox 587 563 663 634; x_wconf 85' lang='lat' dir='ltr'>vult</span> <span class='ocrx_word' id='word_1_43' title='bbox 679 587 745 633; x_wconf 92' lang='lat' dir='ltr'>nos</span> <span class='ocrx_word' id='word_1_44' title='bbox 766 564 915 662; x_wconf 77' lang='lat' dir='ltr'>insuper</span> <span class='ocrx_word' id='word_1_45' title='bbox 936 589 1010 635; x_wconf 89' lang='lat' dir='ltr'>esse</span> <span class='ocrx_word' id='word_1_46' title='bbox 1031 566 1082 633; x_wconf 87' lang='lat' dir='ltr'>le-</span> <span class='ocrx_word' id='word_1_47' title='bbox 1131 553 1264 631; x_wconf 83' lang='lat' dir='ltr'>lsabcre</span> <span class='ocrx_word' id='word_1_48' title='bbox 1285 567 1433 635; x_wconf 78' lang='lat' dir='ltr'>verbum</span> <span class='ocrx_word' id='word_1_49' title='bbox 1457 578 1610 653; x_wconf 89' lang='lat' dir='ltr'>certum,</span> <span class='ocrx_word' id='word_1_50' title='bbox 1642 568 1747 638; x_wconf 91' lang='lat' dir='ltr'>etiam</span> <span class='ocrx_word' id='word_1_51' title='bbox 1770 573 1815 640; x_wconf 89' lang='lat' dir='ltr'>de</span> <span class='ocrx_word' id='word_1_52' title='bbox 1834 574 2021 664; x_wconf 77' lang='lat' dir='ltr'>operibus,</span> <span class='ocrx_word' id='word_1_53' title='bbox 2049 598 2122 671; x_wconf 90' lang='lat' dir='ltr'>quo</span> <span class='ocrx_word' id='word_1_54' title='bbox 2158 614 2165 625; x_wconf 81' lang='lat'>.</span> 
     </span>
    </p>
   </div>
   <div class='ocr_carea' id='block_1_3' title="bbox 88 662 2226 5461">
    <p class='ocr_par' dir='ltr' id='par_1_3' title="bbox 88 662 2226 5461">
     <span class='ocr_line' id='line_1_5' title="bbox 89 662 2215 762; baseline 0.003 -20"><span class='ocrx_word' id='word_1_55' title='bbox 89 673 294 762; x_wconf 87' lang='lat' dir='ltr'>gislatores,</span> <span class='ocrx_word' id='word_1_56' title='bbox 327 683 389 741; x_wconf 87' lang='lat' dir='ltr'>aut</span> <span class='ocrx_word' id='word_1_57' title='bbox 404 668 492 737; x_wconf 90' lang='lat' dir='ltr'>alias</span> <span class='ocrx_word' id='word_1_58' title='bbox 508 667 601 756; x_wconf 91' lang='lat' dir='ltr'>leges</span> <span class='ocrx_word' id='word_1_59' title='bbox 617 667 768 747; x_wconf 89' lang='lat' dir='ltr'>addere,</span> <span class='ocrx_word' id='word_1_60' title='bbox 799 662 897 757; x_wconf 78' lang='lat' dir='ltr'>Ergo</span> <span class='ocrx_word' id='word_1_61' title='bbox 919 668 1081 761; x_wconf 74' lang='lat' dir='ltr'>requirit,</span> <span class='ocrx_word' id='word_1_62' title='bbox 1132 677 1320 752; x_wconf 87' lang='lat' dir='ltr'>regantur,</span> <span class='ocrx_word' id='word_1_63' title='bbox 1346 689 1392 735; x_wconf 92' lang='lat' dir='ltr'>ne</span> <span class='ocrx_word' id='word_1_64' title='bbox 1407 664 1542 756; x_wconf 91' lang='lat' dir='ltr'>tingant</span> <span class='ocrx_word' id='word_1_65' title='bbox 1558 669 1675 740; x_wconf 89' lang='lat' dir='ltr'>cultus</span> <span class='ocrx_word' id='word_1_66' title='bbox 1688 670 1765 741; x_wconf 86' lang='lat' dir='ltr'>sine</span> <span class='ocrx_word' id='word_1_67' title='bbox 1779 676 1947 746; x_wconf 89' lang='lat' dir='ltr'>mandato</span> <span class='ocrx_word' id='word_1_68' title='bbox 1959 675 2047 759; x_wconf 89' lang='lat' dir='ltr'>Dei,</span> <span class='ocrx_word' id='word_1_69' title='bbox 2077 682 2124 747; x_wconf 89' lang='lat' dir='ltr'>ds</span> <span class='ocrx_word' id='word_1_70' title='bbox 2210 697 2215 703; x_wconf 85' lang='lat'><em>·</em></span> 
     </span>
     <span class='ocr_line' id='line_1_6' title="bbox 89 765 2219 866; baseline 0.001 -20"><span class='ocrx_word' id='word_1_71' title='bbox 89 789 127 846; x_wconf 93' lang='lat' dir='ltr'>ut</span> <span class='ocrx_word' id='word_1_72' title='bbox 146 775 205 845; x_wconf 90' lang='lat' dir='ltr'>illi</span> <span class='ocrx_word' id='word_1_73' title='bbox 218 774 333 866; x_wconf 79' lang='lat' dir='ltr'>¹verbo</span> <span class='ocrx_word' id='word_1_74' title='bbox 350 769 479 842; x_wconf 92' lang='lat' dir='ltr'>tradito</span> <span class='ocrx_word' id='word_1_75' title='bbox 497 769 607 837; x_wconf 88' lang='lat' dir='ltr'>simus</span> <span class='ocrx_word' id='word_1_76' title='bbox 623 767 789 854; x_wconf 88' lang='lat' dir='ltr'>subiecti,</span> <span class='ocrx_word' id='word_1_77' title='bbox 815 791 889 838; x_wconf 91' lang='lat' dir='ltr'>non</span> <span class='ocrx_word' id='word_1_78' title='bbox 907 772 1010 840; x_wconf 87' lang='lat' dir='ltr'>novis</span> <span class='ocrx_word' id='word_1_79' title='bbox 1029 771 1081 839; x_wconf 93' lang='lat' dir='ltr'>le-</span> <span class='ocrx_word' id='word_1_80' title='bbox 1132 766 1262 856; x_wconf 86' lang='lat' dir='ltr'>quibus</span> <span class='ocrx_word' id='word_1_81' title='bbox 1279 767 1398 860; x_wconf 92' lang='lat' dir='ltr'>inquit</span> <span class='ocrx_word' id='word_1_82' title='bbox 1412 765 1587 842; x_wconf 87' lang='lat' dir='ltr'>Christus:</span> <span class='ocrx_word' id='word_1_83' title='bbox 1623 769 1768 845; x_wconf 75' lang='lat' dir='ltr'>Frustra</span> <span class='ocrx_word' id='word_1_84' title='bbox 1792 777 1916 849; x_wconf 83' lang='lat' dir='ltr'>colunt</span> <span class='ocrx_word' id='word_1_85' title='bbox 1937 801 1994 849; x_wconf 91' lang='lat' dir='ltr'>me</span> <span class='ocrx_word' id='word_1_86' title='bbox 2018 803 2121 849; x_wconf 89' lang='lat' dir='ltr'>man·</span> <span class='ocrx_word' id='word_1_87' title='bbox 2207 768 2219 791; x_wconf 59' lang='lat'>⁸</span> 
     </span>
     <span class='ocr_line' id='line_1_7' title="bbox 88 861 2169 971; baseline -0.005 -24"><span class='ocrx_word' id='word_1_88' title='bbox 88 878 162 969; x_wconf 80' lang='lat' dir='ltr'>gib.</span> <span class='ocrx_word' id='word_1_89' title='bbox 176 900 269 971; x_wconf 84' lang='lat' dir='ltr'>quas</span> <span class='ocrx_word' id='word_1_90' title='bbox 281 873 351 968; x_wconf 87' lang='lat' dir='ltr'>ipsi</span> <span class='ocrx_word' id='word_1_91' title='bbox 365 873 512 964; x_wconf 87' lang='lat' dir='ltr'>insuper</span> <span class='ocrx_word' id='word_1_92' title='bbox 526 871 680 941; x_wconf 90' lang='lat' dir='ltr'>addituri</span> <span class='ocrx_word' id='word_1_93' title='bbox 696 883 792 944; x_wconf 87' lang='lat' dir='ltr'>sunt.</span> <span class='ocrx_word' id='word_1_94' title='bbox 845 868 897 943; x_wconf 82' lang='lat' dir='ltr'>lte</span> <span class='ocrx_word' id='word_1_95' title='bbox 911 870 1080 942; x_wconf 76' lang='lat' dir='ltr'>differen-</span> <span class='ocrx_word' id='word_1_96' title='bbox 1133 868 1226 939; x_wconf 81' lang='lat' dir='ltr'>datis</span> <span class='ocrx_word' id='word_1_97' title='bbox 1245 861 1446 940; x_wconf 89' lang='lat' dir='ltr'>hominum.</span> <span class='ocrx_word' id='word_1_98' title='bbox 2166 954 2169 959; x_wconf 9' lang='grc' dir='ltr'><strong>ἡ</strong></span> 
     </span>
     <span class='ocr_line' id='line_1_8' title="bbox 88 966 2124 1071; baseline 0.001 -20"><span class='ocrx_word' id='word_1_99' title='bbox 88 980 135 1051; x_wconf 84' lang='lat' dir='ltr'>tis</span> <span class='ocrx_word' id='word_1_100' title='bbox 151 992 370 1071; x_wconf 87' lang='lat' dir='ltr'>potestatum</span> <span class='ocrx_word' id='word_1_101' title='bbox 384 973 520 1067; x_wconf 91' lang='lat' dir='ltr'>aliquid</span> <span class='ocrx_word' id='word_1_102' title='bbox 537 972 627 1044; x_wconf 92' lang='lat' dir='ltr'>lucis</span> <span class='ocrx_word' id='word_1_103' title='bbox 644 973 745 1044; x_wconf 85' lang='lat' dir='ltr'>addit</span> <span class='ocrx_word' id='word_1_104' title='bbox 759 966 843 1044; x_wconf 88' lang='lat' dir='ltr'>huic</span> <span class='ocrx_word' id='word_1_105' title='bbox 864 973 1078 1069; x_wconf 90' lang='lat' dir='ltr'>quaestioni.</span> <span class='ocrx_word' id='word_1_106' title='bbox 1234 967 1337 1041; x_wconf 88' lang='lat' dir='ltr'>Hanc</span> <span class='ocrx_word' id='word_1_107' title='bbox 1352 972 1562 1043; x_wconf 88' lang='lat' dir='ltr'>sententiam</span> <span class='ocrx_word' id='word_1_108' title='bbox 1578 977 1789 1071; x_wconf 79' lang='lat' dir='ltr'>detorquent</span> <span class='ocrx_word' id='word_1_109' title='bbox 1804 983 1973 1052; x_wconf 91' lang='lat' dir='ltr'>nonnulli</span> <span class='ocrx_word' id='word_1_110' title='bbox 1996 996 2124 1055; x_wconf 82' lang='lat' dir='ltr'>contra</span> 
     </span>
     <span class='ocr_line' id='line_1_9' title="bbox 88 1069 2120 1179; baseline 0.002 -27"><span class='ocrx_word' id='word_1_111' title='bbox 88 1078 159 1153; x_wconf 79' lang='lat' dir='ltr'>sss</span> <span class='ocrx_word' id='word_1_112' title='bbox 174 1095 296 1151; x_wconf 89' lang='lat' dir='ltr'>tamen</span> <span class='ocrx_word' id='word_1_113' title='bbox 311 1078 422 1150; x_wconf 89' lang='lat' dir='ltr'>tutius</span> <span class='ocrx_word' id='word_1_114' title='bbox 435 1089 489 1146; x_wconf 86' lang='lat' dir='ltr'>est</span> <span class='ocrx_word' id='word_1_115' title='bbox 504 1075 572 1144; x_wconf 91' lang='lat' dir='ltr'>niti</span> <span class='ocrx_word' id='word_1_116' title='bbox 586 1076 694 1146; x_wconf 89' lang='lat' dir='ltr'>altera</span> <span class='ocrx_word' id='word_1_117' title='bbox 718 1076 877 1157; x_wconf 82' lang='lat' dir='ltr'>ratione,</span> <span class='ocrx_word' id='word_1_118' title='bbox 903 1077 1078 1161; x_wconf 85' lang='lat' dir='ltr'>videlicet,</span> <span class='ocrx_word' id='word_1_119' title='bbox 1131 1069 1331 1142; x_wconf 84' lang='lat' dir='ltr'>doctrinam</span> <span class='ocrx_word' id='word_1_120' title='bbox 1354 1077 1399 1146; x_wconf 91' lang='lat' dir='ltr'>de</span> <span class='ocrx_word' id='word_1_121' title='bbox 1422 1075 1513 1162; x_wconf 86' lang='lat' dir='ltr'>lide,</span> <span class='ocrx_word' id='word_1_122' title='bbox 1546 1080 1629 1171; x_wconf 92' lang='lat' dir='ltr'>quia</span> <span class='ocrx_word' id='word_1_123' title='bbox 1651 1072 1711 1151; x_wconf 88' lang='lat' dir='ltr'>bic</span> <span class='ocrx_word' id='word_1_124' title='bbox 1727 1080 1860 1154; x_wconf 87' lang='lat' dir='ltr'>Paulus</span> <span class='ocrx_word' id='word_1_125' title='bbox 1884 1086 2022 1179; x_wconf 91' lang='lat' dir='ltr'>inquit,</span> <span class='ocrx_word' id='word_1_126' title='bbox 2053 1083 2120 1156; x_wconf 89' lang='lat' dir='ltr'>Di-</span> 
     </span>
     <span class='ocr_line' id='line_1_10' title="bbox 88 1170 2119 1277; baseline 0.003 -24"><span class='ocrx_word' id='word_1_127' title='bbox 88 1183 186 1277; x_wconf 76' lang='lat' dir='ltr'>qund</span> <span class='ocrx_word' id='word_1_128' title='bbox 212 1182 374 1252; x_wconf 88' lang='lat' dir='ltr'>doctrina</span> <span class='ocrx_word' id='word_1_129' title='bbox 398 1178 590 1271; x_wconf 85' lang='lat' dir='ltr'>apostolica</span> <span class='ocrx_word' id='word_1_130' title='bbox 616 1178 788 1269; x_wconf 74' lang='lat' dir='ltr'>postulet,</span> <span class='ocrx_word' id='word_1_131' title='bbox 820 1189 861 1248; x_wconf 89' lang='lat' dir='ltr'>ut</span> <span class='ocrx_word' id='word_1_132' title='bbox 885 1180 1079 1249; x_wconf 88' lang='lat' dir='ltr'>sentiamus</span> <span class='ocrx_word' id='word_1_133' title='bbox 1129 1171 1280 1245; x_wconf 87' lang='lat' dir='ltr'>lectione</span> <span class='ocrx_word' id='word_1_134' title='bbox 1293 1170 1406 1265; x_wconf 84' lang='lat' dir='ltr'>legem</span> <span class='ocrx_word' id='word_1_135' title='bbox 1421 1177 1574 1268; x_wconf 90' lang='lat' dir='ltr'>impleri.</span> <span class='ocrx_word' id='word_1_136' title='bbox 1623 1177 1728 1252; x_wconf 82' lang='lat' dir='ltr'>Unde</span> <span class='ocrx_word' id='word_1_137' title='bbox 1744 1183 1793 1254; x_wconf 90' lang='lat' dir='ltr'>sic</span> <span class='ocrx_word' id='word_1_138' title='bbox 1809 1195 2119 1276; x_wconf 88' lang='lat' dir='ltr'>argumentantur:</span> 
     </span>
     <span class='ocr_line' id='line_1_11' title="bbox 88 1273 2222 1382; baseline 0.005 -31"><span class='ocrx_word' id='word_1_139' title='bbox 88 1285 320 1356; x_wconf 75' lang='lat' dir='ltr'>violationem</span> <span class='ocrx_word' id='word_1_140' title='bbox 349 1283 468 1373; x_wconf 85' lang='lat' dir='ltr'>legum</span> <span class='ocrx_word' id='word_1_141' title='bbox 497 1279 657 1349; x_wconf 83' lang='lat' dir='ltr'>civilium</span> <span class='ocrx_word' id='word_1_142' title='bbox 687 1304 762 1351; x_wconf 84' lang='lat' dir='ltr'>esse</span> <span class='ocrx_word' id='word_1_143' title='bbox 782 1281 931 1349; x_wconf 87' lang='lat' dir='ltr'>mortale</span> <span class='ocrx_word' id='word_1_144' title='bbox 956 1303 1078 1371; x_wconf 84' lang='lat' dir='ltr'>pecea-</span> <span class='ocrx_word' id='word_1_145' title='bbox 1129 1273 1294 1373; x_wconf 61' lang='lat' dir='ltr'>impletio</span> <span class='ocrx_word' id='word_1_146' title='bbox 1310 1276 1397 1367; x_wconf 89' lang='lat' dir='ltr'>legis</span> <span class='ocrx_word' id='word_1_147' title='bbox 1421 1277 1602 1353; x_wconf 87' lang='lat' dir='ltr'>iustificat:</span> <span class='ocrx_word' id='word_1_148' title='bbox 1634 1281 1787 1355; x_wconf 89' lang='lat' dir='ltr'>Dilectio</span> <span class='ocrx_word' id='word_1_149' title='bbox 1811 1304 1863 1361; x_wconf 88' lang='lat' dir='ltr'>est</span> <span class='ocrx_word' id='word_1_150' title='bbox 1886 1290 2046 1382; x_wconf 80' lang='lat' dir='ltr'>impletio</span> <span class='ocrx_word' id='word_1_151' title='bbox 2068 1292 2120 1363; x_wconf 90' lang='lat' dir='ltr'>le·</span> <span class='ocrx_word' id='word_1_152' title='bbox 2220 1340 2222 1345; x_wconf 28' lang='grc' dir='ltr'><em>ν</em></span> 
     </span>
     <span class='ocr_line' id='line_1_12' title="bbox 88 1374 2119 1481; baseline 0.001 -22"><span class='ocrx_word' id='word_1_153' title='bbox 88 1402 177 1463; x_wconf 75' lang='lat' dir='ltr'>bam.</span> <span class='ocrx_word' id='word_1_154' title='bbox 228 1381 386 1457; x_wconf 84' lang='lat' dir='ltr'>Eoontra</span> <span class='ocrx_word' id='word_1_155' title='bbox 409 1407 493 1455; x_wconf 90' lang='lat' dir='ltr'>vern</span> <span class='ocrx_word' id='word_1_156' title='bbox 516 1382 743 1452; x_wconf 82' lang='lat' dir='ltr'>violationem</span> <span class='ocrx_word' id='word_1_157' title='bbox 767 1381 1078 1454; x_wconf 88' lang='lat' dir='ltr'>ecclesiasticarum</span> <span class='ocrx_word' id='word_1_158' title='bbox 1129 1376 1201 1466; x_wconf 86' lang='lat' dir='ltr'>gis,</span> <span class='ocrx_word' id='word_1_159' title='bbox 1226 1374 1323 1467; x_wconf 87' lang='lat' dir='ltr'>Ergo</span> <span class='ocrx_word' id='word_1_160' title='bbox 1347 1380 1489 1452; x_wconf 90' lang='lat' dir='ltr'>dilectio</span> <span class='ocrx_word' id='word_1_161' title='bbox 1518 1383 1692 1457; x_wconf 86' lang='lat' dir='ltr'>iustificat.</span> <span class='ocrx_word' id='word_1_162' title='bbox 1745 1385 1960 1481; x_wconf 86' lang='lat' dir='ltr'>Respondeo</span> <span class='ocrx_word' id='word_1_163' title='bbox 1983 1394 2119 1462; x_wconf 86' lang='lat' dir='ltr'>brevis·</span> 
     </span>
     <span class='ocr_line' id='line_1_13' title="bbox 88 1478 2119 1585; baseline -0.004 -24"><span class='ocrx_word' id='word_1_164' title='bbox 88 1487 342 1573; x_wconf 79' lang='lat' dir='ltr'>tcsditiouum,</span> <span class='ocrx_word' id='word_1_165' title='bbox 355 1499 452 1557; x_wconf 83' lang='lat' dir='ltr'>extra</span> <span class='ocrx_word' id='word_1_166' title='bbox 466 1507 584 1555; x_wconf 92' lang='lat' dir='ltr'>casnm</span> <span class='ocrx_word' id='word_1_167' title='bbox 602 1484 760 1555; x_wconf 88' lang='lat' dir='ltr'>scandali</span> <span class='ocrx_word' id='word_1_168' title='bbox 774 1498 810 1555; x_wconf 89' lang='lat' dir='ltr'>et</span> <span class='ocrx_word' id='word_1_169' title='bbox 823 1485 1077 1570; x_wconf 87' lang='lat' dir='ltr'>contumaciae,</span> <span class='ocrx_word' id='word_1_170' title='bbox 1130 1478 1217 1548; x_wconf 73' lang='lat' dir='ltr'>time</span> <span class='ocrx_word' id='word_1_171' title='bbox 1235 1481 1280 1550; x_wconf 82' lang='lat' dir='ltr'>ad</span> <span class='ocrx_word' id='word_1_172' title='bbox 1294 1481 1486 1553; x_wconf 85' lang='lat' dir='ltr'>minorem:</span> <span class='ocrx_word' id='word_1_173' title='bbox 1516 1482 1642 1557; x_wconf 88' lang='lat' dir='ltr'>Minor</span> <span class='ocrx_word' id='word_1_174' title='bbox 1655 1500 1708 1559; x_wconf 81' lang='lat' dir='ltr'>est</span> <span class='ocrx_word' id='word_1_175' title='bbox 1724 1513 1805 1560; x_wconf 78' lang='lat' dir='ltr'>vera</span> <span class='ocrx_word' id='word_1_176' title='bbox 1821 1495 1865 1562; x_wconf 76' lang='lat' dir='ltr'>de</span> <span class='ocrx_word' id='word_1_177' title='bbox 1888 1495 2040 1585; x_wconf 66' lang='lat' dir='ltr'>perfecta</span> <span class='ocrx_word' id='word_1_178' title='bbox 2061 1495 2119 1564; x_wconf 83' lang='lat' dir='ltr'>di.</span> 
     </span>
     <span class='ocr_line' id='line_1_14' title="bbox 88 1580 2119 1690; baseline 0.003 -30"><span class='ocrx_word' id='word_1_179' title='bbox 88 1596 256 1663; x_wconf 82' lang='lat' dir='ltr'>nou&#39;ssse</span> <span class='ocrx_word' id='word_1_180' title='bbox 271 1603 454 1690; x_wconf 88' lang='lat' dir='ltr'>peccatum</span> <span class='ocrx_word' id='word_1_181' title='bbox 469 1587 636 1657; x_wconf 88' lang='lat' dir='ltr'>mortale..</span> <span class='ocrx_word' id='word_1_182' title='bbox 1131 1580 1303 1669; x_wconf 89' lang='lat' dir='ltr'>lectione,</span> <span class='ocrx_word' id='word_1_183' title='bbox 1340 1587 1401 1654; x_wconf 92' lang='lat' dir='ltr'>sed</span> <span class='ocrx_word' id='word_1_184' title='bbox 1423 1610 1497 1654; x_wconf 92' lang='lat' dir='ltr'>non</span> <span class='ocrx_word' id='word_1_185' title='bbox 1519 1587 1563 1656; x_wconf 92' lang='lat' dir='ltr'>de</span> <span class='ocrx_word' id='word_1_186' title='bbox 1584 1589 1665 1670; x_wconf 87' lang='lat' dir='ltr'>tali,</span> <span class='ocrx_word' id='word_1_187' title='bbox 1706 1594 1845 1684; x_wconf 86' lang='lat' dir='ltr'>qualem</span> <span class='ocrx_word' id='word_1_188' title='bbox 1868 1595 1936 1664; x_wconf 92' lang='lat' dir='ltr'>ulli</span> <span class='ocrx_word' id='word_1_189' title='bbox 1955 1590 2119 1667; x_wconf 87' lang='lat' dir='ltr'>homines</span> 
     </span>
     <span class='ocr_line' id='line_1_15' title="bbox 91 1685 2119 1799; baseline 0.003 -36"><span class='ocrx_word' id='word_1_190' title='bbox 91 1742 97 1747; x_wconf 91' lang='lat'>-</span> <span class='ocrx_word' id='word_1_191' title='bbox 135 1722 142 1745; x_wconf 93' lang='lat'>-·</span> <span class='ocrx_word' id='word_1_192' title='bbox 187 1690 307 1764; x_wconf 80' lang='lat' dir='ltr'>Antea</span> <span class='ocrx_word' id='word_1_193' title='bbox 331 1690 420 1761; x_wconf 80' lang='lat' dir='ltr'>dixit</span> <span class='ocrx_word' id='word_1_194' title='bbox 443 1689 482 1759; x_wconf 92' lang='lat' dir='ltr'>in</span> <span class='ocrx_word' id='word_1_195' title='bbox 501 1712 627 1777; x_wconf 81' lang='lat' dir='ltr'>genere</span> <span class='ocrx_word' id='word_1_196' title='bbox 650 1688 696 1758; x_wconf 93' lang='lat' dir='ltr'>de</span> <span class='ocrx_word' id='word_1_197' title='bbox 717 1687 940 1776; x_wconf 85' lang='lat' dir='ltr'>obedientis,</span> <span class='ocrx_word' id='word_1_198' title='bbox 978 1712 1076 1759; x_wconf 90' lang='lat' dir='ltr'>nunc</span> <span class='ocrx_word' id='word_1_199' title='bbox 1129 1697 1317 1773; x_wconf 87' lang='lat' dir='ltr'>praestant.</span> <span class='ocrx_word' id='word_1_200' title='bbox 1377 1685 1509 1759; x_wconf 87' lang='lat' dir='ltr'>Paulus</span> <span class='ocrx_word' id='word_1_201' title='bbox 1539 1704 1632 1761; x_wconf 89' lang='lat' dir='ltr'>recte</span> <span class='ocrx_word' id='word_1_202' title='bbox 1665 1705 1699 1763; x_wconf 91' lang='lat' dir='ltr'>ct</span> <span class='ocrx_word' id='word_1_203' title='bbox 1730 1696 1874 1786; x_wconf 89' lang='lat' dir='ltr'>proprie</span> <span class='ocrx_word' id='word_1_204' title='bbox 1892 1697 2054 1799; x_wconf 68' lang='lat' dir='ltr'>loquitur</span> <span class='ocrx_word' id='word_1_205' title='bbox 2067 1700 2119 1769; x_wconf 89' lang='lat' dir='ltr'>de</span> 
     </span>
     <span class='ocr_line' id='line_1_16' title="bbox 88 1785 2115 1890; baseline 0.002 -26"><span class='ocrx_word' id='word_1_206' title='bbox 88 1794 252 1867; x_wconf 84' lang='lat' dir='ltr'>nominat</span> <span class='ocrx_word' id='word_1_207' title='bbox 284 1796 323 1865; x_wconf 93' lang='lat' dir='ltr'>in</span> <span class='ocrx_word' id='word_1_208' title='bbox 353 1793 468 1887; x_wconf 89' lang='lat' dir='ltr'>speeie</span> <span class='ocrx_word' id='word_1_209' title='bbox 489 1793 661 1886; x_wconf 91' lang='lat' dir='ltr'>quaedam</span> <span class='ocrx_word' id='word_1_210' title='bbox 685 1791 820 1872; x_wconf 84' lang='lat' dir='ltr'>officia,</span> <span class='ocrx_word' id='word_1_211' title='bbox 853 1816 893 1862; x_wconf 89' lang='lat' dir='ltr'>ac</span> <span class='ocrx_word' id='word_1_212' title='bbox 918 1792 1074 1883; x_wconf 86' lang='lat' dir='ltr'>primum</span> <span class='ocrx_word' id='word_1_213' title='bbox 1128 1785 1208 1855; x_wconf 90' lang='lat' dir='ltr'>idea</span> <span class='ocrx_word' id='word_1_214' title='bbox 1235 1809 1295 1856; x_wconf 91' lang='lat' dir='ltr'>seu</span> <span class='ocrx_word' id='word_1_215' title='bbox 1312 1789 1355 1855; x_wconf 94' lang='lat' dir='ltr'>de</span> <span class='ocrx_word' id='word_1_216' title='bbox 1368 1791 1501 1879; x_wconf 90' lang='lat' dir='ltr'>specie,</span> <span class='ocrx_word' id='word_1_217' title='bbox 1532 1794 1628 1883; x_wconf 91' lang='lat' dir='ltr'>quod</span> <span class='ocrx_word' id='word_1_218' title='bbox 1652 1794 1795 1867; x_wconf 90' lang='lat' dir='ltr'>dilectio</span> <span class='ocrx_word' id='word_1_219' title='bbox 1821 1797 1967 1889; x_wconf 89' lang='lat' dir='ltr'>impleat</span> <span class='ocrx_word' id='word_1_220' title='bbox 1990 1800 2115 1890; x_wconf 91' lang='lat' dir='ltr'>legem,</span> 
     </span>
     <span class='ocr_line' id='line_1_17' title="bbox 88 1884 2117 1993; baseline 0.003 -27"><span class='ocrx_word' id='word_1_221' title='bbox 88 1897 241 1983; x_wconf 75' lang='lat' dir='ltr'>tribute,</span> <span class='ocrx_word' id='word_1_222' title='bbox 274 1921 345 1991; x_wconf 92' lang='lat' dir='ltr'>quo</span> <span class='ocrx_word' id='word_1_223' title='bbox 368 1895 516 1965; x_wconf 89' lang='lat' dir='ltr'>nomine</span> <span class='ocrx_word' id='word_1_224' title='bbox 540 1894 787 1984; x_wconf 83' lang='lat' dir='ltr'>complectitur¹</span> <span class='ocrx_word' id='word_1_225' title='bbox 808 1895 948 1977; x_wconf 90' lang='lat' dir='ltr'>omnia,</span> <span class='ocrx_word' id='word_1_226' title='bbox 984 1918 1076 1985; x_wconf 90' lang='lat' dir='ltr'>quae</span> <span class='ocrx_word' id='word_1_227' title='bbox 1127 1888 1163 1955; x_wconf 89' lang='lat' dir='ltr'>id</span> <span class='ocrx_word' id='word_1_228' title='bbox 1190 1901 1260 1972; x_wconf 88' lang='lat' dir='ltr'>est,</span> <span class='ocrx_word' id='word_1_229' title='bbox 1291 1884 1426 1960; x_wconf 89' lang='lat' dir='ltr'>sithoc</span> <span class='ocrx_word' id='word_1_230' title='bbox 1449 1893 1584 1983; x_wconf 87' lang='lat' dir='ltr'>ipsum,</span> <span class='ocrx_word' id='word_1_231' title='bbox 1616 1898 1712 1989; x_wconf 90' lang='lat' dir='ltr'>quod</span> <span class='ocrx_word' id='word_1_232' title='bbox 1741 1898 1797 1968; x_wconf 87' lang='lat' dir='ltr'>lex</span> <span class='ocrx_word' id='word_1_233' title='bbox 1826 1901 1986 1993; x_wconf 87' lang='lat' dir='ltr'>requirit.</span> <span class='ocrx_word' id='word_1_234' title='bbox 2044 1900 2117 1973; x_wconf 87' lang='lat' dir='ltr'>Sed</span> 
     </span>
     <span class='ocr_line' id='line_1_18' title="bbox 88 1982 2116 2095; baseline 0.01 -43"><span class='ocrx_word' id='word_1_235' title='bbox 88 2000 264 2079; x_wconf 55' lang='lat' dir='ltr'>tempu,</span> <span class='ocrx_word' id='word_1_236' title='bbox 293 1997 555 2087; x_wconf 61' lang='lat' dir='ltr'>mggigcrdtihud</span> <span class='ocrx_word' id='word_1_237' title='bbox 582 1998 626 2063; x_wconf 71' lang='lat' dir='ltr'>ad</span> <span class='ocrx_word' id='word_1_238' title='bbox 649 1996 889 2064; x_wconf 67' lang='lat' dir='ltr'>defensionem</span> <span class='ocrx_word' id='word_1_239' title='bbox 915 1996 1074 2088; x_wconf 62' lang='lat' dir='ltr'>discipli.</span> <span class='ocrx_word' id='word_1_240' title='bbox 1126 1982 1213 2059; x_wconf 87' lang='lat' dir='ltr'>hinc</span> <span class='ocrx_word' id='word_1_241' title='bbox 1226 2014 1300 2058; x_wconf 90' lang='lat' dir='ltr'>non</span> <span class='ocrx_word' id='word_1_242' title='bbox 1315 1992 1476 2084; x_wconf 89' lang='lat' dir='ltr'>sequitur</span> <span class='ocrx_word' id='word_1_243' title='bbox 1492 2007 1611 2065; x_wconf 84' lang='lat' dir='ltr'>nostra</span> <span class='ocrx_word' id='word_1_244' title='bbox 1630 1999 1819 2091; x_wconf 79' lang='lat' dir='ltr'>dilectione</span> <span class='ocrx_word' id='word_1_245' title='bbox 1835 2002 1946 2092; x_wconf 88' lang='lat' dir='ltr'>legem</span> <span class='ocrx_word' id='word_1_246' title='bbox 1962 2002 2116 2095; x_wconf 88' lang='lat' dir='ltr'>impleri,</span> 
     </span>
     <span class='ocr_line' id='line_1_19' title="bbox 88 2092 2116 2196; baseline 0.004 -26"><span class='ocrx_word' id='word_1_247' title='bbox 88 2125 147 2172; x_wconf 86' lang='lat' dir='ltr'>rae</span> <span class='ocrx_word' id='word_1_248' title='bbox 163 2117 200 2174; x_wconf 90' lang='lat' dir='ltr'>et</span> <span class='ocrx_word' id='word_1_249' title='bbox 213 2101 328 2192; x_wconf 86' lang='lat' dir='ltr'>pacis,</span> <span class='ocrx_word' id='word_1_250' title='bbox 354 2092 644 2189; x_wconf 68' lang='lat' dir='ltr'>scilicet‘operas,</span> <span class='ocrx_word' id='word_1_251' title='bbox 669 2097 855 2181; x_wconf 89' lang='lat' dir='ltr'>militiam,</span> <span class='ocrx_word' id='word_1_252' title='bbox 885 2099 1071 2188; x_wconf 87' lang='lat' dir='ltr'>stipendia.</span> <span class='ocrx_word' id='word_1_253' title='bbox 1127 2092 1209 2183; x_wconf 91' lang='lat' dir='ltr'>quia</span> <span class='ocrx_word' id='word_1_254' title='bbox 1225 2105 1344 2162; x_wconf 90' lang='lat' dir='ltr'>nostra</span> <span class='ocrx_word' id='word_1_255' title='bbox 1362 2094 1504 2166; x_wconf 89' lang='lat' dir='ltr'>dilectio</span> <span class='ocrx_word' id='word_1_256' title='bbox 1531 2110 1583 2166; x_wconf 88' lang='lat' dir='ltr'>est</span> <span class='ocrx_word' id='word_1_257' title='bbox 1604 2098 1789 2173; x_wconf 89' lang='lat' dir='ltr'>immunda</span> <span class='ocrx_word' id='word_1_258' title='bbox 1811 2117 1844 2175; x_wconf 90' lang='lat' dir='ltr'>et</span> <span class='ocrx_word' id='word_1_259' title='bbox 1868 2105 1993 2196; x_wconf 87' lang='lat' dir='ltr'>procul</span> <span class='ocrx_word' id='word_1_260' title='bbox 2015 2106 2116 2178; x_wconf 86' lang='lat' dir='ltr'>abest</span> 
     </span>
     <span class='ocr_line' id='line_1_20' title="bbox 88 2194 1866 2297; baseline -0.009 -22"><span class='ocrx_word' id='word_1_261' title='bbox 88 2198 221 2297; x_wconf 73' lang='lat' dir='ltr'>Estque</span> <span class='ocrx_word' id='word_1_262' title='bbox 236 2203 364 2273; x_wconf 90' lang='lat' dir='ltr'>iterum</span> <span class='ocrx_word' id='word_1_263' title='bbox 379 2200 526 2291; x_wconf 91' lang='lat' dir='ltr'>repetita</span> <span class='ocrx_word' id='word_1_264' title='bbox 544 2200 619 2269; x_wconf 93' lang='lat' dir='ltr'>laus</span> <span class='ocrx_word' id='word_1_265' title='bbox 633 2198 760 2284; x_wconf 85' lang='lat' dir='ltr'>officii,</span> <span class='ocrx_word' id='word_1_266' title='bbox 784 2200 867 2292; x_wconf 90' lang='lat' dir='ltr'>quia</span> <span class='ocrx_word' id='word_1_267' title='bbox 881 2213 983 2272; x_wconf 85' lang='lat' dir='ltr'>vocat</span> <span class='ocrx_word' id='word_1_268' title='bbox 1004 2201 1074 2270; x_wconf 89' lang='lat' dir='ltr'>mi-</span> <span class='ocrx_word' id='word_1_269' title='bbox 1125 2217 1145 2263; x_wconf 87' lang='lat' dir='ltr'>s</span> <span class='ocrx_word' id='word_1_270' title='bbox 1160 2194 1388 2285; x_wconf 83' lang='lat' dir='ltr'>perfectione.</span> <span class='ocrx_word' id='word_1_271' title='bbox 1862 2203 1866 2209; x_wconf 83' lang='lat'>&#39;</span> 
     </span>
     <span class='ocr_line' id='line_1_21' title="bbox 88 2292 2226 2401; baseline 0.002 -27"><span class='ocrx_word' id='word_1_272' title='bbox 88 2306 217 2376; x_wconf 88' lang='lat' dir='ltr'>nistros</span> <span class='ocrx_word' id='word_1_273' title='bbox 238 2302 317 2375; x_wconf 89' lang='lat' dir='ltr'>Dei.</span> <span class='ocrx_word' id='word_1_274' title='bbox 377 2301 545 2373; x_wconf 89' lang='lat' dir='ltr'>Testatur</span> <span class='ocrx_word' id='word_1_275' title='bbox 576 2301 686 2391; x_wconf 86' lang='lat' dir='ltr'>igitur</span> <span class='ocrx_word' id='word_1_276' title='bbox 713 2302 933 2372; x_wconf 87' lang='lat' dir='ltr'>functionem</span> <span class='ocrx_word' id='word_1_277' title='bbox 961 2303 1074 2392; x_wconf 89' lang='lat' dir='ltr'>magi·</span> <span class='ocrx_word' id='word_1_278' title='bbox 1226 2292 1317 2366; x_wconf 89' lang='lat' dir='ltr'>Cum</span> <span class='ocrx_word' id='word_1_279' title='bbox 1338 2296 1446 2387; x_wconf 86' lang='lat' dir='ltr'>igitur</span> <span class='ocrx_word' id='word_1_280' title='bbox 1467 2322 1573 2369; x_wconf 86' lang='lat' dir='ltr'>uerno</span> <span class='ocrx_word' id='word_1_281' title='bbox 1594 2300 1705 2393; x_wconf 84' lang='lat' dir='ltr'>possit</span> <span class='ocrx_word' id='word_1_282' title='bbox 1728 2321 1903 2397; x_wconf 84' lang='lat' dir='ltr'>proestare</span> <span class='ocrx_word' id='word_1_283' title='bbox 1925 2311 2113 2401; x_wconf 87' lang='lat' dir='ltr'>perlectam</span> <span class='ocrx_word' id='word_1_284' title='bbox 2220 2382 2226 2396; x_wconf 66' lang='grc'>,</span> 
     </span>
     <span class='ocr_line' id='line_1_22' title="bbox 88 2396 2114 2500; baseline 0.001 -21"><span class='ocrx_word' id='word_1_285' title='bbox 88 2420 217 2479; x_wconf 76' lang='lat' dir='ltr'>eratus</span> <span class='ocrx_word' id='word_1_286' title='bbox 231 2431 304 2478; x_wconf 86' lang='lat' dir='ltr'>esse</span> <span class='ocrx_word' id='word_1_287' title='bbox 318 2407 452 2476; x_wconf 88' lang='lat' dir='ltr'>bonum</span> <span class='ocrx_word' id='word_1_288' title='bbox 468 2427 574 2494; x_wconf 89' lang='lat' dir='ltr'>opus,</span> <span class='ocrx_word' id='word_1_289' title='bbox 606 2404 689 2497; x_wconf 91' lang='lat' dir='ltr'>quia</span> <span class='ocrx_word' id='word_1_290' title='bbox 703 2403 868 2474; x_wconf 89' lang='lat' dir='ltr'>diabolus</span> <span class='ocrx_word' id='word_1_291' title='bbox 890 2417 942 2475; x_wconf 89' lang='lat' dir='ltr'>est</span> <span class='ocrx_word' id='word_1_292' title='bbox 961 2399 1073 2474; x_wconf 88' lang='lat' dir='ltr'>bostis</span> <span class='ocrx_word' id='word_1_293' title='bbox 1124 2396 1350 2468; x_wconf 89' lang='lat' dir='ltr'>dilectionem</span> <span class='ocrx_word' id='word_1_294' title='bbox 1366 2415 1426 2470; x_wconf 90' lang='lat' dir='ltr'>aut</span> <span class='ocrx_word' id='word_1_295' title='bbox 1441 2398 1703 2491; x_wconf 85' lang='lat' dir='ltr'>impletionem,</span> <span class='ocrx_word' id='word_1_296' title='bbox 1738 2433 1827 2500; x_wconf 92' lang='lat' dir='ltr'>opus</span> <span class='ocrx_word' id='word_1_297' title='bbox 1842 2426 1894 2482; x_wconf 88' lang='lat' dir='ltr'>est</span> <span class='ocrx_word' id='word_1_298' title='bbox 1910 2413 2020 2481; x_wconf 89' lang='lat' dir='ltr'>&#39;nobis</span> <span class='ocrx_word' id='word_1_299' title='bbox 2042 2410 2114 2482; x_wconf 90' lang='lat' dir='ltr'>alia</span> 
     </span>
     <span class='ocr_line' id='line_1_23' title="bbox 88 2498 2220 2598; baseline 0.002 -20"><span class='ocrx_word' id='word_1_300' title='bbox 88 2508 168 2595; x_wconf 78' lang='lat' dir='ltr'>bei,</span> <span class='ocrx_word' id='word_1_301' title='bbox 201 2533 277 2579; x_wconf 87' lang='lat' dir='ltr'>non</span> <span class='ocrx_word' id='word_1_302' title='bbox 294 2521 346 2578; x_wconf 89' lang='lat' dir='ltr'>est</span> <span class='ocrx_word' id='word_1_303' title='bbox 359 2507 540 2591; x_wconf 90' lang='lat' dir='ltr'>minister,</span> <span class='ocrx_word' id='word_1_304' title='bbox 574 2520 607 2577; x_wconf 90' lang='lat' dir='ltr'>ct</span> <span class='ocrx_word' id='word_1_305' title='bbox 628 2518 764 2596; x_wconf 87' lang='lat' dir='ltr'>peccata</span> <span class='ocrx_word' id='word_1_306' title='bbox 787 2529 860 2574; x_wconf 89' lang='lat' dir='ltr'>non</span> <span class='ocrx_word' id='word_1_307' title='bbox 885 2520 968 2576; x_wconf 78' lang='lat' dir='ltr'>suns</span> <span class='ocrx_word' id='word_1_308' title='bbox 989 2507 1073 2576; x_wconf 83' lang='lat' dir='ltr'>sun.</span> <span class='ocrx_word' id='word_1_309' title='bbox 1125 2498 1282 2585; x_wconf 90' lang='lat' dir='ltr'>iusticia,</span> <span class='ocrx_word' id='word_1_310' title='bbox 1323 2502 1488 2572; x_wconf 86' lang='lat' dir='ltr'>videlicet</span> <span class='ocrx_word' id='word_1_311' title='bbox 1512 2504 1580 2574; x_wconf 89' lang='lat' dir='ltr'>fide</span> <span class='ocrx_word' id='word_1_312' title='bbox 1606 2506 1893 2598; x_wconf 86' lang='lat' dir='ltr'>apprehendente</span> <span class='ocrx_word' id='word_1_313' title='bbox 1914 2512 2114 2583; x_wconf 87' lang='lat' dir='ltr'>misericor·</span> <span class='ocrx_word' id='word_1_314' title='bbox 2214 2568 2220 2575; x_wconf 92' lang='lat'>.</span> 
     </span>
     <span class='ocr_line' id='line_1_24' title="bbox 88 2601 2114 2705; baseline -0.002 -24"><span class='ocrx_word' id='word_1_315' title='bbox 88 2612 172 2694; x_wconf 74' lang='lat' dir='ltr'>etio,</span> <span class='ocrx_word' id='word_1_316' title='bbox 197 2636 268 2705; x_wconf 88' lang='lat' dir='ltr'>qua</span> <span class='ocrx_word' id='word_1_317' title='bbox 284 2608 360 2680; x_wconf 88' lang='lat' dir='ltr'>Deo</span> <span class='ocrx_word' id='word_1_318' title='bbox 381 2610 624 2692; x_wconf 87' lang='lat' dir='ltr'>ministratur,</span> <span class='ocrx_word' id='word_1_319' title='bbox 657 2609 717 2677; x_wconf 88' lang='lat' dir='ltr'>sed</span> <span class='ocrx_word' id='word_1_320' title='bbox 742 2608 931 2678; x_wconf 86' lang='lat' dir='ltr'>offendunt</span> <span class='ocrx_word' id='word_1_321' title='bbox 945 2605 1072 2693; x_wconf 90' lang='lat' dir='ltr'>Deum,</span> <span class='ocrx_word' id='word_1_322' title='bbox 1124 2601 1219 2670; x_wconf 82' lang='lat' dir='ltr'>diem</span> <span class='ocrx_word' id='word_1_323' title='bbox 1250 2605 1456 2694; x_wconf 82' lang='lat' dir='ltr'>promissam</span> <span class='ocrx_word' id='word_1_324' title='bbox 1490 2622 1635 2697; x_wconf 87' lang='lat' dir='ltr'>propter</span> <span class='ocrx_word' id='word_1_325' title='bbox 1656 2607 1851 2688; x_wconf 78' lang='lat' dir='ltr'>Christum,</span> <span class='ocrx_word' id='word_1_326' title='bbox 1909 2611 2114 2685; x_wconf 77' lang='lat' dir='ltr'>Haecfides</span> 
     </span>
     <span class='ocr_line' id='line_1_25' title="bbox 88 2703 2113 2806; baseline 0.011 -25"><span class='ocrx_word' id='word_1_327' title='bbox 88 2727 115 2785; x_wconf 83' lang='lat' dir='ltr'>n</span> <span class='ocrx_word' id='word_1_328' title='bbox 137 2711 315 2803; x_wconf 80' lang='lat' dir='ltr'>dissipans</span> <span class='ocrx_word' id='word_1_329' title='bbox 335 2711 552 2794; x_wconf 78' lang='lat' dir='ltr'>functiones,</span> <span class='ocrx_word' id='word_1_330' title='bbox 585 2710 714 2802; x_wconf 78' lang='lat' dir='ltr'>quihus</span> <span class='ocrx_word' id='word_1_331' title='bbox 735 2707 812 2780; x_wconf 79' lang='lat' dir='ltr'>Deo</span> <span class='ocrx_word' id='word_1_332' title='bbox 837 2711 1069 2782; x_wconf 63' lang='lat' dir='ltr'>mirabuntur.</span> <span class='ocrx_word' id='word_1_333' title='bbox 1125 2715 1176 2772; x_wconf 78' lang='lat' dir='ltr'>est</span> <span class='ocrx_word' id='word_1_334' title='bbox 1205 2703 1364 2795; x_wconf 81' lang='lat' dir='ltr'>impletio</span> <span class='ocrx_word' id='word_1_335' title='bbox 1394 2705 1500 2795; x_wconf 79' lang='lat' dir='ltr'>ieris.</span> <span class='ocrx_word' id='word_1_336' title='bbox 1535 2710 1667 2781; x_wconf 78' lang='lat' dir='ltr'>scilieet</span> <span class='ocrx_word' id='word_1_337' title='bbox 1699 2714 1925 2806; x_wconf 73' lang='lat' dir='ltr'>imputative,</span> <span class='ocrx_word' id='word_1_338' title='bbox 1956 2710 2023 2787; x_wconf 81' lang='lat' dir='ltr'>boe</span> <span class='ocrx_word' id='word_1_339' title='bbox 2050 2732 2113 2803; x_wconf 78' lang='lat' dir='ltr'>est,</span> 
     </span>
     <span class='ocr_line' id='line_1_26' title="bbox 88 2800 2112 2909; baseline 0.002 -25"><span class='ocrx_word' id='word_1_340' title='bbox 88 2812 212 2909; x_wconf 79' lang='lat' dir='ltr'>litque</span> <span class='ocrx_word' id='word_1_341' title='bbox 235 2811 303 2885; x_wconf 87' lang='lat' dir='ltr'>hoe</span> <span class='ocrx_word' id='word_1_342' title='bbox 324 2828 570 2903; x_wconf 80' lang='lat' dir='ltr'>argumentum</span> <span class='ocrx_word' id='word_1_343' title='bbox 595 2812 787 2896; x_wconf 90' lang='lat' dir='ltr'>illustrius,</span> <span class='ocrx_word' id='word_1_344' title='bbox 826 2837 907 2882; x_wconf 90' lang='lat' dir='ltr'>cum</span> <span class='ocrx_word' id='word_1_345' title='bbox 928 2814 1073 2884; x_wconf 76' lang='lat' dir='ltr'>additur</span> <span class='ocrx_word' id='word_1_346' title='bbox 1124 2800 1315 2876; x_wconf 85' lang='lat' dir='ltr'>Credentes</span> <span class='ocrx_word' id='word_1_347' title='bbox 1338 2823 1550 2900; x_wconf 89' lang='lat' dir='ltr'>reputantur</span> <span class='ocrx_word' id='word_1_348' title='bbox 1572 2811 1674 2897; x_wconf 92' lang='lat' dir='ltr'>iusti,</span> <span class='ocrx_word' id='word_1_349' title='bbox 1712 2818 1860 2906; x_wconf 87' lang='lat' dir='ltr'>perinde</span> <span class='ocrx_word' id='word_1_350' title='bbox 1884 2842 1925 2887; x_wconf 86' lang='lat' dir='ltr'>ac</span> <span class='ocrx_word' id='word_1_351' title='bbox 1947 2819 1977 2886; x_wconf 87' lang='lat' dir='ltr'>si</span> <span class='ocrx_word' id='word_1_352' title='bbox 2000 2819 2112 2909; x_wconf 87' lang='lat' dir='ltr'>legem</span> 
     </span>
     <span class='ocr_line' id='line_1_27' title="bbox 88 2906 2113 3013; baseline 0 -26"><span class='ocrx_word' id='word_1_353' title='bbox 88 2916 481 3006; x_wconf 79' lang='lat' dir='ltr'>:ircumstnntiasupra</span> <span class='ocrx_word' id='word_1_354' title='bbox 512 2915 646 3006; x_wconf 88' lang='lat' dir='ltr'>posita,</span> <span class='ocrx_word' id='word_1_355' title='bbox 686 2914 868 2993; x_wconf 89' lang='lat' dir='ltr'>videlieet,</span> <span class='ocrx_word' id='word_1_356' title='bbox 902 2917 999 3007; x_wconf 91' lang='lat' dir='ltr'>quod</span> <span class='ocrx_word' id='word_1_357' title='bbox 1024 2916 1070 2986; x_wconf 89' lang='lat' dir='ltr'>sit</span> <span class='ocrx_word' id='word_1_358' title='bbox 1124 2906 1335 2997; x_wconf 87' lang='lat' dir='ltr'>implessent.</span> <span class='ocrx_word' id='word_1_359' title='bbox 1402 2907 1542 2980; x_wconf 77' lang='lat' dir='ltr'>Deinde</span> <span class='ocrx_word' id='word_1_360' title='bbox 1568 2918 1719 2986; x_wconf 85' lang='lat' dir='ltr'>addatur</span> <span class='ocrx_word' id='word_1_361' title='bbox 1749 2919 1853 2989; x_wconf 91' lang='lat' dir='ltr'>etiam</span> <span class='ocrx_word' id='word_1_362' title='bbox 1886 2914 1974 3012; x_wconf 88' lang='lat' dir='ltr'>hoc,</span> <span class='ocrx_word' id='word_1_363' title='bbox 2015 2922 2113 3013; x_wconf 91' lang='lat' dir='ltr'>qnod</span> 
     </span>
     <span class='ocr_line' id='line_1_28' title="bbox 88 3009 2113 3108; baseline 0.008 -20"><span class='ocrx_word' id='word_1_364' title='bbox 88 3021 322 3090; x_wconf 89' lang='lat' dir='ltr'>ministerium</span> <span class='ocrx_word' id='word_1_365' title='bbox 354 3019 527 3088; x_wconf 87' lang='lat' dir='ltr'>divinitus</span> <span class='ocrx_word' id='word_1_366' title='bbox 556 3017 773 3086; x_wconf 87' lang='lat' dir='ltr'>ordinatum.</span> <span class='ocrx_word' id='word_1_367' title='bbox 834 3014 1067 3087; x_wconf 80' lang='lat' dir='ltr'>Manifestum</span> <span class='ocrx_word' id='word_1_368' title='bbox 1123 3009 1207 3078; x_wconf 83' lang='lat' dir='ltr'>fides</span> <span class='ocrx_word' id='word_1_369' title='bbox 1234 3010 1614 3102; x_wconf 69' lang='lat' dir='ltr'>incoartmpleuonem</span> <span class='ocrx_word' id='word_1_370' title='bbox 1638 3017 1785 3108; x_wconf 63' lang='lat' dir='ltr'>lidliln</span> <span class='ocrx_word' id='word_1_371' title='bbox 1808 3022 1931 3105; x_wconf 88' lang='lat' dir='ltr'>nobis,</span> <span class='ocrx_word' id='word_1_372' title='bbox 1970 3019 2113 3092; x_wconf 65' lang='lat' dir='ltr'>‘illaec</span> 
     </span>
     <span class='ocr_line' id='line_1_29' title="bbox 88 3111 2113 3214; baseline 0.001 -23"><span class='ocrx_word' id='word_1_373' title='bbox 88 3136 130 3194; x_wconf 82' lang='lat' dir='ltr'>est</span> <span class='ocrx_word' id='word_1_374' title='bbox 144 3122 265 3213; x_wconf 83' lang='lat' dir='ltr'>enirn,</span> <span class='ocrx_word' id='word_1_375' title='bbox 288 3133 469 3213; x_wconf 89' lang='lat' dir='ltr'>peccatum</span> <span class='ocrx_word' id='word_1_376' title='bbox 485 3144 558 3189; x_wconf 91' lang='lat' dir='ltr'>non</span> <span class='ocrx_word' id='word_1_377' title='bbox 575 3142 648 3187; x_wconf 84' lang='lat' dir='ltr'>esse</span> <span class='ocrx_word' id='word_1_378' title='bbox 664 3142 738 3187; x_wconf 89' lang='lat' dir='ltr'>rern</span> <span class='ocrx_word' id='word_1_379' title='bbox 755 3119 955 3188; x_wconf 80' lang='lat' dir='ltr'>ordinatam</span> <span class='ocrx_word' id='word_1_380' title='bbox 977 3119 1076 3187; x_wconf 77' lang='lat' dir='ltr'>divi..</span> <span class='ocrx_word' id='word_1_381' title='bbox 1123 3111 1278 3183; x_wconf 87' lang='lat' dir='ltr'>incoatio</span> <span class='ocrx_word' id='word_1_382' title='bbox 1296 3115 1409 3206; x_wconf 86' lang='lat' dir='ltr'>placet</span> <span class='ocrx_word' id='word_1_383' title='bbox 1424 3130 1630 3207; x_wconf 90' lang='lat' dir='ltr'>propterea,</span> <span class='ocrx_word' id='word_1_384' title='bbox 1664 3122 1938 3214; x_wconf 87' lang='lat' dir='ltr'>quiasumusin</span> <span class='ocrx_word' id='word_1_385' title='bbox 1955 3120 2113 3201; x_wconf 87' lang='lat' dir='ltr'>Christo.</span> 
     </span>
     <span class='ocr_line' id='line_1_30' title="bbox 88 3219 1070 3314; baseline 0.003 -21"><span class='ocrx_word' id='word_1_386' title='bbox 88 3226 197 3309; x_wconf 83' lang='lat' dir='ltr'>situs,</span> <span class='ocrx_word' id='word_1_387' title='bbox 232 3226 293 3293; x_wconf 89' lang='lat' dir='ltr'>sed</span> <span class='ocrx_word' id='word_1_388' title='bbox 309 3219 429 3314; x_wconf 86' lang='lat' dir='ltr'>potius</span> <span class='ocrx_word' id='word_1_389' title='bbox 447 3221 712 3312; x_wconf 87' lang='lat' dir='ltr'>dissipationem</span> <span class='ocrx_word' id='word_1_390' title='bbox 737 3221 974 3292; x_wconf 90' lang='lat' dir='ltr'>ordinationis</span> <span class='ocrx_word' id='word_1_391' title='bbox 991 3219 1070 3296; x_wconf 89' lang='lat' dir='ltr'>Dei.</span> 
     </span>
     <span class='ocr_line' id='line_1_31' title="bbox 179 3320 1070 3415; baseline -0.007 -17"><span class='ocrx_word' id='word_1_392' title='bbox 179 3323 317 3399; x_wconf 82' lang='lat' dir='ltr'>Addita</span> <span class='ocrx_word' id='word_1_393' title='bbox 331 3339 383 3395; x_wconf 92' lang='lat' dir='ltr'>est</span> <span class='ocrx_word' id='word_1_394' title='bbox 398 3325 502 3395; x_wconf 89' lang='lat' dir='ltr'>etiarn</span> <span class='ocrx_word' id='word_1_395' title='bbox 521 3320 579 3394; x_wconf 92' lang='lat' dir='ltr'>hic</span> <span class='ocrx_word' id='word_1_396' title='bbox 596 3322 767 3415; x_wconf 89' lang='lat' dir='ltr'>particula</span> <span class='ocrx_word' id='word_1_397' title='bbox 785 3323 934 3412; x_wconf 88' lang='lat' dir='ltr'>insignis</span> <span class='ocrx_word' id='word_1_398' title='bbox 949 3326 995 3400; x_wconf 84' lang='lat' dir='ltr'>de</span> <span class='ocrx_word' id='word_1_399' title='bbox 1012 3325 1070 3393; x_wconf 88' lang='lat' dir='ltr'>di·</span> 
     </span>
     <span class='ocr_line' id='line_1_32' title="bbox 88 3414 2112 3522; baseline 0.002 -28"><span class='ocrx_word' id='word_1_400' title='bbox 88 3428 246 3519; x_wconf 84' lang='lat' dir='ltr'>igentia,</span> <span class='ocrx_word' id='word_1_401' title='bbox 279 3451 370 3522; x_wconf 88' lang='lat' dir='ltr'>quac</span> <span class='ocrx_word' id='word_1_402' title='bbox 391 3427 585 3519; x_wconf 87' lang='lat' dir='ltr'>requiritur</span> <span class='ocrx_word' id='word_1_403' title='bbox 608 3427 645 3494; x_wconf 90' lang='lat' dir='ltr'>in</span> <span class='ocrx_word' id='word_1_404' title='bbox 677 3425 948 3513; x_wconf 85' lang='lat' dir='ltr'>magistratibus.</span> <span class='ocrx_word' id='word_1_405' title='bbox 1006 3427 1070 3496; x_wconf 82' lang='lat' dir='ltr'>Ait</span> <span class='ocrx_word' id='word_1_406' title='bbox 1224 3414 1339 3492; x_wconf 84' lang='lat' dir='ltr'>Addit</span> <span class='ocrx_word' id='word_1_407' title='bbox 1354 3415 1670 3494; x_wconf 84' lang='lat' dir='ltr'>exhortationema</span> <span class='ocrx_word' id='word_1_408' title='bbox 1690 3427 1952 3499; x_wconf 87' lang='lat' dir='ltr'>circumstantia</span> <span class='ocrx_word' id='word_1_409' title='bbox 1975 3443 2112 3519; x_wconf 87' lang='lat' dir='ltr'>tempo·</span> 
     </span>
     <span class='ocr_line' id='line_1_33' title="bbox 88 3517 2112 3615; baseline -0.001 -14"><span class='ocrx_word' id='word_1_410' title='bbox 88 3532 175 3601; x_wconf 78' lang='lat' dir='ltr'>enirn</span> <span class='ocrx_word' id='word_1_411' title='bbox 191 3530 341 3601; x_wconf 83' lang='lat' dir='ltr'>Paulus:</span> <span class='ocrx_word' id='word_1_412' title='bbox 363 3530 420 3600; x_wconf 87' lang='lat' dir='ltr'>Ad</span> <span class='ocrx_word' id='word_1_413' title='bbox 437 3524 504 3597; x_wconf 91' lang='lat' dir='ltr'>hoc</span> <span class='ocrx_word' id='word_1_414' title='bbox 519 3542 603 3599; x_wconf 89' lang='lat' dir='ltr'>sunt</span> <span class='ocrx_word' id='word_1_415' title='bbox 618 3528 769 3607; x_wconf 87' lang='lat' dir='ltr'>assidui,</span> <span class='ocrx_word' id='word_1_416' title='bbox 794 3527 831 3595; x_wconf 89' lang='lat' dir='ltr'>id</span> <span class='ocrx_word' id='word_1_417' title='bbox 849 3541 919 3613; x_wconf 88' lang='lat' dir='ltr'>est,</span> <span class='ocrx_word' id='word_1_418' title='bbox 942 3530 985 3598; x_wconf 86' lang='lat' dir='ltr'>ad</span> <span class='ocrx_word' id='word_1_419' title='bbox 1000 3530 1070 3596; x_wconf 78' lang='lat' dir='ltr'>mi·</span> <span class='ocrx_word' id='word_1_420' title='bbox 1121 3517 1170 3587; x_wconf 89' lang='lat' dir='ltr'>ris</span> <span class='ocrx_word' id='word_1_421' title='bbox 1196 3536 1366 3610; x_wconf 90' lang='lat' dir='ltr'>sumtam,</span> <span class='ocrx_word' id='word_1_422' title='bbox 1397 3526 1561 3598; x_wconf 88' lang='lat' dir='ltr'>videlicet</span> <span class='ocrx_word' id='word_1_423' title='bbox 1583 3529 1629 3597; x_wconf 91' lang='lat' dir='ltr'>ab</span> <span class='ocrx_word' id='word_1_424' title='bbox 1655 3530 1858 3615; x_wconf 85' lang='lat' dir='ltr'>occasione,</span> <span class='ocrx_word' id='word_1_425' title='bbox 1894 3555 1990 3601; x_wconf 90' lang='lat' dir='ltr'>nunc</span> <span class='ocrx_word' id='word_1_426' title='bbox 2011 3528 2112 3600; x_wconf 88' lang='lat' dir='ltr'>exhi·</span> 
     </span>
     <span class='ocr_line' id='line_1_34' title="bbox 88 3622 2146 3729; baseline 0 -29"><span class='ocrx_word' id='word_1_427' title='bbox 88 3633 266 3705; x_wconf 86' lang='lat' dir='ltr'>sisterium</span> <span class='ocrx_word' id='word_1_428' title='bbox 288 3633 381 3717; x_wconf 92' lang='lat' dir='ltr'>Dei,</span> <span class='ocrx_word' id='word_1_429' title='bbox 421 3627 488 3700; x_wconf 88' lang='lat' dir='ltr'>boc</span> <span class='ocrx_word' id='word_1_430' title='bbox 510 3643 577 3714; x_wconf 88' lang='lat' dir='ltr'>est,</span> <span class='ocrx_word' id='word_1_431' title='bbox 607 3632 650 3699; x_wconf 94' lang='lat' dir='ltr'>ad</span> <span class='ocrx_word' id='word_1_432' title='bbox 677 3632 965 3720; x_wconf 82' lang='lat' dir='ltr'>propagationem</span> <span class='ocrx_word' id='word_1_433' title='bbox 988 3630 1063 3698; x_wconf 81' lang='lat' dir='ltr'>veri</span> <span class='ocrx_word' id='word_1_434' title='bbox 1121 3622 1194 3690; x_wconf 86' lang='lat' dir='ltr'>bita</span> <span class='ocrx_word' id='word_1_435' title='bbox 1210 3636 1262 3694; x_wconf 91' lang='lat' dir='ltr'>est</span> <span class='ocrx_word' id='word_1_436' title='bbox 1276 3626 1391 3729; x_wconf 78' lang='lat' dir='ltr'>salus,</span> <span class='ocrx_word' id='word_1_437' title='bbox 1415 3623 1649 3716; x_wconf 84' lang='lat' dir='ltr'>Evangelium</span> <span class='ocrx_word' id='word_1_438' title='bbox 1667 3632 1861 3701; x_wconf 90' lang='lat' dir='ltr'>revelatum</span> <span class='ocrx_word' id='word_1_439' title='bbox 1876 3648 1938 3705; x_wconf 89' lang='lat' dir='ltr'>est.</span> <span class='ocrx_word' id='word_1_440' title='bbox 1990 3634 2146 3725; x_wconf 55' lang='lat' dir='ltr'>Quare&gt;</span> 
     </span>
     <span class='ocr_line' id='line_1_35' title="bbox 88 3732 2110 3823; baseline -0.002 -17"><span class='ocrx_word' id='word_1_441' title='bbox 88 3736 213 3817; x_wconf 77' lang='lat' dir='ltr'>saltus,</span> <span class='ocrx_word' id='word_1_442' title='bbox 253 3748 288 3806; x_wconf 91' lang='lat' dir='ltr'>et</span> <span class='ocrx_word' id='word_1_443' title='bbox 315 3735 358 3804; x_wconf 91' lang='lat' dir='ltr'>ad</span> <span class='ocrx_word' id='word_1_444' title='bbox 386 3732 628 3803; x_wconf 81' lang='lat' dir='ltr'>defensionem</span> <span class='ocrx_word' id='word_1_445' title='bbox 655 3732 864 3822; x_wconf 89' lang='lat' dir='ltr'>disciplinae</span> <span class='ocrx_word' id='word_1_446' title='bbox 892 3746 925 3802; x_wconf 92' lang='lat' dir='ltr'>et</span> <span class='ocrx_word' id='word_1_447' title='bbox 956 3732 1063 3823; x_wconf 85' lang='lat' dir='ltr'>pacis,</span> <span class='ocrx_word' id='word_1_448' title='bbox 1121 3748 1194 3793; x_wconf 85' lang='lat' dir='ltr'>non</span> <span class='ocrx_word' id='word_1_449' title='bbox 1220 3748 1452 3818; x_wconf 79' lang='lat' dir='ltr'>aspernemur</span> <span class='ocrx_word' id='word_1_450' title='bbox 1475 3744 1613 3800; x_wconf 90' lang='lat' dir='ltr'>tantum</span> <span class='ocrx_word' id='word_1_451' title='bbox 1635 3755 1785 3816; x_wconf 88' lang='lat' dir='ltr'>munus,</span> <span class='ocrx_word' id='word_1_452' title='bbox 1822 3737 1885 3803; x_wconf 88' lang='lat' dir='ltr'>sed</span> <span class='ocrx_word' id='word_1_453' title='bbox 1908 3734 2010 3805; x_wconf 88' lang='lat' dir='ltr'>avide</span> <span class='ocrx_word' id='word_1_454' title='bbox 2035 3760 2110 3803; x_wconf 91' lang='lat' dir='ltr'>am·</span> 
     </span>
     <span class='ocr_line' id='line_1_36' title="bbox 88 3826 2109 3930; baseline 0.005 -35"><span class='ocrx_word' id='word_1_455' title='bbox 88 3860 169 3930; x_wconf 68' lang='lat' dir='ltr'>pm</span> <span class='ocrx_word' id='word_1_456' title='bbox 194 3851 282 3918; x_wconf 61' lang='lat' dir='ltr'>,um</span> <span class='ocrx_word' id='word_1_457' title='bbox 311 3836 480 3907; x_wconf 69' lang='lat' dir='ltr'>beneficia</span> <span class='ocrx_word' id='word_1_458' title='bbox 512 3835 646 3907; x_wconf 71' lang='lat' dir='ltr'>divina,</span> <span class='ocrx_word' id='word_1_459' title='bbox 711 3830 761 3905; x_wconf 74' lang='lat' dir='ltr'>Et</span> <span class='ocrx_word' id='word_1_460' title='bbox 788 3834 976 3904; x_wconf 58' lang='lat' dir='ltr'>assiduis„</span> <span class='ocrx_word' id='word_1_461' title='bbox 1015 3850 1069 3906; x_wconf 66' lang='lat' dir='ltr'>ast</span> <span class='ocrx_word' id='word_1_462' title='bbox 1121 3826 1317 3916; x_wconf 82' lang='lat' dir='ltr'>plectamur</span> <span class='ocrx_word' id='word_1_463' title='bbox 1343 3844 1448 3925; x_wconf 89' lang='lat' dir='ltr'>atque</span> <span class='ocrx_word' id='word_1_464' title='bbox 1476 3834 1694 3903; x_wconf 88' lang='lat' dir='ltr'>obediamus.</span> <span class='ocrx_word' id='word_1_465' title='bbox 1761 3832 1813 3904; x_wconf 91' lang='lat' dir='ltr'>lta</span> <span class='ocrx_word' id='word_1_466' title='bbox 1841 3858 1944 3928; x_wconf 84' lang='lat' dir='ltr'>saepe</span> <span class='ocrx_word' id='word_1_467' title='bbox 1974 3835 2109 3905; x_wconf 91' lang='lat' dir='ltr'>aliasa</span> 
     </span>
     <span class='ocr_line' id='line_1_37' title="bbox 88 3934 2110 4027; baseline 0 -20"><span class='ocrx_word' id='word_1_468' title='bbox 88 3960 208 4026; x_wconf 89' lang='lat' dir='ltr'>nagna</span> <span class='ocrx_word' id='word_1_469' title='bbox 237 3938 389 4010; x_wconf 89' lang='lat' dir='ltr'>intentio</span> <span class='ocrx_word' id='word_1_470' title='bbox 423 3936 554 4017; x_wconf 90' lang='lat' dir='ltr'>animi,</span> <span class='ocrx_word' id='word_1_471' title='bbox 596 3958 671 4023; x_wconf 89' lang='lat' dir='ltr'>nou</span> <span class='ocrx_word' id='word_1_472' title='bbox 699 3937 911 4006; x_wconf 89' lang='lat' dir='ltr'>remittentis</span> <span class='ocrx_word' id='word_1_473' title='bbox 934 3959 1068 4020; x_wconf 89' lang='lat' dir='ltr'>curam,</span> <span class='ocrx_word' id='word_1_474' title='bbox 1120 3941 1278 4020; x_wconf 79' lang='lat' dir='ltr'>tempore</span> <span class='ocrx_word' id='word_1_475' title='bbox 1306 3947 1572 4022; x_wconf 75' lang='lat' dir='ltr'>argumentatur</span> <span class='ocrx_word' id='word_1_476' title='bbox 1605 3937 1639 4005; x_wconf 76' lang='lat'>2.</span> <span class='ocrx_word' id='word_1_477' title='bbox 1666 3934 1746 4010; x_wconf 86' lang='lat' dir='ltr'>Cor.</span> <span class='ocrx_word' id='word_1_478' title='bbox 1767 3938 1826 4010; x_wconf 85' lang='lat'>11.</span> <span class='ocrx_word' id='word_1_479' title='bbox 1849 3934 1934 4007; x_wconf 86' lang='lat' dir='ltr'>Ebr.</span> <span class='ocrx_word' id='word_1_480' title='bbox 1957 3940 1993 4027; x_wconf 67' lang='lat' dir='ltr'>S.</span> <span class='ocrx_word' id='word_1_481' title='bbox 2020 3936 2110 4006; x_wconf 82' lang='lat' dir='ltr'>Tale</span> 
     </span>
     <span class='ocr_line' id='line_1_38' title="bbox 88 4036 2108 4131; baseline 0 -24"><span class='ocrx_word' id='word_1_482' title='bbox 88 4040 299 4128; x_wconf 68' lang='lat' dir='ltr'>vigilantiam</span> <span class='ocrx_word' id='word_1_483' title='bbox 332 4053 366 4111; x_wconf 92' lang='lat' dir='ltr'>et</span> <span class='ocrx_word' id='word_1_484' title='bbox 400 4040 579 4129; x_wconf 90' lang='lat' dir='ltr'>laborem,</span> <span class='ocrx_word' id='word_1_485' title='bbox 621 4040 712 4108; x_wconf 88' lang='lat' dir='ltr'>sicut</span> <span class='ocrx_word' id='word_1_486' title='bbox 749 4039 972 4109; x_wconf 85' lang='lat' dir='ltr'>verissimum</span> <span class='ocrx_word' id='word_1_487' title='bbox 1005 4053 1067 4124; x_wconf 82' lang='lat' dir='ltr'>est,</span> <span class='ocrx_word' id='word_1_488' title='bbox 1119 4045 1259 4122; x_wconf 91' lang='lat' dir='ltr'>tempus</span> <span class='ocrx_word' id='word_1_489' title='bbox 1289 4048 1358 4118; x_wconf 91' lang='lat' dir='ltr'>est,</span> <span class='ocrx_word' id='word_1_490' title='bbox 1403 4036 1688 4131; x_wconf 88' lang='lat' dir='ltr'>quandocunque</span> <span class='ocrx_word' id='word_1_491' title='bbox 1718 4036 1814 4108; x_wconf 92' lang='lat' dir='ltr'>Deus</span> <span class='ocrx_word' id='word_1_492' title='bbox 1850 4040 1961 4111; x_wconf 91' lang='lat' dir='ltr'>donat</span> <span class='ocrx_word' id='word_1_493' title='bbox 1989 4064 2108 4109; x_wconf 86' lang='lat' dir='ltr'>veram</span> 
     </span>
     <span class='ocr_line' id='line_1_39' title="bbox 91 4132 2109 4234; baseline 0.003 -23"><span class='ocrx_word' id='word_1_494' title='bbox 91 4141 230 4234; x_wconf 86' lang='lat' dir='ltr'>ruperia</span> <span class='ocrx_word' id='word_1_495' title='bbox 259 4166 333 4213; x_wconf 87' lang='lat' dir='ltr'>esse</span> <span class='ocrx_word' id='word_1_496' title='bbox 363 4165 475 4222; x_wconf 90' lang='lat' dir='ltr'>onus,</span> <span class='ocrx_word' id='word_1_497' title='bbox 508 4143 566 4210; x_wconf 87' lang='lat' dir='ltr'>rui</span> <span class='ocrx_word' id='word_1_498' title='bbox 595 4141 694 4210; x_wconf 88' lang='lat' dir='ltr'>nulls</span> <span class='ocrx_word' id='word_1_499' title='bbox 718 4133 873 4209; x_wconf 90' lang='lat' dir='ltr'>humana</span> <span class='ocrx_word' id='word_1_500' title='bbox 895 4141 1066 4231; x_wconf 91' lang='lat' dir='ltr'>sapientia</span> <span class='ocrx_word' id='word_1_501' title='bbox 1105 4132 1233 4207; x_wconf 71' lang='lat' dir='ltr'>ducem</span> <span class='ocrx_word' id='word_1_502' title='bbox 1264 4132 1470 4227; x_wconf 71' lang='lat' dir='ltr'>Evangelii,</span> <span class='ocrx_word' id='word_1_503' title='bbox 1519 4164 1609 4232; x_wconf 92' lang='lat' dir='ltr'>quae</span> <span class='ocrx_word' id='word_1_504' title='bbox 1639 4154 1825 4233; x_wconf 89' lang='lat' dir='ltr'>postquam</span> <span class='ocrx_word' id='word_1_505' title='bbox 1857 4136 2032 4211; x_wconf 86' lang='lat' dir='ltr'>exhibitus</span> <span class='ocrx_word' id='word_1_506' title='bbox 2059 4156 2109 4213; x_wconf 79' lang='lat' dir='ltr'>etl</span> 
     </span>
     <span class='ocr_line' id='line_1_40' title="bbox 88 4230 2108 4336; baseline -0 -21"><span class='ocrx_word' id='word_1_507' title='bbox 88 4266 141 4315; x_wconf 80' lang='lat' dir='ltr'>tar</span> <span class='ocrx_word' id='word_1_508' title='bbox 170 4267 245 4315; x_wconf 87' lang='lat' dir='ltr'>esse</span> <span class='ocrx_word' id='word_1_509' title='bbox 268 4258 392 4336; x_wconf 91' lang='lat' dir='ltr'>potest.</span> <span class='ocrx_word' id='word_1_510' title='bbox 450 4241 499 4314; x_wconf 89' lang='lat' dir='ltr'>Et</span> <span class='ocrx_word' id='word_1_511' title='bbox 521 4256 639 4314; x_wconf 90' lang='lat' dir='ltr'>tamen</span> <span class='ocrx_word' id='word_1_512' title='bbox 668 4242 864 4335; x_wconf 89' lang='lat' dir='ltr'>requiritur</span> <span class='ocrx_word' id='word_1_513' title='bbox 882 4243 1067 4332; x_wconf 86' lang='lat' dir='ltr'>magistra-</span> <span class='ocrx_word' id='word_1_514' title='bbox 1118 4230 1301 4323; x_wconf 84' lang='lat' dir='ltr'>Christus,</span> <span class='ocrx_word' id='word_1_515' title='bbox 1330 4240 1399 4309; x_wconf 92' lang='lat' dir='ltr'>late</span> <span class='ocrx_word' id='word_1_516' title='bbox 1415 4263 1533 4331; x_wconf 91' lang='lat' dir='ltr'>sparsa</span> <span class='ocrx_word' id='word_1_517' title='bbox 1551 4254 1601 4312; x_wconf 86' lang='lat' dir='ltr'>est</span> <span class='ocrx_word' id='word_1_518' title='bbox 1619 4241 1711 4311; x_wconf 89' lang='lat' dir='ltr'>inter</span> <span class='ocrx_word' id='word_1_519' title='bbox 1726 4256 1868 4330; x_wconf 88' lang='lat' dir='ltr'>gentes,</span> <span class='ocrx_word' id='word_1_520' title='bbox 1903 4268 1982 4312; x_wconf 90' lang='lat' dir='ltr'>cum</span> <span class='ocrx_word' id='word_1_521' title='bbox 2007 4257 2108 4315; x_wconf 90' lang='lat' dir='ltr'>antea</span> 
     </span>
     <span class='ocr_line' id='line_1_41' title="bbox 88 4336 1919 4438; baseline -0.002 -21"><span class='ocrx_word' id='word_1_522' title='bbox 88 4370 177 4417; x_wconf 89' lang='lat' dir='ltr'>uum</span> <span class='ocrx_word' id='word_1_523' title='bbox 207 4347 411 4436; x_wconf 89' lang='lat' dir='ltr'>diligentia,</span> <span class='ocrx_word' id='word_1_524' title='bbox 452 4369 559 4438; x_wconf 91' lang='lat' dir='ltr'>quam</span> <span class='ocrx_word' id='word_1_525' title='bbox 590 4341 650 4415; x_wconf 87' lang='lat' dir='ltr'>bic</span> <span class='ocrx_word' id='word_1_526' title='bbox 678 4359 782 4416; x_wconf 85' lang='lat' dir='ltr'>vocat</span> <span class='ocrx_word' id='word_1_527' title='bbox 808 4345 1067 4432; x_wconf 89' lang='lat' dir='ltr'>assiduitatem,</span> <span class='ocrx_word' id='word_1_528' title='bbox 1118 4336 1339 4428; x_wconf 88' lang='lat' dir='ltr'>ignorassent</span> <span class='ocrx_word' id='word_1_529' title='bbox 1354 4342 1606 4432; x_wconf 87' lang='lat' dir='ltr'>promissiones</span> <span class='ocrx_word' id='word_1_530' title='bbox 1623 4357 1657 4412; x_wconf 91' lang='lat' dir='ltr'>ct</span> <span class='ocrx_word' id='word_1_531' title='bbox 1673 4339 1919 4433; x_wconf 87' lang='lat' dir='ltr'>Evangelium.</span> 
     </span>
     <span class='ocr_line' id='line_1_42' title="bbox 88 4439 2109 4541; baseline -0.001 -22"><span class='ocrx_word' id='word_1_532' title='bbox 88 4472 165 4541; x_wconf 74' lang='lat' dir='ltr'>{use</span> <span class='ocrx_word' id='word_1_533' title='bbox 176 4448 256 4520; x_wconf 90' lang='lat' dir='ltr'>Deo</span> <span class='ocrx_word' id='word_1_534' title='bbox 272 4450 416 4519; x_wconf 84' lang='lat' dir='ltr'>iuvante</span> <span class='ocrx_word' id='word_1_535' title='bbox 432 4462 484 4517; x_wconf 91' lang='lat' dir='ltr'>est</span> <span class='ocrx_word' id='word_1_536' title='bbox 496 4449 686 4519; x_wconf 89' lang='lat' dir='ltr'>fortunata.</span> <span class='ocrx_word' id='word_1_537' title='bbox 1222 4439 1396 4512; x_wconf 88' lang='lat' dir='ltr'>Somnum</span> <span class='ocrx_word' id='word_1_538' title='bbox 1412 4444 1578 4534; x_wconf 90' lang='lat' dir='ltr'>intelligit</span> <span class='ocrx_word' id='word_1_539' title='bbox 1595 4445 1832 4533; x_wconf 87' lang='lat' dir='ltr'>ignorantiam</span> <span class='ocrx_word' id='word_1_540' title='bbox 1850 4469 1952 4516; x_wconf 88' lang='lat' dir='ltr'>verae</span> <span class='ocrx_word' id='word_1_541' title='bbox 1975 4447 2109 4518; x_wconf 89' lang='lat' dir='ltr'>doctri-</span> 
     </span>
     <span class='ocr_line' id='line_1_43' title="bbox 174 4541 2108 4641; baseline -0.002 -17"><span class='ocrx_word' id='word_1_542' title='bbox 174 4549 318 4624; x_wconf 88' lang='lat' dir='ltr'>Deinde</span> <span class='ocrx_word' id='word_1_543' title='bbox 331 4552 429 4621; x_wconf 90' lang='lat' dir='ltr'>addit</span> <span class='ocrx_word' id='word_1_544' title='bbox 445 4552 607 4640; x_wconf 83' lang='lat' dir='ltr'>generale</span> <span class='ocrx_word' id='word_1_545' title='bbox 632 4559 856 4641; x_wconf 88' lang='lat' dir='ltr'>praeceptum</span> <span class='ocrx_word' id='word_1_546' title='bbox 880 4548 923 4617; x_wconf 93' lang='lat' dir='ltr'>de</span> <span class='ocrx_word' id='word_1_547' title='bbox 946 4547 1066 4617; x_wconf 90' lang='lat' dir='ltr'>omni·</span> <span class='ocrx_word' id='word_1_548' title='bbox 1118 4565 1197 4614; x_wconf 88' lang='lat' dir='ltr'>nae.</span> <span class='ocrx_word' id='word_1_549' title='bbox 1227 4541 1376 4632; x_wconf 85' lang='lat' dir='ltr'>Vigiliae</span> <span class='ocrx_word' id='word_1_550' title='bbox 1394 4569 1477 4615; x_wconf 91' lang='lat' dir='ltr'>vero</span> <span class='ocrx_word' id='word_1_551' title='bbox 1495 4547 1625 4616; x_wconf 85' lang='lat' dir='ltr'>debent</span> <span class='ocrx_word' id='word_1_552' title='bbox 1642 4570 1714 4615; x_wconf 87' lang='lat' dir='ltr'>esse</span> <span class='ocrx_word' id='word_1_553' title='bbox 1731 4571 1821 4623; x_wconf 84' lang='lat' dir='ltr'>nova</span> <span class='ocrx_word' id='word_1_554' title='bbox 1839 4549 1969 4619; x_wconf 89' lang='lat' dir='ltr'>noticia</span> <span class='ocrx_word' id='word_1_555' title='bbox 1986 4547 2108 4620; x_wconf 87' lang='lat' dir='ltr'>Evan-</span> 
     </span>
     <span class='ocr_line' id='line_1_44' title="bbox 88 4644 2108 4741; baseline -0.001 -18"><span class='ocrx_word' id='word_1_556' title='bbox 88 4675 141 4723; x_wconf 79' lang='grc' dir='ltr'>ιω</span> <span class='ocrx_word' id='word_1_557' title='bbox 170 4654 339 4726; x_wconf 85' lang='lat' dir='ltr'>civilibus</span> <span class='ocrx_word' id='word_1_558' title='bbox 366 4653 508 4723; x_wconf 82' lang='lat' dir='ltr'>officiis:</span> <span class='ocrx_word' id='word_1_559' title='bbox 549 4650 703 4723; x_wconf 83' lang='lat' dir='ltr'>Reddite</span> <span class='ocrx_word' id='word_1_560' title='bbox 734 4650 902 4720; x_wconf 89' lang='lat' dir='ltr'>omnibus</span> <span class='ocrx_word' id='word_1_561' title='bbox 934 4650 1065 4724; x_wconf 89' lang='lat' dir='ltr'>debita.</span> <span class='ocrx_word' id='word_1_562' title='bbox 1117 4644 1220 4732; x_wconf 92' lang='lat' dir='ltr'>gelii,</span> <span class='ocrx_word' id='word_1_563' title='bbox 1251 4658 1285 4715; x_wconf 90' lang='lat' dir='ltr'>et</span> <span class='ocrx_word' id='word_1_564' title='bbox 1308 4670 1421 4715; x_wconf 91' lang='lat' dir='ltr'>novae</span> <span class='ocrx_word' id='word_1_565' title='bbox 1447 4647 1613 4719; x_wconf 87' lang='lat' dir='ltr'>actiones.</span> <span class='ocrx_word' id='word_1_566' title='bbox 1673 4646 1729 4720; x_wconf 84' lang='lat' dir='ltr'>Et·</span> <span class='ocrx_word' id='word_1_567' title='bbox 1744 4650 1826 4741; x_wconf 91' lang='lat' dir='ltr'>quia</span> <span class='ocrx_word' id='word_1_568' title='bbox 1845 4652 1943 4721; x_wconf 90' lang='lat' dir='ltr'>iubet</span> <span class='ocrx_word' id='word_1_569' title='bbox 1960 4675 2025 4722; x_wconf 91' lang='lat' dir='ltr'>nos</span> <span class='ocrx_word' id='word_1_570' title='bbox 2043 4678 2108 4722; x_wconf 86' lang='lat' dir='ltr'>ex·</span> 
     </span>
     <span class='ocr_line' id='line_1_45' title="bbox 88 4747 2191 4846; baseline -0.001 -21"><span class='ocrx_word' id='word_1_571' title='bbox 88 4751 147 4825; x_wconf 82' lang='lat' dir='ltr'>lae</span> <span class='ocrx_word' id='word_1_572' title='bbox 175 4780 263 4826; x_wconf 84' lang='lat' dir='ltr'>voce</span> <span class='ocrx_word' id='word_1_573' title='bbox 291 4755 537 4846; x_wconf 82' lang='lat' dir='ltr'>complectitur</span> <span class='ocrx_word' id='word_1_574' title='bbox 560 4755 680 4822; x_wconf 89' lang='lat' dir='ltr'>omnia</span> <span class='ocrx_word' id='word_1_575' title='bbox 704 4752 819 4821; x_wconf 86' lang='lat' dir='ltr'>oificia</span> <span class='ocrx_word' id='word_1_576' title='bbox 840 4753 878 4820; x_wconf 91' lang='lat' dir='ltr'>in</span> <span class='ocrx_word' id='word_1_577' title='bbox 902 4751 1065 4822; x_wconf 84' lang='lat' dir='ltr'>societate</span> <span class='ocrx_word' id='word_1_578' title='bbox 1117 4747 1282 4836; x_wconf 90' lang='lat' dir='ltr'>pergisci,</span> <span class='ocrx_word' id='word_1_579' title='bbox 1314 4748 1485 4836; x_wconf 83' lang='lat' dir='ltr'>sig-nificat</span> <span class='ocrx_word' id='word_1_580' title='bbox 1509 4751 1627 4819; x_wconf 89' lang='lat' dir='ltr'>vocari</span> <span class='ocrx_word' id='word_1_581' title='bbox 1653 4776 1718 4820; x_wconf 89' lang='lat' dir='ltr'>nos</span> <span class='ocrx_word' id='word_1_582' title='bbox 1743 4756 1786 4821; x_wconf 90' lang='lat' dir='ltr'>ad</span> <span class='ocrx_word' id='word_1_583' title='bbox 1809 4752 1967 4841; x_wconf 90' lang='lat' dir='ltr'>ingentia</span> <span class='ocrx_word' id='word_1_584' title='bbox 1994 4768 2107 4823; x_wconf 88' lang='lat' dir='ltr'>certa·</span> <span class='ocrx_word' id='word_1_585' title='bbox 2187 4808 2191 4813; x_wconf 84' lang='lat'>.</span> 
     </span>
     <span class='ocr_line' id='line_1_46' title="bbox 88 4848 2104 4950; baseline -0 -21"><span class='ocrx_word' id='word_1_586' title='bbox 88 4859 288 4941; x_wconf 70' lang='lat' dir='ltr'>recusatis,</span> <span class='ocrx_word' id='word_1_587' title='bbox 322 4858 505 4950; x_wconf 64' lang='lat' dir='ltr'>videlicet,</span> <span class='ocrx_word' id='word_1_588' title='bbox 547 4857 647 4926; x_wconf 83' lang='lat' dir='ltr'>iubes</span> <span class='ocrx_word' id='word_1_589' title='bbox 666 4854 767 4924; x_wconf 81' lang='lat' dir='ltr'>reddi</span> <span class='ocrx_word' id='word_1_590' title='bbox 794 4856 950 4924; x_wconf 85' lang='lat' dir='ltr'>debitam</span> <span class='ocrx_word' id='word_1_591' title='bbox 976 4855 1064 4924; x_wconf 82' lang='lat' dir='ltr'>obe·</span> <span class='ocrx_word' id='word_1_592' title='bbox 1115 4848 1230 4927; x_wconf 87' lang='lat' dir='ltr'>mina,</span> <span class='ocrx_word' id='word_1_593' title='bbox 1258 4849 1432 4937; x_wconf 81' lang='lat' dir='ltr'>pericula,</span> <span class='ocrx_word' id='word_1_594' title='bbox 1464 4851 1697 4940; x_wconf 74' lang='lat' dir='ltr'>vigilantiam.</span> <span class='ocrx_word' id='word_1_595' title='bbox 1759 4849 1808 4924; x_wconf 83' lang='lat' dir='ltr'>At</span> <span class='ocrx_word' id='word_1_596' title='bbox 1833 4870 1974 4925; x_wconf 87' lang='lat' dir='ltr'>econtra</span> <span class='ocrx_word' id='word_1_597' title='bbox 1999 4879 2104 4925; x_wconf 85' lang='lat' dir='ltr'>mun·</span> 
     </span>
     <span class='ocr_line' id='line_1_47' title="bbox 88 4948 2105 5051; baseline 0 -27"><span class='ocrx_word' id='word_1_598' title='bbox 88 4959 245 5033; x_wconf 82' lang='lat' dir='ltr'>tientiam</span> <span class='ocrx_word' id='word_1_599' title='bbox 277 4960 537 5051; x_wconf 89' lang='lat' dir='ltr'>superioribus,</span> <span class='ocrx_word' id='word_1_600' title='bbox 584 4960 682 5030; x_wconf 88' lang='lat' dir='ltr'>iubet</span> <span class='ocrx_word' id='word_1_601' title='bbox 698 4956 800 5025; x_wconf 91' lang='lat' dir='ltr'>reddi</span> <span class='ocrx_word' id='word_1_602' title='bbox 822 4958 976 5027; x_wconf 89' lang='lat' dir='ltr'>debitam</span> <span class='ocrx_word' id='word_1_603' title='bbox 1001 4980 1064 5047; x_wconf 89' lang='lat' dir='ltr'>pe·</span> <span class='ocrx_word' id='word_1_604' title='bbox 1116 4951 1182 5020; x_wconf 90' lang='lat' dir='ltr'>dus</span> <span class='ocrx_word' id='word_1_605' title='bbox 1205 4951 1328 5020; x_wconf 90' lang='lat' dir='ltr'>audito</span> <span class='ocrx_word' id='word_1_606' title='bbox 1353 4948 1546 5041; x_wconf 84' lang='lat' dir='ltr'>Evangelio</span> <span class='ocrx_word' id='word_1_607' title='bbox 1569 4954 1607 5023; x_wconf 86' lang='lat' dir='ltr'>fit</span> <span class='ocrx_word' id='word_1_608' title='bbox 1626 4956 1785 5044; x_wconf 86' lang='lat' dir='ltr'>segnior,</span> <span class='ocrx_word' id='word_1_609' title='bbox 1812 4972 1846 5027; x_wconf 88' lang='lat' dir='ltr'>et</span> <span class='ocrx_word' id='word_1_610' title='bbox 1870 4982 1963 5025; x_wconf 91' lang='lat' dir='ltr'>novo</span> <span class='ocrx_word' id='word_1_611' title='bbox 1979 4980 2105 5034; x_wconf 89' lang='lat' dir='ltr'>somno</span> 
     </span>
     <span class='ocr_line' id='line_1_48' title="bbox 88 5051 2121 5151; baseline -0.002 -22"><span class='ocrx_word' id='word_1_612' title='bbox 88 5060 215 5135; x_wconf 84' lang='lat' dir='ltr'>unium</span> <span class='ocrx_word' id='word_1_613' title='bbox 244 5065 284 5132; x_wconf 91' lang='lat' dir='ltr'>in</span> <span class='ocrx_word' id='word_1_614' title='bbox 315 5062 554 5131; x_wconf 87' lang='lat' dir='ltr'>contractibus</span> <span class='ocrx_word' id='word_1_615' title='bbox 585 5061 803 5151; x_wconf 91' lang='lat' dir='ltr'>cuicunque,</span> <span class='ocrx_word' id='word_1_616' title='bbox 839 5060 937 5129; x_wconf 90' lang='lat' dir='ltr'>iubet</span> <span class='ocrx_word' id='word_1_617' title='bbox 961 5059 1063 5128; x_wconf 88' lang='lat' dir='ltr'>reddi</span> <span class='ocrx_word' id='word_1_618' title='bbox 1116 5051 1265 5142; x_wconf 90' lang='lat' dir='ltr'>sopitur.</span> <span class='ocrx_word' id='word_1_619' title='bbox 1315 5051 1494 5125; x_wconf 85' lang='lat' dir='ltr'>Securitas</span> <span class='ocrx_word' id='word_1_620' title='bbox 1516 5057 1611 5124; x_wconf 90' lang='lat' dir='ltr'>enirn</span> <span class='ocrx_word' id='word_1_621' title='bbox 1628 5058 1721 5148; x_wconf 89' lang='lat' dir='ltr'>parit</span> <span class='ocrx_word' id='word_1_622' title='bbox 1739 5059 2007 5148; x_wconf 85' lang='lat' dir='ltr'>negligentiam,</span> <span class='ocrx_word' id='word_1_623' title='bbox 2036 5082 2121 5150; x_wconf 90' lang='lat' dir='ltr'>qna-</span> 
     </span>
     <span class='ocr_line' id='line_1_49' title="bbox 88 5154 2104 5250; baseline 0 -23"><span class='ocrx_word' id='word_1_624' title='bbox 88 5163 188 5236; x_wconf 84' lang='lat' dir='ltr'>tebita</span> <span class='ocrx_word' id='word_1_625' title='bbox 205 5160 321 5235; x_wconf 79' lang='lat' dir='ltr'>officia</span> <span class='ocrx_word' id='word_1_626' title='bbox 336 5163 510 5247; x_wconf 88' lang='lat' dir='ltr'>familiae,</span> <span class='ocrx_word' id='word_1_627' title='bbox 535 5163 690 5246; x_wconf 87' lang='lat' dir='ltr'>civibus,</span> <span class='ocrx_word' id='word_1_628' title='bbox 718 5163 943 5250; x_wconf 89' lang='lat' dir='ltr'>parentibus,</span> <span class='ocrx_word' id='word_1_629' title='bbox 976 5183 1063 5229; x_wconf 87' lang='lat' dir='ltr'>con·</span> <span class='ocrx_word' id='word_1_630' title='bbox 1118 5154 1291 5246; x_wconf 88' lang='lat' dir='ltr'>paulatim</span> <span class='ocrx_word' id='word_1_631' title='bbox 1315 5156 1494 5248; x_wconf 87' lang='lat' dir='ltr'>obrepunt</span> <span class='ocrx_word' id='word_1_632' title='bbox 1517 5159 1614 5227; x_wconf 84' lang='lat' dir='ltr'>varia</span> <span class='ocrx_word' id='word_1_633' title='bbox 1641 5157 1738 5231; x_wconf 82' lang='lat' dir='ltr'>vitia.</span> <span class='ocrx_word' id='word_1_634' title='bbox 1796 5159 1899 5228; x_wconf 82' lang='lat' dir='ltr'>Hanc</span> <span class='ocrx_word' id='word_1_635' title='bbox 1924 5159 2104 5245; x_wconf 81' lang='lat' dir='ltr'>negligen-</span> 
     </span>
     <span class='ocr_line' id='line_1_50' title="bbox 88 5257 2105 5356; baseline 0 -23"><span class='ocrx_word' id='word_1_636' title='bbox 88 5265 161 5356; x_wconf 85' lang='lat' dir='ltr'>ngi,</span> <span class='ocrx_word' id='word_1_637' title='bbox 201 5267 346 5350; x_wconf 86' lang='lat' dir='ltr'>liberis,</span> <span class='ocrx_word' id='word_1_638' title='bbox 386 5265 506 5338; x_wconf 78' lang='lat' dir='ltr'>servis.</span> <span class='ocrx_word' id='word_1_639' title='bbox 575 5263 676 5353; x_wconf 84' lang='lat' dir='ltr'>Quae</span> <span class='ocrx_word' id='word_1_640' title='bbox 705 5275 823 5331; x_wconf 89' lang='lat' dir='ltr'>autem</span> <span class='ocrx_word' id='word_1_641' title='bbox 849 5263 922 5333; x_wconf 89' lang='lat' dir='ltr'>sint</span> <span class='ocrx_word' id='word_1_642' title='bbox 946 5262 1061 5331; x_wconf 87' lang='lat' dir='ltr'>ollicia</span> <span class='ocrx_word' id='word_1_643' title='bbox 1114 5257 1198 5327; x_wconf 89' lang='lat' dir='ltr'>tiam</span> <span class='ocrx_word' id='word_1_644' title='bbox 1220 5268 1335 5336; x_wconf 72' lang='lat' dir='ltr'>taxat,</span> <span class='ocrx_word' id='word_1_645' title='bbox 1362 5282 1442 5329; x_wconf 90' lang='lat' dir='ltr'>cum</span> <span class='ocrx_word' id='word_1_646' title='bbox 1463 5260 1561 5331; x_wconf 81' lang='lat' dir='ltr'>iubet</span> <span class='ocrx_word' id='word_1_647' title='bbox 1584 5283 1651 5330; x_wconf 81' lang='lat' dir='ltr'>nos</span> <span class='ocrx_word' id='word_1_648' title='bbox 1676 5261 1878 5352; x_wconf 80' lang='lat' dir='ltr'>expergisci·</span> <span class='ocrx_word' id='word_1_649' title='bbox 1937 5258 2021 5328; x_wconf 84' lang='lat' dir='ltr'>Ideo</span> <span class='ocrx_word' id='word_1_650' title='bbox 2040 5286 2105 5351; x_wconf 87' lang='lat' dir='ltr'>pn·</span> 
     </span>
     <span class='ocr_line' id='line_1_51' title="bbox 88 5357 2105 5461; baseline -0.001 -26"><span class='ocrx_word' id='word_1_651' title='bbox 88 5368 216 5461; x_wconf 82' lang='lat' dir='ltr'>iugulis</span> <span class='ocrx_word' id='word_1_652' title='bbox 231 5370 372 5455; x_wconf 85' lang='lat' dir='ltr'>debita,</span> <span class='ocrx_word' id='word_1_653' title='bbox 393 5364 754 5457; x_wconf 87' lang='lat' dir='ltr'>Decalogusindicat,</span> <span class='ocrx_word' id='word_1_654' title='bbox 789 5387 895 5460; x_wconf 85' lang='lat' dir='ltr'>quern</span> <span class='ocrx_word' id='word_1_655' title='bbox 919 5359 978 5435; x_wconf 89' lang='lat' dir='ltr'>bie</span> <span class='ocrx_word' id='word_1_656' title='bbox 1000 5387 1057 5435; x_wconf 91' lang='lat' dir='ltr'>re-</span> <span class='ocrx_word' id='word_1_657' title='bbox 1115 5372 1188 5430; x_wconf 83' lang='lat' dir='ltr'>stea</span> <span class='ocrx_word' id='word_1_658' title='bbox 1204 5357 1302 5432; x_wconf 90' lang='lat' dir='ltr'>iubet</span> <span class='ocrx_word' id='word_1_659' title='bbox 1325 5359 1430 5432; x_wconf 92' lang='lat' dir='ltr'>indui</span> <span class='ocrx_word' id='word_1_660' title='bbox 1454 5385 1552 5433; x_wconf 89' lang='lat' dir='ltr'>arms</span> <span class='ocrx_word' id='word_1_661' title='bbox 1575 5362 1682 5448; x_wconf 90' lang='lat' dir='ltr'>lucis,</span> <span class='ocrx_word' id='word_1_662' title='bbox 1708 5362 1882 5455; x_wconf 83' lang='lat' dir='ltr'>significat</span> <span class='ocrx_word' id='word_1_663' title='bbox 1903 5364 1997 5433; x_wconf 92' lang='lat' dir='ltr'>enim</span> <span class='ocrx_word' id='word_1_664' title='bbox 2015 5386 2105 5456; x_wconf 87' lang='lat' dir='ltr'>opus</span> 
     </span>
    </p>
   </div>
   <div class='ocr_carea' id='block_1_4' title="bbox 1250 3282 1982 3387">
    <p class='ocr_par' dir='ltr' id='par_1_4' title="bbox 1250 3282 1982 3387">
     <span class='ocr_line' id='line_1_52' title="bbox 1250 3282 1982 3387; baseline 0.011 -31"><span class='ocrx_word' id='word_1_665' title='bbox 1250 3282 1359 3357; x_wconf 85' lang='lat' dir='ltr'>Hora</span> <span class='ocrx_word' id='word_1_666' title='bbox 1377 3293 1429 3357; x_wconf 86' lang='lat' dir='ltr'>est</span> <span class='ocrx_word' id='word_1_667' title='bbox 1447 3285 1522 3358; x_wconf 83' lang='lat' dir='ltr'>iam</span> <span class='ocrx_word' id='word_1_668' title='bbox 1538 3311 1608 3359; x_wconf 86' lang='lat' dir='ltr'>uos</span> <span class='ocrx_word' id='word_1_669' title='bbox 1622 3284 1666 3360; x_wconf 82' lang='lat' dir='ltr'>de</span> <span class='ocrx_word' id='word_1_670' title='bbox 1681 3314 1812 3361; x_wconf 84' lang='lat' dir='ltr'>somno</span> <span class='ocrx_word' id='word_1_671' title='bbox 1823 3316 1982 3387; x_wconf 81' lang='lat' dir='ltr'>surgere.</span> 
     </span>
    </p>
   </div>
   <div class='ocr_carea' id='block_1_5' title="bbox 0 0 2266 5782">
    <p class='ocr_par' dir='ltr' id='par_1_5' title="bbox 0 0 2266 5782">
     <span class='ocr_line' id='line_1_53' title="bbox 0 0 2266 5782; baseline 0 2"><span class='ocrx_word' id='word_1_672' title='bbox 0 0 2266 5782; x_wconf 95' lang='lat' dir='ltr'> </span> 
     </span>
    </p>
   </div>
  </div>
 </body>
</html>
