4522 5782
107 166 208 244 asts
361 111 367 126 ’
715 160 843 236 eutr.
868 158 987 241 atat.
1011 154 1222 236 scatere
1248 153 1548 235 aasentias.
1754 235 1758 242 ,
1880 154 1885 163 ·
2072 162 2151 237 aaa

115 362 243 432 genere
264 320 441 425 humano,
482 351 517 410 et
539 337 650 430 magis
676 339 795 411 munit
821 337 971 429 imperia
1004 360 1109 430 quam
1163 333 1298 404 litatem
1332 330 1470 404 videre.
1539 328 1631 404 Naro
1672 333 1840 426 cogitatio
1882 333 2151 431 inaequalitatis,

117 445 191 514 nlla
209 444 276 513 alia
293 442 464 533 sapientia
480 441 537 510 vel
556 443 725 534 potentia.
778 435 1110 529 Etadbancregu-
1163 438 1259 530 quod
1308 431 1405 507 Deus
1430 435 1610 507 taliorum
1663 439 1814 528 peccatis
1854 441 1988 509 durius
2034 440 2149 509 irasca-

119 547 189 617 lam
206 546 429 616 referendum
450 557 508 614 est.
523 545 656 616 dictum
675 543 776 614 Pauli
800 538 869 614 hoc
889 544 980 617 loco.
1032 539 1111 611 Hoc
1161 553 1239 624 tur,
1280 538 1431 609 aliorum
1460 551 1567 609 tetros
1597 540 1715 629 lapsus
1737 542 1914 631 negligat,
1956 558 1994 613 et
2025 543 2147 635 aliquos

121 643 308 718 bonestum
327 664 361 717 et
379 662 557 737 acceptum
577 662 629 717 est
651 672 769 716 coram
791 648 963 716 salvatore
988 659 1111 714 nostro
1161 642 1390 733 excerpserit,
1432 642 1564 735 quibus
1588 644 1673 711 velit
1696 667 1769 713 esse
1792 644 2014 715 familiarior
2037 645 2148 736 spretis

119 749 216 832 Deo,
257 751 345 821 dicit
372 746 458 819 baec
497 750 571 840 ipsa
600 751 749 831 officia,¹
780 751 1016 841 precationem
1046 771 1111 837 pro
1161 745 1329 828 caeteris,
1364 745 1490 814 tribuit
1514 743 1590 814 Deo
1607 743 1959 920 'npoownoipqp'nv,
1999 759 2148 841 quaeest

121 867 311 945 potestate,
338 854 524 944 pietatem,
553 854 642 920 tueri
670 850 851 922 honestam
876 851 1113 941 disciplinam,
1161 848 1365 942 tyrannica,
1400 861 1434 917 et
1467 849 1643 919 excruciat
1676 864 1812 921 mentes
1874 851 2020 920 orribili
2054 849 2148 920 dubi·

121 980 241 1047 pacem
263 971 296 1027 ct
311 950 503 1040 εὐταξίαν,
530 980 723 1043 esseopera
742 956 814 1024 Deo
834 955 1029 1046 placentia,
1056 953 1112 1020 vi·
1162 950 1305 1019 tatione.

121 1058 247 1127 delicet
265 1059 303 1126 in
320 1060 483 1127 credente
500 1082 563 1127 suo
580 1061 723 1141 ordine,
743 1058 832 1127 sicut
848 1058 932 1125 alibi
951 1055 1114 1126 debonis
1264 1046 1430 1122 Retrabit
1446 1067 1563 1120 autem
1579 1076 1645 1122 nos
1662 1079 1728 1122 vox
1747 1055 1868 1123 divina
1887 1058 1932 1125 ad
1952 1059 2150 1148 patefactio-

91 1236 97 1251 ,
123 1160 291 1248 operibns
315 1161 455 1230 dicitur.
1164 1178 1267 1239 nem,
1306 1178 1397 1247 quae
1418 1154 1573 1223 affirmat
1594 1157 1670 1225 sine
1694 1157 1766 1226 ulla
1791 1158 2023 1228 dubitatione
2045 1160 2147 1229 Deum

1167 1280 1246 1325 vere
1276 1252 1377 1326 irasci
1402 1257 1549 1347 peccatis
1574 1259 1611 1327 itt
1636 1261 1822 1341 omuibus,
1856 1277 1931 1330 tam
1956 1262 1997 1330 in
2024 1259 2147 1333 Davide

1166 1383 1272 1452 quam
1296 1359 1332 1426 in
1358 1358 1476 1429 Saule.
1524 1356 1665 1430 Rursus
1696 1362 1800 1429 etiam
1824 1365 1903 1432 sine
1918 1365 2145 1450 ¹dubitatione

1168 1462 1280 1532 Deum
1300 1463 1453 1550 recipere
1476 1486 1600 1530 omnes
1617 1464 1856 1552 confugientes
1881 1468 1927 1533 ad
1952 1467 2082 1535 lilium:
2105 1469 2145 1536 sic

225 1564 418 1655 Augustini
444 1567 688 1658 interpretatio
714 1565 798 1638 baec
824 1582 892 1638 est:
920 1566 1015 1638 Deus
1038 1570 1114 1639 vult
1167 1565 1323 1633 iudicare
1348 1589 1412 1632 atos
1436 1566 1528 1653 cogit
1552 1589 1712 1654 expressa
1744 1569 1955 1655 promissio,
2001 1583 2144 1662 quaeest

123 1692 246 1740 omnes
265 1665 445 1752 bomines,
462 1670 497 1737 id
515 1684 586 1759 est,
612 1670 772 1739 omnium
789 1673 960 1760 graduum
977 1686 1011 1741 et
1029 1694 1115 1761 gen·
1167 1665 1387 1736 tmiversalis.
1441 1660 1487 1735 Et
1508 1667 1553 1736 sit
1570 1656 1700 1739 modas
1715 1670 1845 1762 aliquis
1862 1671 2141 1760 disputationum,

100 1772 213 1865 ‘tium
232 1770 370 1862 aliquos
386 1771 502 1840 salvos
524 1772 610 1846 lieri.
643 1769 782 1843 Deinde
799 1776 936 1841 addunt
952 1775 1111 1868 labyrin-
1167 1793 1230 1838 nec
1262 1781 1477 1860 quaerantur
1514 1764 1757 1840 cavillationes
1788 1776 1832 1840 ad
1874 1773 2138 1844 labefactandam

123 1870 204 1943 thos
229 1874 273 1942 de
298 1874 634 1963 praedestinatione,
661 1877 792 1968 quibus
817 1878 954 1945 turbari
980 1891 1113 1947 mentes
1166 1871 1448 1960 promissionem.
1492 1868 1568 1941 Hac
1585 1873 1738 1962 simplici
1756 1876 1987 1958 enarratione
2003 1876 2138 1945 contenti

124 1994 348 2069 nequaquam
369 1975 456 2044 utile
471 1989 538 2046 est:
565 1992 599 2047 ct
615 1978 697 2046 illae
712 1979 1112 2068 turbulentaedisputa-
1165 1975 1290 2043 simus:
1328 1969 1426 2043 Deus
1458 1974 1536 2043 vult
1568 1999 1692 2045 omnes
1720 1971 1886 2046 homines
1921 1979 2040 2048 salvos
2071 1978 2136 2056 lieri,

123 2078 240 2148 tiones
254 2077 339 2146 inde
357 2079 543 2163 oriuntur,
571 2083 665 2171 quod
687 2104 760 2149 non
778 2082 1023 2151 consideratur
1040 2081 1111 2149 dis-
1165 2076 1262 2169 quod
1284 2076 1328 2144 ad
1351 2099 1451 2144 suam
1475 2073 1693 2147 voluntatem
1718 2079 1862 2163 attinet,
1899 2081 2000 2149 iuxta
2021 2080 2132 2149 revela·

124 2179 258 2249 crimen
283 2178 349 2269 lgis
375 2194 410 2251 et
433 2182 605 2270 gratuitae
627 2184 891 2274 promissionis,
932 2198 966 2253 et
998 2186 1112 2255 abdu-
1165 2194 1236 2248 tam
1254 2178 1537 2269 promissionem,
1565 2202 1633 2271 qua
1650 2180 1725 2249 sine
1743 2181 1816 2250 ulla
1834 2183 2062 2253 dubitatione
2074 2178 2133 2250 elli-

123 2293 254 2355 cuntur
270 2295 438 2353 mentesa
458 2284 607 2372 gratuita
626 2285 872 2377 promissione.
1164 2306 1225 2350 cax
1250 2295 1301 2349 est
1320 2279 1358 2347 in
1381 2280 1819 2373 accipientibusverbum,
1844 2300 1882 2354 et
1901 2310 1938 2354 se
1955 2299 2133 2357 sustentan-

227 2382 435 2455 lntueamur
455 2400 571 2456 autem
597 2413 670 2455 non
690 2383 849 2457 homines
868 2390 991 2459 otiosis
1009 2412 1111 2479 meu-
1163 2384 1259 2453 tibus
1282 2384 1401 2457 verbo.
1730 2431 1734 2438 -

123 2487 220 2558 tibus
240 2487 479 2575 disputantes,
511 2488 570 2556 sed
595 2513 780 2581 oppressos
806 2493 897 2559 veris
915 2492 1112 2572 doloribus,
1264 2483 1415 2555 Causam
1441 2485 1559 2569 addit,
1593 2508 1701 2577 quare
1718 2484 1815 2557 Deus
1839 2489 1927 2559 velit
1944 2513 2065 2559 omnes
2084 2484 2134 2558 bo·

122 2602 165 2659 ut
186 2611 246 2657 eos
271 2590 332 2680 qui
361 2588 430 2656 iam
455 2591 498 2658 ad
524 2592 696 2681 supplicia
721 2594 919 2677 ducuntur,
960 2591 1015 2662 ltis
1037 2618 1113 2662 non
1163 2588 1278 2656 mines
1297 2588 1413 2655 salvos
1434 2589 1563 2657 ficere:
1598 2589 1703 2680 quia,
1737 2590 1876 2683 inquit,
1904 2592 2132 2682 proomnibus

125 2703 209 2760 sunl
249 2692 501 2780 proponendae
535 2695 757 2785 quaestiones
795 2697 839 2763 de
872 2697 1111 2786 praedestina.
1163 2691 1256 2759 filius
1280 2690 1448 2780 persolvit
1472 2691 1638 2779 prelium.
1691 2691 1806 2762 Simul
1832 2708 1953 2763 aulem
1977 2690 2134 2764 bicdocet

124 2791 244 2875 tione,
270 2793 330 2860 sed
354 2796 506 2862 tenenda
533 2809 584 2864 est
605 2798 785 2881 doctriua,
819 2801 863 2866 de
888 2824 956 2891 qua
981 2799 1113 2868 dicitur
1164 2818 1229 2863 nos
1252 2794 1298 2861 de
1321 2791 1501 2879 agnitione
1525 2795 1598 2862 veri
1620 2788 1707 2876 Dei,
1733 2795 1778 2863 de
1804 2820 1887 2865 vera
1913 2798 2132 2884 invocatione,

124 2892 211 2963 loan
234 2897 284 2968 l.:
311 2891 426 2963 Filius
444 2897 504 2989 qni
524 2913 571 2963 est
591 2898 627 2966 in
643 2901 722 2967 sinu
743 2901 862 2991 patris,
879 2901 952 2991 ipse
969 2925 1111 2970 enarra·
1164 2913 1200 2966 et
1228 2897 1272 2963 de
1298 2901 1404 2962 modo
1435 2894 1651 2967 salvationis.
1702 2892 1756 2966 Ac
1793 2898 1952 2987 primum
1986 2897 2133 2969 discernit

124 2997 177 3064 vit
199 2996 314 3069 nobis.
380 2995 476 3067 Haec
499 3000 662 3069 voluutas
686 3005 729 3070 de
753 3004 864 3090 gratia
885 3020 919 3074 et
943 3006 1111 3071 immensa
1164 2994 1440 3067 verumDeuma
1458 2998 1709 3068 commentitiis
1724 3000 1957 3070 numinibus:
1987 3000 2084 3074 Unus
2094 3013 2134 3069 est

124 3098 367 3167 misericordia
395 3096 461 3167 Dei
490 3126 650 3190 expresso
678 3108 819 3175 decreto
850 3108 1018 3196 patefacta
1044 3121 1112 3187 est,
1164 3100 1276 3184 Deus,
1303 3100 1436 3191 inquit,
1464 3099 1524 3168 ille
1546 3102 1698 3184 scilicet,
1722 3102 1783 3193 qui
1801 3103 1897 3174 misit
1921 3106 2134 3173 mediatorem

124 3213 160 3270 et
173 3200 250 3271 vult
265 3224 341 3268 eam
360 3200 457 3270 Deus
470 3229 510 3297 ex
528 3199 592 3272 bac
607 3230 668 3274 sna
685 3209 918 3295 promissione
938 3208 1113 3297 cognosci,
1167 3203 1278 3271 lesum
1292 3199 1488 3272 Christum.
1524 3200 1671 3293 Semper
1685 3205 1780 3271 enirn
1799 3219 1942 3289 oportet
1960 3208 2011 3275 sic
2026 3229 2135 3296 apprc-

125 3314 160 3371 et
189 3303 376 3393 promissio
403 3320 451 3373 est
486 3308 716 3393 universalis,
759 3311 855 3379 iuxta
886 3306 972 3379 baec
999 3312 1111 3388 dicta,
1164 3303 1273 3374 bandi
1289 3301 1424 3389 Deum,
1448 3320 1488 3375 ut
1503 3300 1599 3373 hunc
1616 3330 1697 3374 vere
1719 3299 1792 3374 esse
1808 3305 1925 3377 Deum
1949 3323 2136 3388 statuamus,

125 3399 358 3475 Matth.11.:
401 3403 529 3474 Venite
553 3415 596 3476 ad
627 3435 682 3478 me
707 3435 828 3479 omnes
855 3413 915 3503 qui
945 3413 1111 3481 laboratis
1163 3423 1196 3477 et
1212 3409 1281 3474 fide
1303 3407 1504 3475 intueamur
1526 3420 1562 3478 et
1582 3407 1854 3496 compellemus,
1889 3411 2135 3503 quisepatele·

23 3522 27 3529 “
124 3518 189 3574 etc.
240 3501 287 3574 Et
303 3508 405 3579 Acto.
426 3509 500 3578 tu:
535 3508 628 3580 Huic
652 3538 775 3582 omnes
792 3508 991 3608 Prophetae
1014 3515 1112 3584 testi·
1161 3511 1208 3582 cit
1223 3512 1303 3578 data
1320 3509 1554 3598 promissione
1577 3512 1620 3577 de
1639 3511 1853 3594 mediatore,
1889 3529 1922 3580 et
1946 3514 2075 3583 additis
2094 3525 2134 3579 te·

123 3607 286 3676 monium
306 3604 511 3699 perbibent,
545 3615 785 3684 remissionem
808 3630 1028 3707 peccatorum
1054 3641 1110 3684 ac·
1160 3613 1348 3682 stimoniis.
1393 3611 1490 3680 Sicut
1509 3613 1545 3678 in
1566 3612 1679 3699 primo
1696 3628 1882 3702 praecepto
1899 3614 2049 3685 dicitur:
2075 3610 2134 3702 Ego

125 3709 241 3800 cipere
259 3732 322 3800 per
336 3735 466 3782 nomen
482 3715 556 3783 eius
571 3740 693 3784 omnes
715 3719 774 3810 qui
795 3721 942 3787 creduut
964 3720 1000 3786 in
1020 3743 1110 3786 etrm.
1161 3739 1236 3783 sum
1258 3711 1434 3782 Dominus
1451 3710 1548 3790 Deus
1570 3726 1670 3797 tuus,
1698 3715 1759 3807 qui
1776 3716 1883 3784 eduxi
1909 3732 1943 3784 te
1968 3723 2013 3786 de
2033 3719 2132 3808 Aegy-

123 3806 172 3881 Et
205 3834 306 3903 saepe
339 3816 486 3905 repetita
520 3832 571 3887 est
605 3819 816 3889 universalis
843 3820 1036 3910 particula,
1077 3834 1112 3889 et
1161 3831 1235 3916 pto.
1299 3816 1403 3884 ltem:
1439 3812 1532 3885 Deus
1557 3831 1694 3905 patrum
1727 3832 1930 3887 nostrorum
1956 3814 2135 3894 Abrabam,

124 3913 220 3982 unde
242 3915 417 3986 certitudo
441 3933 548 3999 esset,
580 3922 608 3988 si
627 3923 813 4012 promissio
831 3948 904 3992 non
921 3939 1009 3994 esset
1028 3923 1111 3992 uni·
1165 3921 1276 4000 lsaac,
1307 3917 1430 4000 lacob,
1458 3920 1582 4001 idest,
1608 3919 1669 4009 qui
1694 3920 1791 3989 dedit
1809 3921 2061 4007 promissiones
2084 3945 2133 4009 pa·

31 4061 34 4065 <
124 4017 295 4086 versalia?
1161 4023 1275 4093 tribus
1298 4022 1439 4092 nostris.
1492 4015 1629 4089 Omnes
1652 4036 1769 4090 autem
1787 4021 1876 4090 aliae
1900 4025 2133 4113 patefactiones

226 4120 283 4187 Ad
303 4114 395 4190 banc
412 4122 646 4191 universalem
673 4125 941 4213 promissionem
960 4140 993 4195 et
1011 4151 1109 4195 reve·
1162 4125 1363 4193 relerendae
1380 4136 1463 4192 stant
1485 4125 1527 4191 ad
1545 4116 1636 4190 hanc
1653 4124 1896 4213 praecipuam,
1920 4151 1992 4217 qua
2006 4152 2042 4196 se
2055 4124 2133 4194 Deus
2169 4200 2172 4205 ,

123 4217 231 4288 latam
247 4221 466 4292 voluntatem
484 4229 711 4293 accommodo
730 4240 762 4295 et
779 4222 863 4294 baec
878 4227 969 4297 dicta
988 4227 1108 4301 Pauli:
1158 4227 1319 4319 patelecit
1335 4226 1442 4294 misso
1458 4225 1543 4294 lilio.
1595 4225 1738 4295 Etcum
1760 4227 1827 4307 ait,
1857 4224 1960 4296 Unus
1979 4241 2027 4297 est
2045 4228 2133 4307 Deus,

124 4317 220 4390 Deus
243 4323 319 4394 vult
339 4349 463 4395 omnes
486 4320 647 4396 homines
672 4328 786 4396 salvos
807 4329 900 4413 lieri,
929 4331 1109 4402 voluntate
1158 4328 1404 4419 complectitur
1435 4342 1506 4398 tres
1536 4351 1715 4420 personas.
1777 4323 1946 4418 Oppouit
1967 4332 2059 4398 enim
2078 4323 2132 4396 boc

123 4423 276 4493 revelata
298 4427 336 4494 in
359 4429 610 4516 promissione,
638 4444 763 4522 quaet
787 4431 966 4501 verissime
988 4435 1108 4502 efficax
1158 4432 1291 4501 dictum
1316 4432 1484 4500 omnibus
1508 4430 1760 4499 commentitiis
1782 4431 2013 4517 numinibus,
2048 4430 2129 4500 utin

11 4578 21 4598 .
123 4534 176 4592 est
191 4525 230 4593 in
247 4526 308 4611 iis,
343 4531 405 4621 qui
429 4532 536 4599 verbo
556 4554 591 4599 se
606 4546 812 4606 sustentant.
848 4530 933 4602 ltem
958 4536 1107 4606 dicitur:
1157 4531 1325 4604 Deutero.
1348 4533 1382 4602 6.
1406 4534 1533 4623 capite:
1567 4527 1665 4602 Audi
1690 4531 1821 4620 lsrael,
1846 4531 2027 4604 Dominus
2050 4531 2129 4602 Deus

84 4651 88 4655 ·
121 4627 231 4718 Apud
248 4626 361 4697 Deum
377 4647 517 4704 nonest
539 4634 694 4724 acceptio
711 4659 954 4726 personarum.
1157 4650 1255 4716 tuus,
1282 4634 1457 4704 Dominus
1481 4658 1575 4704 unus
1601 4649 1664 4708 est.

224 4729 278 4800 Ac
298 4732 624 4805 manifestissimum
648 4752 698 4807 est
720 4738 759 4805 in
788 4739 881 4806 veris
903 4740 1105 4830 pavoribus,
1257 4736 1382 4807 Postea
1399 4740 1441 4806 de
1458 4737 1531 4806 filio
1549 4749 1589 4807 ut
1608 4740 1651 4805 de
1667 4737 1862 4808 mediatore
1880 4738 2054 4831 loquitur,
2075 4733 2125 4804 ubi

120 4833 294 4903 nonalia
323 4835 565 4905 consolatione
594 4855 729 4910 mentes
761 4840 848 4928 erigi
879 4864 998 4930 posse,
1035 4843 1105 4910 nisi
1156 4839 1284 4923 diserte
1298 4840 1433 4934 inquit:
1460 4836 1579 4908 Homo
1595 4835 1758 4909 Christus
1775 4838 1893 4919 lesus,
1918 4855 1959 4909 ut
1976 4839 2123 4930 significet

120 4935 302 5024 agnitione
320 4936 403 5022 lilii,
429 4951 463 5008 et
481 4941 686 5011 mandatnm
704 4958 754 5013 est
776 4943 974 5013 universale
989 4947 1033 5013 ad
1051 4958 1104 5013 to·
1153 4967 1189 5011 se
1204 4943 1284 5013 ideo
1301 4968 1397 5014 nunc
1413 4939 1752 5027 nominareFilium,
1779 4967 1855 5012 non
1873 4945 1970 5036 quod
1986 4941 2123 5011 excludat

119 5049 195 5106 tum
222 5062 331 5128 genus
355 5036 551 5110 humanum
577 5045 775 5134 pertinens,
817 5044 1103 5135 sonans‘intoto
1154 5046 1492 5125 eumadivinitate,
1520 5046 1579 5114 sed
1600 5047 1694 5138 quod
1714 5045 1783 5112 iam
1805 5047 1850 5114 de
1874 5047 2060 5115 mediatore
2078 5040 2133 5109 lo·⁴

119 5159 246 5226 genere
272 5136 429 5213 humano
452 5148 496 5214 de
517 5145 606 5215 filio:
633 5143 741 5215 Hunc
758 5148 889 5221 audite.
937 5150 993 5219 Ad
1013 5145 1104 5218 banc
1154 5163 1300 5242 quatur,
1331 5149 1369 5216 in
1385 5173 1456 5241 quo
1473 5150 1563 5216 duae
1580 5161 1725 5217 naturae
1748 5162 1847 5233 sunt,
1882 5149 2004 5216 divina
2021 5160 2051 5216 et
2066 5139 2121 5212 hu·

118 5241 395 5313 consolationem
413 5271 493 5315 cum
512 5243 598 5316 baec
613 5249 704 5318 dicta
715 5247 817 5318 Pauli
834 5254 1103 5321 accommodata·
1155 5277 1269 5324 mana.
1321 5247 1386 5321 Est
1410 5260 1527 5322 autem
1554 5252 1647 5319 inter
1661 5250 1784 5318 omnia
1802 5273 1942 5319 summa
1958 5272 2056 5341 opera
2077 5267 2120 5313 sa·

116 5350 191 5427 luc,
214 5340 300 5415 fient
315 5347 536 5442 dulcissima,
559 5362 593 5420 et
609 5365 749 5440 gratum
767 5365 817 5424 est
834 5353 870 5421 in
884 5353 959 5437 Deo
975 5379 1103 5449 aequa·
1138 5355 1306 5446 ¹pientiae
1322 5354 1384 5424 Dei
1408 5377 1613 5445 supremum
1635 5367 1670 5424 et
1688 5353 1958 5424 arcanissimum
1981 5349 2117 5422 omnium

124 1321 205 1422 Qui
231 1323 308 1396 vult
331 1349 455 1396 omnes
473 1321 640 1397 homines
660 1324 787 1402 salvos
801 1322 910 1422 ficri,
936 1337 968 1398 et
984 1324 1041 1397 od
1059 1351 1114 1397 ee·

267 1429 394 1498 ritulis
418 1429 647 1522 agnitionem
671 1434 874 1529 pervenire,
911 1441 973 1506 etc.
