4522 5782
104 188 194 273 m
471 190 570 253 ...a
692 178 852 254 ‘euru
877 170 1233 260 menstrua
1261 156 1564 265 uincentes.
2074 136 2190 263 'sss'

122 383 158 441 et
178 362 290 437 morti
308 362 489 435 subiectus
509 374 582 442 est,
618 359 803 443 similiter,
838 370 879 429 ut
903 381 971 429 nos
993 359 1114 429 miseri
1139 360 1396 431 'condemnari
1421 358 1627 453 peceatum,¹
1646 372 1685 432 ut
1700 360 1830 433 deinde
1844 360 2012 449 iusticia,
2036 364 2140 459 deque

1167 464 1399 533 concionatur
1415 464 1488 543 lex,
1521 462 1560 534 in
1586 465 1693 534 nubis
1717 464 1928 556 impleatur,
1967 466 2006 535 id
2029 480 2092 553 est,
2111 485 2142 541 ut

227 582 299 655 111,
322 583 525 655 communtg
545 582 707 653 doctrina
730 594 891 651 teneatur
910 581 953 651 de
980 603 1116 653 mum.
1168 568 1298 635 deinde
1314 566 1398 635 iusti
1412 566 1532 639 simus.
1585 564 1667 635 Non
1685 566 1780 635 enim
1806 566 1888 638 ideo
1914 566 2143 661 patiturfilius

16 714 20 721 ¹
127 691 226 762 tione
249 699 397 756 naturae
427 679 618 755 hartnanae.
671 682 808 754 Deinde
833 678 968 772 phrasis
994 687 1118 754 obser·
1170 668 1848 759 911,11111111111111111111111111111111,
1876 666 2144 743 ‘lulhomntll
2185 728 2191 739 ·

23 815 28 825 ·
128 807 248 864 vetur:
275 785 373 858 Deus
386 788 567 857 daumavit
585 799 764 877 peccatum
783 799 942 854 nostrum
959 784 996 853 in
1013 811 1118 856 carne
1168 773 1306 840 11110111
1321 765 1507 839 110111111οΜ
1526 770 1801 857 10111111111111111,
1826 796 1902 841 11011
1928 775 2014 844 11190
2037 778 2146 863 11111111

129 918 196 987 pro
220 905 381 984 peccato,
415 889 544 973 idest,
570 884 684 957 hostia
708 882 869 967 Christo,
911 888 1030 956 oblata
1052 913 1118 980 pro
1170 874 1208 941 in
1234 896 1337 941 cruce
1359 871 1454 940 filius
1482 869 1571 956 Dei,
1605 888 1650 953 ¹ut
1677 872 1792 944 David
1818 874 2005 945 licentiam
2037 872 2148 949 habeat
2186 874 2192 897 ²

125 468 289 541 homines
310 466 406 558 pleni
429 478 581 555 peccato.

132 1006 297 1086 peccato:
350 1015 432 1061 nam
456 987 595 1083 phrasis
622 983 705 1083 περὶ
736 984 921 1083 ἁμαρτίας
945 990 1120 1077 significat
1171 974 1332 1065 rapiendi
1349 974 1496 1042 alterius
1511 974 1719 1064 coniugem,
1746 988 1781 1049 et
1795 976 2041 1049 interficiendi
2058 982 2148 1050 mari·

128 1093 283 1168 hostiam
318 1118 382 1187 pro
424 1106 578 1183 peccato.
628 1092 687 1161 Sic
722 1090 760 1160 in
795 1090 954 1161 Levitico
983 1090 1120 1163 Graeca
1170 1092 1271 1166 turn,
1297 1079 1357 1146 sed
1376 1088 1415 1145 ut
1432 1077 1593 1146 deleatur
1614 1093 1795 1167 peccatum
1805 1130 1816 1167 ,
1843 1093 1879 1150 et
1895 1080 2069 1175 deinceps
2081 1081 2148 1155 iusti
2187 1166 2191 1189 Ι

132 1200 237 1270 lectio
254 1219 392 1288 semper
408 1196 587 1287 loquitur,
614 1207 647 1262 et
662 1194 785 1262 eodern
802 1197 908 1264 modo
925 1195 963 1262 in
984 1192 1120 1264 Graeca
1172 1179 1294 1248 11111111·
1340 1176 1622 1267 (21011011111111
1637 1180 2149 1277 (1111111111θῖ111111011011011511
2187 1196 2191 1203 ’

133 1301 284 1373 lectione
296 1294 587 1367 Esaiaedicitur:
614 1290 681 1366 ἐὰν
697 1290 816 1366 δῶται
837 1292 920 1385 περὶ
936 1291 1123 1392 ἁμαρτίας
1174 1277 2147 1360 1111110111θν111111111θὶ1ρῦ1111111Ρθῑῧᾶθωῑώῖ·
2187 1367 2193 1379 .

131 1397 274 1500 ἡψυχὴ
291 1398 409 1471 αὐτοῦ
426 1397 559 1492 ὄψεται
581 1397 728 1492 σπέρμα
742 1393 967 1507 μακρόβιον.

236 1519 280 1589 lu
306 1532 401 1588 textu
423 1516 587 1587 Hebraeo
614 1540 687 1584 non
717 1518 862 1587 additur
891 1515 1124 1608 praepositio,

134 1624 195 1694 sed
226 1623 276 1691 sic
308 1622 453 1708 legitur:
496 1618 591 1708 Quia
621 1632 728 1708 ponet
757 1632 937 1709 peccatum
968 1620 1123 1687 animam

134 1748 256 1804 suam,
292 1724 428 1792 videbit
454 1743 573 1790 semen
598 1719 822 1809 longaevum.
875 1719 944 1790 Sed
963 1719 1126 1790 exLevi·

136 1827 199 1899 titi
214 1822 351 1896 Graeca
367 1823 518 1895 lectione
534 1817 672 1915 phrasis
694 1817 777 1917 περὶ
803 1816 989 1920 ἁμαρτίας
1014 1823 1127 1892 notis-

139 1929 228 1999 sime
253 1939 316 1997 est.

243 2041 343 2116 Alibi
376 2041 507 2115 Paulus
538 2042 657 2113 omisit
683 2043 1000 2134 praepositionem:
1034 2040 1126 2111 Enni

141 2148 292 2244 quinon
316 2161 419 2219 norat
445 2158 645 2237 peccatum,
681 2169 745 2234 pro
771 2146 876 2215 nobis
897 2145 977 2215 lecit
1004 2168 1128 2235 pecca·

138 2254 234 2335 tum,
265 2262 307 2319 ut
326 2272 392 2318 nos
413 2246 576 2317 heremus
600 2247 739 2316 iusticia
763 2244 826 2316 Dei
853 2248 890 2315 iu
921 2247 1009 2337 ipso.
1070 2243 1130 2317 Sic

141 2350 260 2424 Galat.
282 2355 336 2425 s.:
379 2344 546 2419 Christus
571 2348 720 2418 redemit
747 2372 812 2418 nos
837 2348 1130 2419 amaledictione

140 2455 250 2545 legis,
275 2454 388 2522 factus
403 2468 467 2542 pro
485 2451 588 2519 nobis
610 2450 849 2524 maledictum.

243 2567 322 2641 llse
337 2569 512 2640 formulae
530 2566 701 2661 loquendi
721 2569 813 2636 idem
833 2568 1051 2658 significant,
1077 2567 1132 2636 vi-

144 2675 289 2757 delicet,
316 2670 442 2741 Hostia
466 2694 529 2761 pro
550 2683 712 2760 peccato,
747 2693 837 2763 qnae
855 2671 940 2739 alibi
965 2672 1130 2740 nomina-

143 2792 203 2849 tur
219 2788 417 2868 peceatum,
441 2774 528 2842 alibi
552 2772 797 2853 maledictum,
823 2774 913 2843 sicut
931 2772 1060 2843 Graeci
1076 2773 1134 2841 di-

144 2890 273 2949 xerunt
287 2869 491 2970 κάθαρμα,
518 2873 639 2944 Latini
659 2875 855 2964 piaculum,
882 2891 914 2944 et
933 2871 989 2944 his
1002 2875 1132 2944 atroci·

142 2982 211 3051 bus
242 2979 360 3051 verbis
384 2976 581 3048 tristissima
614 2999 745 3066 poena,
786 2990 818 3046 et
841 2991 881 3047 ut
910 2978 957 3047 ita
993 2978 1131 3062 dicam,

144 3082 355 3173 magnitudo
372 3093 489 3149 reatus
511 3078 740 3167 significatur.
792 3074 858 3148 Est
875 3080 970 3148 enim
988 3093 1130 3149 senten-

144 3186 212 3268 tia,
239 3179 304 3254 hac
323 3183 502 3252 victimam
522 3204 584 3271 pro
612 3180 716 3247 nobis
733 3179 840 3250 luisse
855 3206 970 3263 ream,
996 3194 1030 3252 et
1049 3177 1132 3250 hur-

143 3288 291 3356 rendam
316 3286 405 3353 iram
430 3284 495 3353 Dei
524 3282 751 3365 sustinuisse,
791 3284 891 3374 quasi
914 3283 988 3373 ipse
1013 3284 1134 3352 omnia

147 3400 287 3470 nostra,
312 3410 387 3454 mea
404 3399 437 3454 et
461 3396 518 3452 tua
535 3384 665 3452 scelera
682 3383 837 3463 lecisset,
864 3386 955 3454 sicut
972 3385 1022 3454 ibi
1038 3381 1134 3458 Esai.

146 3489 283 3581 inquit:
315 3484 438 3557 Posuit
460 3482 635 3556 Dominus
656 3485 696 3553 in
720 3507 801 3555 eum
825 3485 1032 3583 iniquitates
1056 3513 1135 3558 om-

148 3592 250 3661 nium
282 3603 454 3662 nostrum.

250 3704 391 3778 Psalmo
422 3705 483 3778 59.
534 3703 576 3775 ln
617 3704 753 3776 Graeca
790 3707 955 3776 versione
997 3705 1136 3799 phrasis

147 3807 229 3906 περὶ
252 3804 437 3903 ἁμαρτίας
470 3809 521 3877 sic
543 3810 702 3878 absolute
728 3810 892 3897 ponitur,
934 3824 973 3879 ut
999 3812 1036 3879 in
1070 3808 1138 3881 hue

148 3915 228 3984 locu
251 3911 372 3983 Pauli:
399 3908 614 3980 Holocausta
632 3924 666 3980 et
684 3935 748 4001 pru
765 3924 904 4000 peccato
923 3935 997 3981 nun
1013 3928 1138 4005 postu-

150 4017 252 4099 lasti,
286 4018 381 4108 quud
405 4015 455 4081 sic
478 4012 673 4102 intelligas,
711 4012 793 4081 Non
820 4014 1004 4104 postulasti
1034 4011 1138 4084 holo-

147 4130 267 4188 causta
290 4132 325 4185 et
354 4116 515 4187 victimas
548 4138 614 4204 pro
649 4129 801 4205 peccato.
861 4114 903 4187 ln
928 4116 1137 4187 textuHae-

148 4221 256 4289 braeo
271 4216 404 4288 Psalmi
419 4240 492 4286 uon
510 4228 561 4287 est
577 4218 696 4286 addita
720 4216 953 4307 praepositio,
977 4242 1068 4312 quae
1085 4233 1137 4291 ta-

150 4344 232 4390 men
258 4322 295 4390 in
312 4319 471 4390 Levitico
493 4342 596 4410 saepe
623 4319 744 4388 addita
766 4332 829 4391 est.

322 4480 536 4555 Damnavit
556 4494 743 4583 peccatum
767 4482 807 4553 in
836 4506 956 4560 carne.

251 4636 393 4709 Scilicet
416 4653 561 4710 nostra:
601 4652 635 4710 et
663 4634 840 4730 emphasis
863 4640 1072 4709 observetur
1097 4640 1135 4710 in

150 4740 280 4826 verbe,
310 4745 501 4811 damnavit.
554 4738 603 4813 Ut
625 4743 720 4811 eninr
743 4744 848 4811 iudex
873 4745 1047 4811 datuuaus
1069 4738 1136 4813 ho-

147 4844 336 4929 micidam,
383 4843 536 4932 primum
565 4844 778 4932 pronunciat
806 4867 887 4911 eum
919 4864 1019 4913 reum
1050 4868 1136 4931 esse,

147 4963 267 5038 postea
291 4946 457 5018 interficit
480 4968 580 5025 eum,
622 4947 671 5015 sic
695 4945 792 5015 Deus
816 4949 989 5014 damnans
1011 4968 1134 5038 pecca-

23 5079 28 5087 ·
147 5063 240 5136 tum,
273 5073 353 5119 eum
375 5047 469 5117 filins
495 5047 666 5118 innocens
683 5048 730 5118 sit
746 5048 856 5115 lactus
872 5047 1031 5131 victima,
1059 5050 1132 5137 pri-

144 5176 242 5221 mum
267 5151 396 5240 eripuit
415 5165 556 5242 peccatu
589 5149 813 5219 autoritatem
837 5172 901 5216 nos
930 5152 1132 5232 accusandi,
1156 5122 1160 5217 l

1174 1384 1262 1454 litur
1275 1382 1344 1456 lex.
1377 1380 1480 1452 ltem:
1508 1381 1581 1452 Lex
1596 1382 1662 1454 Ilei
1680 1383 1718 1456 fit
1738 1386 1988 1482 pergratiam.
2022 1386 2149 1461 Necesse

1175 1502 1226 1555 est
1247 1499 1430 1577 utrunque
1454 1484 1662 1575 complecti,
1698 1487 1863 1560 videlicet
1890 1490 2150 1582 imputationem
2188 1500 2193 1587 J

1176 1603 1212 1659 et
1229 1587 1467 1657 incoationem
1483 1586 1669 1672 novitatis,
1692 1614 1782 1685 quae
1796 1602 1921 1683 postea
1937 1592 2010 1664 erit
2022 1594 2152 1687 integra.
2189 1602 2193 1615 '

1276 1717 1350 1791 Lex
1374 1718 1562 1811 impletur,
1603 1721 1758 1814 primum
1783 1724 2048 1816 imputatione,
2082 1732 2151 1825 quir
2191 1798 2193 1803 .

1178 1835 1322 1913 propter
1349 1824 1580 1893 mediatorem
1612 1836 1819 1915 reputamur
1840 1826 1951 1909 iusti,
1992 1844 2029 1901 et
2049 1856 2152 1903 sumus

1180 1924 1312 2020 accepti
1341 1938 1484 2015 propter
1507 1925 1644 2015 ipsum,
1686 1927 1824 1999 etiamsi
1855 1932 2027 2003 nondum
2050 1957 2153 2005 sumn

1180 2027 1283 2110 tales,
1325 2027 1446 2118 quales
1467 2026 1522 2096 lex
1552 2048 1626 2096 esse
1649 2031 1836 2124 praecipit:
1879 2030 2033 2104 liabens
2056 2051 2153 2107 auten

1179 2123 1361 2198 Christum
1376 2128 1464 2208 fide,
1490 2123 1596 2200 habet
1613 2128 1719 2199 finem
1734 2131 1832 2224 legis.
1885 2128 2035 2207 Deinde
2050 2163 2154 2209 veron

1182 2245 1253 2310 cst,
1279 2242 1364 2299 tunc
1382 2245 1416 2300 et
1439 2232 1573 2300 incoari
1593 2234 1785 2305 novitatem
1808 2253 2073 2327 congruentem
2092 2265 2155 2311 cun

1183 2334 1277 2420 lege,
1311 2331 1395 2423 quia
1417 2332 1511 2402 lilius
1533 2330 1598 2403 Dei
1622 2334 1775 2406 vivificat
1797 2340 1905 2409 corda
1939 2340 1980 2410 in
2004 2340 2068 2412 illa
2093 2368 2156 2415 vrrs

1182 2433 1441 2523 consolatione,
1469 2449 1503 2505 et
1519 2434 1671 2507 effundit
1684 2437 1723 2505 iu
1739 2462 1778 2508 ea
1794 2436 1978 2531 Spiritum
2001 2460 2157 2525 unctum,

1183 2560 1254 2627 quo
1277 2536 1574 2606 transformamur
1593 2538 1631 2605 in
1657 2538 1768 2628 ipsius
1793 2541 2012 2635 imaginem,
2039 2547 2157 2617 assini·

1184 2639 1300 2707 lamur
1330 2636 1396 2726 ipsi
1427 2662 1519 2707 nova
1547 2639 1645 2721 luce,
1684 2654 1718 2711 et
1740 2640 1911 2715 habemus
1934 2647 2028 2719 tales
2050 2665 2158 2729 motin

1185 2737 1299 2833 qualis
1316 2752 1368 2808 est
1382 2738 1539 2828 Spiritus
1561 2755 1713 2811 sanctus.
1766 2744 1874 2817 Tales
1892 2761 2017 2819 autem
2044 2754 2158 2842 praeti-

1185 2842 1236 2932 pit
1257 2842 1327 2911 lea:
1354 2843 1414 2910 sed
1433 2836 1518 2910 haec
1540 2843 1678 2915 novitas
1701 2845 1739 2915 in
1765 2840 1829 2918 hae
1853 2850 1928 2920 vita
1951 2864 2094 2924 tanturn
2115 2856 2158 2922 in·

1185 2957 1327 3027 coatue,
1353 2957 1472 3033 postea
1489 2946 1556 3016 erit
1571 2944 1726 3036 integra,
1751 2972 1831 3019 cum
1849 2952 1918 3023 erit
1937 2948 2038 3025 Deus
2055 2955 2156 3027 omnis

1186 3047 1223 3114 in
1249 3045 1431 3116 omnibus.

1285 3177 1438 3252 Prorsus
1470 3184 1595 3253 eodem
1626 3187 1734 3257 modo
1765 3186 1929 3282 loquitur
1964 3188 2099 3265 Paulus
2126 3198 2157 3263 ad

1185 3279 1408 3354 Corinthios:
1436 3281 1531 3355 Eum
1547 3286 1609 3379 qui
1635 3311 1708 3358 non
1733 3302 1837 3362 norat
1862 3307 2070 3385 peccatum,
2095 3298 2161 3367 lecit.

1187 3399 1366 3475 peccatum
1389 3410 1452 3477 pro
1478 3389 1601 3473 nobis,
1626 3403 1666 3461 ut
1683 3414 1748 3461 nos
1765 3393 1931 3465 fieremus
1950 3396 2095 3469 iusticia
2109 3394 2158 3469 llei

1188 3490 1225 3556 in
1250 3488 1339 3577 ipso.
1380 3488 1538 3559 Collatio
1554 3504 1606 3560 est
1622 3493 1773 3562 duarum
1790 3497 2031 3569 maximarum
2045 3524 2160 3583 rerum,

1188 3603 1363 3660 extremae
1379 3590 1541 3661 miseriae
1557 3606 1592 3663 et
1609 3616 1767 3664 summae
1781 3598 1934 3686 gloriae,
1967 3624 2034 3671 seu
2051 3602 2159 3673 sumni

1188 3691 1287 3761 boni.
1337 3688 1503 3762 Extrema
1528 3695 1668 3764 miseria
1693 3713 1745 3768 est
1765 3723 1866 3769 reum
1896 3724 1976 3771 esse
2005 3703 2083 3775 irae
2101 3702 2160 3788 Ilei,

1188 3810 1222 3864 et
1237 3815 1379 3863 sensum
1395 3795 1468 3863 irae
1486 3792 1551 3863 Dei
1577 3798 1761 3868 sustinere.
1811 3796 1973 3873 Erontra
1998 3828 2161 3877 summunt

1189 3898 1323 3965 bonum
1342 3908 1394 3967 est
1409 3896 1548 3965 iusticia
1569 3894 1646 3970 Dei.
1699 3899 1800 3970 Talis
1816 3918 1936 3975 autem
1963 3908 2162 3999 permutatio

1188 3999 1279 4067 lacta
1304 4011 1373 4081 est,
1415 3996 1530 4068 Filius
1552 4001 1702 4072 sustinet
1723 4004 1779 4088 id,
1820 4008 1918 4099 quod
1946 4025 2001 4081 est
2025 4012 2162 4083 miserri-

1192 4123 1311 4184 mum,
1348 4100 1480 4170 scilicet
1513 4123 1655 4171 sensum
1680 4104 1753 4174 irae
1778 4102 1867 4194 Dei,
1892 4123 1930 4180 et
1947 4113 2059 4183 nobis
2075 4116 2165 4185 donat

1189 4203 1247 4288 id,
1274 4203 1370 4295 quud
1386 4202 1561 4293 optimum
1579 4218 1647 4285 est,
1674 4206 1807 4280 scilicet
1825 4210 2007 4284 iusticiam
2029 4214 2106 4291 Dei.

1292 4333 1346 4407 Ac
1368 4336 1559 4425 diligenter
1579 4339 1801 4415 observanda
1824 4359 1876 4417 est
1903 4350 2104 4440 particula,
2137 4354 2165 4423 iu

1190 4441 1284 4531 ipso:
1312 4438 1395 4532 quia
1420 4453 1453 4508 et
1478 4456 1622 4531 propter
1647 4442 1763 4534 ipsum
1785 4462 1997 4539 reputamur
2014 4454 2164 4537 iusti,et

1189 4543 1264 4632 ipse
1295 4554 1347 4609 est
1374 4563 1523 4630 persona
1555 4544 1759 4633 immediate
1782 4549 1956 4641 colligens
1982 4551 2164 4631 Ecclesiam

1190 4667 1252 4734 per
1269 4640 1523 4731 Evangelium,
1552 4644 1736 4718 vivificans
1752 4652 1958 4743 credentes,
1990 4672 2028 4731 et
2043 4662 2165 4733 donans

1188 4745 1361 4836 Spiritum
1388 4760 1561 4819 sanctum.
1619 4738 1697 4819 Etsi
1720 4763 1837 4822 autem
1868 4748 1959 4828 haec
1988 4760 2165 4833 vivificatio

1186 4861 1221 4916 et
1252 4847 1392 4916 novitas
1416 4849 1595 4917 verissime
1627 4876 1717 4942 opus
1747 4852 1815 4923 Dei
1837 4873 1908 4939 est,
1942 4852 2066 4934 tamen
2095 4868 2165 4936 ohe·

1185 4950 1320 5019 dientia
1346 4948 1412 5019 lilii
1438 4949 1503 5019 Dei
1527 4951 1565 5019 in
1588 4951 1767 5025 infinitum
1790 4960 2024 5034 anteferenda
2050 4982 2102 5038 est
2122 4963 2166 5035 his

1185 5051 1272 5141 ipsis
1294 5051 1515 5136 actionibus,
1554 5078 1644 5145 qrrae
1669 5056 1764 5128 inte
1788 5058 1896 5133 fiunt:
1937 5064 2021 5136 ideo
2048 5070 2086 5139 in
2113 5064 2166 5139 lut

1184 5153 1255 5222 vita
1280 5175 1420 5223 necesse
1443 5166 1493 5223 est
1512 5159 1656 5226 credere
1678 5182 1744 5229 nos
1768 5160 1880 5233 iustos
1910 5188 2008 5250 esse,
2053 5172 2089 5240 id
2114 5183 2166 5250 est,

105 5256 110 5263 '
144 5266 264 5340 postea
285 5254 434 5323 omnino
451 5254 565 5336 delet,
597 5275 677 5319 cum
694 5250 809 5319 reddit
826 5250 929 5317 nobis
951 5264 1130 5321 aeternam
1155 5222 1159 5269 ¹
1183 5256 1319 5342 placere
1339 5252 1416 5325 Deo
1441 5269 1587 5347 propter
1611 5261 1841 5332 mediatorem
1861 5262 1980 5337 Deum
2008 5283 2044 5342 et
2060 5266 2164 5343 honri·

145 5353 253 5423 sitam
281 5368 316 5424 et
346 5354 523 5425 iusticiam
556 5354 743 5444 integram.
806 5348 868 5423 Ait
899 5366 1018 5421 autern
1048 5355 1130 5424 ideo
1183 5380 1285 5444 nem,
1309 5382 1383 5428 non
1406 5376 1554 5453 propter
1576 5364 1768 5436 novitatem
1793 5382 1968 5446 nostram.
