4522 5782
174 204 226 279 aa
391 286 395 295 ¹
774 182 902 259 run
927 180 1046 258 uun
1070 177 1283 257 scotera
1309 174 1612 258 ennomus.
2145 186 2220 263 ι.

177 379 327 460 tiebant,
347 393 414 441 nec
431 365 617 460 placabant
631 361 721 432 iram
734 355 818 444 Dei,
839 380 905 428 nec
919 366 1085 449 poteraut
1098 353 1168 425 tol-
1222 354 1356 428 latione
1371 354 1546 443 victimae,
1565 356 1636 429 ism
1653 370 1755 428 antea
1770 350 2022 448 comprehensa
2038 370 2089 429 est
2104 374 2218 449 gesta·

176 485 250 554 lere
266 486 447 571 peccalum
462 482 497 540 et
511 479 674 539 mortem.
712 459 825 533 Erant
839 459 949 551 igitur
963 458 1047 549 agni
1061 456 1172 527 sacri·
1222 458 1293 541 tio,
1315 471 1434 529 tamen
1456 460 1654 553 expeditior
1672 474 1723 531 est
1742 462 1929 552 expositio:
1962 459 2077 531 Tollit
2093 485 2218 554 pecca·

177 581 379 658 ficantium,
406 574 444 642 id
460 585 530 655 est,
556 571 601 638 ab
618 566 704 659 ipsis
719 564 838 648 electi,
864 561 939 657 typi
957 576 991 632 et
1006 559 1171 650 imaginis
1221 574 1318 646 tum,
1353 560 1489 647 idest,
1523 562 1674 634 sustinet
1707 585 1858 655 poenam
1888 563 2021 656 peccati
2048 576 2217 655 prototo
2254 606 2259 645 ;

179 708 300 769 causa,
325 676 449 751 otalii
472 676 767 753 admonerentur,
791 689 866 737 non
886 678 928 735 ut
947 658 1015 732 hac
1039 675 1170 731 macta·
1222 664 1370 737 mundo.
1419 660 1497 735 Etsi
1518 665 1614 734 enim
1635 688 1710 735 non
1736 687 1859 737 omncs
1882 664 2062 758 accipiunt
2083 664 2219 738 benefi.

179 790 277 863 tione
292 774 492 877 placaretur
502 772 616 845 Deus:
651 768 721 843 Sed
739 768 835 839 solus
852 764 1003 838 Messias
1027 779 1079 837 cst
1092 759 1173 834 Dei
1224 766 1317 837 cium
1332 758 1482 852 Christi,
1505 780 1625 838 tamen
1640 792 1705 859 pro
1722 770 1888 838 omnibus
1903 769 1993 838 lacta
2008 782 2060 839 est
2074 769 2218 841 victima
2254 806 2257 811 ·

179 910 311 982 agnus,
334 880 403 954 hoc
428 893 498 966 est,
524 872 757 946 inenarrabili
774 871 846 943 Dei
867 867 1018 941 consilio
1038 866 1169 938 consti·
1223 867 1410 955 sufficiens,
1435 882 1475 940 ut
1490 869 1737 942 aliasdicitur:
1766 868 1844 963 lpse
1859 884 1910 942 est
1925 870 2134 963 propiciatio
2152 895 2217 963 pro
2256 904 2259 919 =

147 992 151 999 ’
179 1008 298 1075 tutus,
323 1001 364 1058 ut
379 986 475 1054 fieret
490 980 651 1063 victima,
677 976 772 1046 etad
796 968 864 1043 hoc
879 983 1102 1042 consecratus
1117 983 1170 1040 at·
1222 970 1536 1063 peccatisnostris,
1561 997 1626 1043 nec
1643 996 1727 1057 vero
1746 998 1811 1065 pro
1825 973 1957 1045 nostris
1971 987 2129 1058 tantum,
2153 974 2216 1044 sed
2255 1020 2259 1062 ,

176 1118 247 1191 quse
269 1103 416 1173 unctus,
441 1085 590 1173 missus,
615 1104 654 1149 ac
675 1078 827 1148 donatus
855 1073 982 1158 nobis,
1007 1075 1050 1144 ad
1077 1066 1171 1141 hanc
1223 1073 1328 1144 etiam
1343 1074 1572 1166 propeccatis
1590 1076 1854 1149 totiusmundi.
1880 1072 2022 1147 Deinde
2037 1076 2121 1171 quia
2136 1074 2219 1147 linis
2257 1122 2259 1131 ι

177 1202 291 1290 ipsam
306 1215 399 1275 rem,
426 1186 536 1258 sensit
549 1185 640 1254 iram
655 1176 745 1265 Dei,
770 1193 804 1249 et
824 1177 921 1248 solus
935 1188 988 1246 est
1003 1176 1172 1268 placator,
1223 1176 1479 1248 immolationis
1492 1191 1543 1248 est
1558 1178 1708 1272 placatio
1721 1192 1757 1250 et
1770 1178 1947 1260 liberatio,
1972 1176 2220 1271 complectitur

178 1326 217 1374 ac
233 1300 398 1389 impetrat
413 1287 523 1362 deleri
539 1298 719 1379 peccatum
734 1295 769 1353 et
783 1293 948 1366 mortem,
975 1302 1015 1347 ac
1032 1275 1173 1348 restitui
1224 1292 1258 1350 et
1272 1277 1418 1349 alteram
1438 1279 1742 1371 significationem.
1793 1279 1908 1352 Tollit
1925 1294 2064 1372 peccata
2081 1282 2221 1367 mundi,

176 1402 284 1476 nobis
298 1394 493 1472 iusticiam,
520 1401 556 1460 et
569 1388 676 1457 vitam
692 1396 882 1456 aeternam.
916 1377 1014 1451 Haec
1028 1379 1170 1451 collatio
1223 1380 1353 1463 idest,
1378 1382 1504 1457 aufert.
1555 1382 1616 1455 Sic
1638 1397 1673 1455 et
1694 1382 1787 1454 inira
1809 1383 1971 1477 loquitur
1992 1384 2030 1451 in
2053 1384 2219 1476 epistola:

181 1506 318 1577 indicat
337 1518 462 1590 graves
478 1506 513 1566 et
533 1511 678 1580 magnas
697 1509 819 1559 causas
834 1484 960 1569 fuisse,
986 1507 1050 1553 cur
1065 1480 1172 1553 loan·
1226 1480 1290 1554 llle
1303 1485 1487 1585 apparuit,
1511 1498 1550 1556 ut
1565 1499 1702 1577 peccata
1720 1499 1839 1556 nostra
1856 1486 1976 1571 tollat,
2001 1486 2037 1555 id
2056 1500 2127 1567 est,
2155 1511 2219 1556 au-

178 1606 305 1679 nessic
320 1604 460 1672 locutus
474 1595 532 1677 sit,
559 1607 594 1664 et
607 1587 705 1663 hunc
719 1611 850 1680 agnum
866 1611 886 1656 a
900 1580 984 1655 Deo
999 1585 1170 1656 constitu·
1223 1584 1326 1656 serat.
1375 1585 1472 1661 Dicit
1498 1600 1616 1658 autem
1648 1588 1798 1673 diserte,
1831 1601 2013 1681 peccatum
2045 1588 2219 1677 singulari

178 1727 267 1794 taam,
292 1712 548 1782 consecratum,
564 1706 726 1775 unctum,
750 1690 964 1762 sentientem
979 1688 1069 1759 iram
1083 1683 1172 1771 Dei,
1224 1712 1386 1759 numero.
1444 1685 1596 1760 Ebraica
1619 1685 1758 1783 phrasi,
1792 1715 1857 1783 pro
1880 1690 2045 1762 un‘wersa
2068 1693 2220 1761 damna-

178 1829 214 1885 et
237 1811 452 1903 placatorem
470 1797 744 1870 discernendum
763 1792 930 1887 putarita
953 1789 1100 1861 caeteris
1117 1788 1170 1858 vi·
1224 1790 1332 1862 tione.
1364 1790 1480 1862 Tollit
1496 1807 1688 1882 peccatum,
1713 1793 1829 1879 idest,
1851 1793 2053 1867 nniversam
2069 1796 2221 1864 damna-

178 1913 315 1995 ctimis,
348 1929 438 2000 quae
459 1901 526 1974 etsi
556 1912 656 1971 erant
677 1897 773 1993 typi,
808 1909 927 1967 tamen
954 1917 973 1963 a
997 1890 1075 1964 Deo
1097 1915 1170 1961 non
1225 1894 1378 1980 tionem,
1410 1893 1576 1966 videlicet
1599 1893 1877 1966 inobedientiam
1900 1897 2039 1987 generis
2059 1889 2221 1983 humani,

178 2028 278 2091 erant
293 2007 435 2104 proprie
449 2008 494 2077 ad
510 1998 579 2075 hoc
594 2024 724 2071 munus
739 1998 962 2076 constitutae,
988 2016 1171 2067 consecra-
1225 2009 1361 2067 reatum
1393 1996 1466 2067 irae
1491 1993 1578 2082 Dei,
1620 2010 1790 2082 mortem,
1825 2011 1860 2068 et
1886 2012 2046 2069 aeternas
2073 2021 2220 2089 poenas.

179 2137 254 2201 tae,
280 2128 343 2185 aut
353 2122 499 2196 unctae,
513 2130 590 2176 nec
603 2114 786 2175 senserant
801 2101 891 2171 iram
908 2096 989 2186 Dei,
1013 2122 1079 2169 nec
1095 2097 1171 2189 pla·
1224 2096 1327 2169 Hanc
1341 2112 1450 2169 totam
1467 2099 1732 2171 damnationem
1751 2100 1800 2173 ait
1814 2100 1923 2172 deleri
1939 2126 1957 2170 a
1972 2098 2117 2170 Massia,

179 2230 356 2293 caverim·
1327 2196 1505 2273 Enarravi
1538 2216 1720 2297 utcunque
1751 2205 1858 2273 verba
1895 2199 2002 2274 huius
2028 2201 2221 2273 concionis.

199 2384 202 2389 -
282 2315 410 2393 Simile
432 2325 485 2383 ⁰⁸1
505 2310 641 2381 dictum
661 2304 805 2385 Εὓόἳὸθ,
830 2304 925 2396 quod
951 2302 1092 2373 videtur
1113 2324 1172 2371 ex·
1227 2302 1301 2373 lam
1326 2326 1467 2374 necesse
1492 2318 1545 2375 est
1568 2304 1722 2374 conlerri
1737 2304 1916 2375 viclimam
1933 2301 2085 2375 hancad
2104 2318 2220 2401 typos,

178 2419 526 2519 P1⁰⁸⁸l⁸⁸⁸1⁰³¹¹⁰250
578 2406 642 2482 All
664 2408 760 2477 enlm
775 2404 899 2476 Εθὸῑθδ
923 2405 1068 2477 dimit:
1094 2404 1173 2475 Do-
1224 2405 1265 2478 si
1279 2400 1339 2475 hic
1355 2405 1452 2475 solus
1469 2428 1580 2497 agnus
1596 2408 1715 2477 abolet
1739 2420 1898 2506 peccata,
1922 2408 2008 2501 quid
2032 2406 2141 2499 igitur
2158 2433 2221 2479 va-

178 2528 301 2625 minus
316 2520 432 2593 voluit
447 2529 630 2588 conterere
646 2535 738 2583 eum.
780 2506 884 2580 ltem:
911 2505 1077 2578 Vidimus
1092 2530 1172 2576 enm
1227 2508 1346 2579 lebant
1362 2508 1542 2591 victimae,
1568 2511 1613 2577 de
1637 2510 1769 2603 quibus
1794 2510 1848 2579 lex
1872 2510 2121 2609 praeceperat?
2151 2508 2222 2581 His

178 2646 387 2731 percussum
410 2646 429 2691 a
449 2620 543 2692 Deo·
595 2611 700 2685 llem:
727 2610 904 2685 Dominus
925 2610 1044 2703 posuit
1069 2609 1106 2678 in
1132 2633 1172 2679 eo
1227 2611 1500 2681 mactationibus
1514 2605 1695 2680 Pharisaei
1711 2613 1881 2703 putabant
1899 2634 1935 2682 se
1951 2612 2079 2681 mereri
2094 2614 2222 2684 remis-

180 2730 388 2825 iniqnitates
410 2722 574 2795 omnium
595 2730 779 2800 nostrum,
804 2713 932 2806 idest,
959 2711 1057 2783 Deus
1081 2705 1174 2781 hanc
1225 2715 1361 2785 sionem
1385 2728 1626 2804 peccatorum,
1648 2727 1683 2784 et
1703 2714 1779 2783 fieri
1803 2711 1972 2785 haeredes
1989 2714 2082 2783 vitae
2106 2728 2222 2786 aeter-

179 2833 360 2905 victimam
374 2824 575 2907 constituit,
599 2833 636 2891 et
651 2814 825 2889 declaruit
839 2815 912 2887 irae
930 2840 1013 2886 suae
1036 2814 1173 2905 magni·
1226 2841 1304 2888 nae.
1355 2814 1463 2887 Hunc
1480 2838 1637 2886 errorem
1652 2812 1758 2886 ethic
1775 2817 1926 2887 Ioannes
1941 2830 2047 2897 taxat,
2073 2840 2154 2887 cum
2171 2832 2223 2889 te.

181 2936 344 3010 tudinem
362 2932 532 3000 adversus
549 2935 741 3015 peccatum,
761 2920 856 3013 quod
872 2917 941 2988 alia
957 2918 1057 2989 nulla
1070 2914 1174 2987 victi·
1225 2933 1339 2990 statur
1355 2932 1535 3009 peccatum
1551 2943 1626 2989 non
1642 2916 1784 3005 auferri,
1802 2920 1870 2989 nisi
1889 2943 1953 3013 per
1966 2913 2063 2989 hiano
2077 2943 2222 3011 agnum.

179 3063 238 3111 ¹⁰³
252 3033 386 3127 Plfflfl
401 3029 518 3124 P⁰l¹¹ll
539 3025 608 3096 ⁰l⁸l
626 3033 739 3096 morie
753 3018 841 3103 filil,
866 3034 901 3090 el
916 3020 955 3090 in
972 3015 1069 3090 hunc
1083 3019 1174 3089 effu·
1226 3022 1308 3093 Non
1331 3021 1441 3112 igitur
1457 3036 1594 3113 poterat
1609 3021 1761 3106 assserri,
1786 3046 1850 3114 per
1874 3021 2034 3091 victimas
2057 3036 2222 3104 caeteras,

179 3142 237 3215 dit
249 3141 339 3210 iram
354 3137 525 3206 adversus
540 3140 731 3223 peccatum.
765 3120 836 3193 llic
851 3124 948 3194 solus
961 3146 1084 3194 revera
1098 3122 1176 3207 scit,
1227 3138 1260 3196 et
1276 3118 1556 3223 reprehenderat
1572 3127 1726 3194 eundem
1739 3147 1895 3193 errorem
1912 3136 2014 3193 antea
2026 3119 2149 3194 Esaias
2164 3125 2223 3195 in.

179 3256 312 3341 quauta
328 3261 383 3308 res
397 3237 444 3307 sit
459 3244 661 3326 peccatum,
686 3239 720 3296 et
734 3226 809 3297 irae
828 3225 971 3296 divinae
993 3224 1175 3315 magnitu·
1227 3229 1370 3322 quiens:
1408 3224 1504 3315 Quia
1531 3240 1640 3319 ponet
1667 3227 1825 3295 animam
1849 3249 1950 3296 suam
1973 3219 2126 3299 hostiam
2155 3252 2222 3319 pro

179 3347 302 3419 ‘linem
324 3337 513 3435 Pef³P⁰¹lh
570 3329 633 3402 13⁸¹
654 3352 735 3419 ⁰¹8⁰
757 3328 900 3399 Vlcllm
925 3325 1013 3412 Del,
1047 3328 1084 3398 ld
1112 3340 1175 3408 0⁸¹2
1228 3345 1391 3422 peccato,
1417 3328 1556 3399 videbit
1570 3352 1691 3398 semen
1709 3329 1939 3416 longaevum,
1964 3329 2001 3398 id
2018 3342 2086 3414 est,
2113 3323 2224 3401 buius

179 3446 336 3520 sentiens
360 3442 449 3511 iram
471 3435 542 3508 Dei
563 3447 597 3505 ct
617 3435 761 3525 placans
775 3430 901 3503 Deum.
953 3427 1051 3499 llaec
1071 3453 1091 3500 a
1109 3430 1176 3521 piis
1227 3433 1335 3503 unius
1350 3454 1446 3502 nsors
1461 3440 1543 3501 rere
1563 3431 1717 3521 placabit
1733 3430 1823 3500 iram
1840 3427 1924 3514 Dei,
1949 3444 1984 3500 et
2001 3425 2060 3501 hic
2073 3436 2225 3503 resusci-

180 3550 368 3633 diligenter
392 3538 578 3633 cogitanda
603 3548 704 3620 sunt,
730 3534 939 3624 magnitudo
963 3527 1092 3601 harum
1116 3554 1176 3602 re·
1228 3549 1339 3613 tatus,
1364 3533 1523 3603 restituet
1545 3533 1649 3603 nobis
1670 3533 1779 3606 vitam
1799 3546 1991 3604 aeternam.
2043 3534 2167 3624 Quare
2190 3549 2225 3607 at

179 3640 812 3737 rumverblwxpllfflrlnonpote81·
857 3634 922 3705 Est
939 3634 978 3703 in
993 3634 1079 3726 ipsis
1095 3658 1176 3705 ver·
1228 3635 1355 3707 Esaiae
1377 3650 1410 3705 ct
1432 3633 1614 3723 Baptistae
1633 3636 1823 3706 conciones
1846 3649 2041 3719 testantur,
2066 3636 2106 3705 in
2128 3660 2223 3709 novo

179 3740 237 3827 bis
252 3748 379 3823 Esaiae
400 3749 440 3817 in
464 3768 527 3817 sua
548 3742 670 3833 lingna
687 3738 877 3830 singularis
891 3732 1088 3830 emphasis,
1114 3738 1175 3808 sed
1228 3751 1436 3811 testamento
1472 3737 1552 3808 illas
1591 3739 1822 3809 mactationes
1856 3737 2034 3809 Leviticas
2067 3762 2225 3821 cessuras

178 3880 286 3953 Ρθῑὸῠ
305 3855 349 3925 'd
370 3862 518 3923 ca‘lffl·
1228 3864 1321 3931 csse,
1346 3836 1505 3911 exhibita
1523 3863 1604 3911 vera
1626 3839 1796 3935 victimas

1329 3942 1400 4015 Sed
1422 3939 1481 4013 hic
1503 3945 1607 4014 etiam
1628 3944 1790 4013 doctrina
1814 3943 1859 4013 de
1882 3943 1952 4011 fide
1981 3946 2135 4014 tenenda
2162 3959 2226 4030 est,

1229 4047 1410 4140 quomodo
1431 4045 1491 4115 fiat
1516 4044 1705 4136 applicatio
1728 4045 1892 4115 sacrificii
1912 4040 2065 4129 Christi,
2092 4047 2226 4119 scilicet

282 4162 392 4255 Apud
409 4154 555 4229 Esaiam
574 4156 647 4251 dcco
665 4152 773 4224 verba
790 4163 889 4221 sunt:
917 4147 1044 4219 tollere
1064 4159 1100 4217 et
1119 4168 1178 4237 ge·
1228 4150 1308 4218 lide.
1347 4147 1401 4219 Dc
1416 4143 1483 4218 hac
1497 4148 1732 4236 applicatione
1749 4148 1842 4217 inira
1858 4145 2017 4238 Baptista
2032 4150 2228 4222 conciona-

180 4286 293 4348 stare,
324 4285 415 4357 quae
439 4256 533 4330 haud
559 4258 668 4329 dubie
689 4252 860 4346 'expressit
882 4248 1052 4321 loannes:
1085 4246 1178 4318 Vere
1229 4266 1289 4322 tur
1320 4274 1396 4341 cap.
1424 4250 1477 4320 a:
1513 4247 1587 4338 Qui
1614 4250 1726 4321 credit
1751 4251 1790 4318 in
1815 4250 1948 4333 filium,
1982 4246 2089 4322 habet
2114 4253 2225 4323 vium

181 4377 373 4463 languores
387 4376 528 4435 nostros
546 4360 619 4452 ipse
636 4359 737 4443 tulit,
762 4370 795 4426 et
811 4366 952 4454 peccata
966 4364 1087 4422 nostra
1105 4351 1179 4443 ipse
1230 4367 1428 4439 aeternam;
1448 4352 1510 4445 qui
1526 4376 1601 4421 non
1615 4354 1730 4423 credit
1743 4351 1835 4432 filio,
1860 4376 1935 4423 non
1952 4352 2088 4425 videbit
2103 4356 2226 4440 vitam,

180 4470 348 4571 portavit.
404 4465 512 4537 ltem:
539 4459 751 4555 iniquitates
774 4480 898 4528 eorum
920 4454 994 4546 ipsc
1010 4453 1178 4545 portavit,
1230 4457 1291 4525 sed
1315 4470 1435 4526 manet
1457 4455 1509 4523 ira
1530 4451 1600 4524 Dei
1624 4478 1731 4546 snper
1755 4478 1846 4524 eum.
1906 4451 1971 4525 llst
1991 4469 2108 4526 autem
2131 4458 2228 4541 fides,

181 4592 213 4649 et
232 4596 371 4647 rursus:
398 4568 545 4640 Peccata
570 4565 766 4634 multorum
786 4559 879 4632 tulit.
933 4554 1005 4626 Nec
1026 4555 1179 4627 dubium
1231 4558 1377 4642 fiducia,
1402 4581 1471 4650 qua
1489 4556 1677 4627 statuimus
1691 4554 1807 4627 Deum
1825 4557 1930 4626 nobis
1954 4557 2129 4645 placatum
2152 4584 2228 4631 ωε

181 4695 233 4751 est
258 4680 369 4750 altero
393 4672 503 4743 verbo
528 4666 717 4757 significari
744 4660 993 4754 gestationem,
1026 4672 1067 4730 ut
1087 4680 1179 4728 onus
1230 4673 1378 4753 propter
1391 4654 1597 4746 Christum,
1622 4673 1663 4728 ut
1678 4657 1931 4731 diciturllom.
1947 4654 2001 4730 5.:
2034 4659 2105 4732 Per
2119 4686 2228 4754 quem

135 4860 140 4871 ,
181 4782 286 4854 nobis
301 4776 511 4873 impositum
524 4769 686 4860 gerimus.
722 4764 775 4836 lta
791 4756 1061 4857 inquitllsaias,
1080 4758 1180 4831 Mes·
1231 4784 1407 4833 accessum
1431 4756 1604 4831 habemns
1627 4761 1698 4831 fide
1723 4761 1761 4830 in
1788 4756 1881 4831 hanc
1908 4763 2068 4851 gratiam.
2131 4762 2231 4837 Haec

121 4947 124 4956 .
181 4887 272 4957 'siam
295 4882 470 4953 sustinere
491 4888 526 4944 et
549 4872 707 4965 perferre
728 4888 878 4960 poenas,
904 4888 992 4958 quas
1013 4888 1078 4958 pro
1097 4887 1179 4955 pec·
1230 4865 1358 4936 fiducia
1381 4888 1456 4935 non
1479 4863 1607 4934 nititur
1636 4876 1757 4935 nostra
1783 4864 1975 4954 dignitate,
2008 4887 2070 4935 seu
2094 4868 2230 4939 nostris

185 4970 891 5077 catogenushumanumfcrredebebat·
930 4965 1054 5039 Altero
1070 4967 1180 5038 verbo
1231 4967 1442 5051 virtutibus,
1474 4968 1534 5035 sed
1559 4965 1638 5057 ipso
1666 4965 1862 5039 mediatore
1884 4964 1960 5037 filio
1982 4964 2064 5041 Dei.
2123 4966 2229 5042 Hanc

182 5107 366 5181 utrunque
387 5079 622 5170 significatur,
647 5077 766 5144 levare
787 5084 822 5143 et
842 5069 999 5155 anferre,
1024 5093 1090 5139 nec
1111 5071 1181 5139 du·
1230 5070 1430 5141 doctrinam
1455 5070 1500 5139 de
1521 5068 1759 5160 applicatione
1779 5070 1985 5161 perfidem,
2011 5094 2152 5143 necesse
2176 5088 2228 5145 est

184 5194 284 5265 bium
303 5181 511 5258 estGraecis
523 5180 560 5250 id
578 5180 737 5261 verbum,
763 5199 836 5270 quo
851 5167 1038 5245 bicutitur
1051 5186 1180 5243 utrun·
1202 5170 1206 5293 ,
1231 5169 1290 5243 hic
1305 5170 1503 5262 ctsmplecti,
1522 5172 1606 5264 qnia
1620 5172 1826 5256 adversarii,
1846 5172 1911 5243 etsi
1928 5166 1996 5243 hoc
2011 5173 2147 5245 dictum
2161 5178 2229 5247 ad-

184 5282 499 5391 qae'signilicare‚
532 5282 710 5375 suscipere
740 5277 951 5369 gestandum
972 5286 1006 5347 et
1031 5275 1180 5347 auferre.
1202 5318 1206 5367 :
1231 5276 1395 5348 mittunt:
1423 5269 1482 5346 hic
1496 5287 1550 5346 est
1564 5296 1677 5365 agnus
1687 5288 1772 5359 etc,
1788 5288 1906 5346 tamen
1916 5289 2035 5367 postea
2050 5278 2229 5369 sepeliunt

187 5395 475 5489 complectamur
493 5399 528 5457 el
543 5407 611 5457 nos
626 5388 818 5478 utrunque.
869 5376 961 5450 Nam
977 5374 1043 5451 etsi
1056 5378 1180 5471 appel·
1201 5372 1206 5431 ἷ
1231 5378 1346 5453 lilium
1360 5374 1451 5473 Dei,
1473 5392 1508 5450 et
1523 5377 1666 5462 dicunt,
1691 5377 1929 5450 dubitandum
1945 5401 2032 5463 esse,
2053 5402 2099 5455 an
2117 5381 2229 5456 simus

395 4016 476 4121 Qui
490 4013 593 4089 tollit
616 4022 802 4115 peccatum
818 4006 961 4083 meandi.
