4522 5782
1413 76 1440 113 φ

180 211 260 289 m
450 146 455 155 ’
781 204 1051 288 auruum
1083 204 1297 284 sentius
1328 203 1632 285 sxaunrrcs.
1781 222 1784 227 ·
1888 222 1893 231 ·
2135 197 2253 297 ,ω’

190 403 264 473 ast:
298 372 968 481 Poarqmn'egaapaueaonamscus
991 402 1094 467 sum,
1128 379 1184 449 vi-
1235 381 1329 474 cedit
1344 383 1390 449 de
1404 378 1626 473 principatu,
1651 404 1729 451 non
1742 382 1860 455 studet
1871 381 2030 467 laedere,
2057 395 2120 453 aut
2143 406 2225 473 pre-

191 490 313 561 ciuim
347 502 448 581 pater
478 510 557 559 mea
589 485 758 571 victoria,
796 506 874 554 mea
908 484 1184 575 praedieatione,
1236 498 1350 567 mere,
1383 498 1499 554 errata
1514 483 1670 573 collegae
1685 504 1811 555 saum
1831 484 1945 574 cupit,
1980 486 2063 555 ideo
2088 486 2226 575 placide

191 614 270 662 mea
300 589 504 662 obedientia
544 589 744 659 celebratur
772 599 808 658 et
837 586 1097 676 celebrabitur,
1149 599 1185 655 et
1237 598 1272 654 et
1300 597 1460 654 amanter
1491 587 1672 660 admonet.
1728 580 1828 659 Haec
1859 585 2045 674 diligentis
2074 588 2225 665 sumsit

192 707 341 785 propter
362 688 457 777 hanc
478 691 720 762 obedientiam
750 690 858 780 paulo
879 702 959 780 post
980 710 1104 758 rursus
1128 710 1186 755 me
1238 685 1485 756 difficultatum
1502 687 1627 778 plena,
1650 686 1754 757 toties
1771 686 1969 757 inculcatur
1985 703 2225 781 praeceptum,

195 808 296 887 pater
327 817 421 864 nova
451 793 564 884 gloria
593 794 631 862 in
662 792 920 861 resurrectione
943 790 1104 879 ornabit,
1147 811 1186 859 ac
1238 803 1466 867 ntmemores
1483 789 1581 859 vocis
1594 784 1730 861 Christi
1742 789 1856 881 magis
1872 789 2055 861 frenemus
2077 790 2224 861 affectus

198 921 281 967 mox
296 897 477 967 delabitur
490 919 606 967 sermo
621 917 744 964 rursus
758 896 802 963 ad
819 893 1035 985 passionem:
1063 889 1184 960 Filioli
1239 904 1395 975 nostros,
1436 904 1470 961 et
1488 913 1671 962 caveamus
1693 913 1740 961 ne
1768 891 1983 972 ambitione,
2024 893 2223 978 iracundia,

197 1023 271 1067 non
300 1000 366 1069 diu
392 998 577 1068 vobiscum
600 1020 675 1067 ero.
742 991 791 1065 Et
813 1017 895 1064 mox
921 995 1020 1064 addit
1044 1016 1188 1084 praece-
1239 992 1430 1082 cupiditate
1459 992 1652 1078 vindictae,
1690 992 1961 1079 malevolentia,
1992 994 2132 1074 livore,
2165 1009 2224 1066 aut

198 1114 299 1186 ptum
317 1099 468 1169 maxime
485 1098 739 1184 necessarium,
763 1109 798 1167 et
813 1119 917 1190 saepe
932 1096 1125 1188 repetitum
1145 1094 1186 1166 in
1239 1094 1317 1162 aliis
1333 1094 1442 1163 animi
1456 1095 1591 1164 morbis
1606 1090 1974 1167 turbemusEcclesiae
1985 1096 2223 1171 concordiam.

199 1197 266 1272 hac
284 1202 466 1272 concione.
1239 1193 1335 1266 Haec
1349 1197 1434 1267 satis
1448 1196 1495 1266 sit
1508 1197 1664 1267 breviter
1677 1198 1722 1265 de
1738 1194 1806 1268 hoc
1821 1210 2008 1290 praecepto
2034 1198 2224 1284 monuisse,

403 1366 638 1444 aaa
800 1363 848 1439 a

242 1486 246 1496 ¹
298 1501 448 1578 Certum
472 1518 524 1573 est
549 1503 758 1574 mandatum
784 1504 830 1572 de
851 1501 1034 1592 diligendo
1052 1499 1129 1572 Deo
1152 1514 1187 1571 et
1240 1501 1307 1599 ipsi
1326 1504 1369 1571 de
1385 1497 1451 1571 hac
1467 1515 1643 1593 postrema
1656 1496 1793 1573 Christi
1809 1502 1984 1573 concione
2002 1526 2107 1594 saepe
2130 1504 2224 1592 cogi·

200 1607 366 1699 proximo
380 1620 566 1676 aeternum
582 1619 616 1674 et
633 1604 959 1688 immutabilem,
989 1604 1071 1696 quia
1095 1625 1186 1671 sem-
1238 1618 1372 1690 tentes,
1398 1604 1642 1694 diligentiores
1654 1606 1766 1674 simus
1781 1606 1820 1673 in
1838 1605 2028 1675 concordia
2043 1606 2190 1681 tuenda.

198 1733 263 1800 per
283 1710 332 1778 ita
354 1709 477 1778 statuit
502 1730 602 1776 mens
627 1707 768 1790 divina,
804 1718 839 1774 et
860 1701 953 1776 banc
976 1704 1186 1774 sententiam

201 1812 320 1880 statim
337 1811 382 1879 ab
398 1808 500 1877 initio
517 1809 705 1890 revelavit,
731 1808 907 1897 impressit
926 1802 1102 1877 humanae
1121 1830 1186 1874 ua-

201 1926 323 1998 turae,
350 1926 385 1980 et
401 1911 512 1979 vocali
530 1912 639 1978 verbo
655 1910 817 1980 tradidit:
845 1909 966 1998 Dilige
985 1909 1185 1998 proximum
1340 1904 1515 1977 inseritur
1529 1909 1727 1980 admonitio
1743 1908 2043 1979 deimbecillitate
2059 1903 2223 1996 humana,

201 2013 473 2102 sicutteipsum.
525 2009 621 2080 Haec
638 2033 718 2079 cum
733 2011 780 2079 ita
806 2012 898 2096 sint,
930 2025 966 2083 et
984 2010 1040 2079 lex
1061 2011 1106 2078 de
1129 2010 1186 2078 di·
1238 2022 1272 2078 et
1301 2005 1575 2100 reprehenditur
1606 2012 1714 2081 stulta
1748 2010 1980 2094 confidentia,
2016 2008 2146 2082 Petrus
2167 2035 2222 2083 so-

201 2115 353 2183 lectione
370 2115 470 2184 toties
487 2114 532 2184 sit
549 2112 698 2203 repetita
714 2111 750 2179 in
766 2107 973 2204 Prophetis,
999 2136 1062 2181 cur
1077 2105 1184 2181 Chri·
1238 2111 1350 2180 mniat
1367 2132 1502 2200 pugnas
1516 2125 1548 2181 et
1567 2112 1849 2195 dimicationem,
1875 2127 1959 2183 etse
1982 2114 2091 2183 morti
2115 2114 2222 2183 conli-

201 2231 275 2284 stus
298 2231 399 2286 vocat
423 2240 555 2284 novum
578 2214 812 2283 mandatum?
849 2214 978 2284 usitata
1002 2215 1185 2304 responsio
1238 2215 1363 2282 denter
1377 2213 1500 2296 offert,
1527 2219 1586 2284 sed
1607 2209 1772 2284 Christus
1786 2227 1881 2286 taxat
1894 2214 2168 2296 confidentiam,
2183 2240 2220 2286 ac

199 2332 251 2386 est
268 2318 387 2387 vocari
402 2340 554 2399 novum,
569 2339 643 2385 non
664 2330 808 2406 propter
822 2329 981 2406 tempus,
994 2339 1065 2407 quo
1083 2339 1186 2406 prae·
1239 2315 1407 2406 praedicit
1421 2315 1496 2384 eius
1511 2315 1662 2407 lapsum.
1712 2316 1902 2386 Discamus
1919 2338 2000 2405 ergo
2019 2340 2095 2387 non
2113 2319 2220 2388 conli-

199 2419 271 2509 cipi
303 2420 436 2508 coepit,
473 2419 535 2487 sed
558 2432 744 2515 propterea
766 2419 862 2509 quod
887 2439 962 2486 non
985 2417 1186 2506 impleatur,
1237 2422 1320 2485 dere
1335 2417 1478 2508 propria
1495 2417 1653 2501 iusticia,
1687 2418 1965 2506 velvigilantia‚
1998 2419 2055 2486 vel
2081 2421 2218 2509 sapien·

200 2520 269 2588 nisi
299 2522 385 2589 novi
416 2519 615 2589 testamenti
639 2523 754 2602 dono,
785 2518 918 2588 scilicet
939 2520 1022 2589 dato
1048 2517 1185 2608 Spiritu
1237 2519 1301 2588 tia:
1334 2543 1418 2587 nam
1438 2514 1594 2588 humana
1619 2532 1743 2588 natura
1768 2544 1831 2609 per
1853 2542 1926 2590 sese
1951 2533 2001 2589 est
2024 2520 2219 2606 imbecillis,

198 2635 339 2703 saneto,
373 2645 439 2690 nee
461 2616 683 2711 reprebendo
709 2616 800 2689 hanc
823 2621 1045 2691 sententiam.
1096 2616 1186 2690 Cae·
1236 2633 1271 2689 et
1286 2621 1387 2689 iacile
1401 2621 1545 2693 labitur.
1593 2617 1732 2690 Deinde
1747 2623 1958 2691 accerrimae
1972 2636 2055 2693 sunt
2072 2623 2219 2692 insidiae

199 2737 317 2792 terum
335 2725 417 2792 satis
434 2737 577 2814 apparet
593 2718 776 2791 Christum
801 2717 868 2793 hoc
891 2724 1099 2793 mandatum
1120 2747 1184 2790 vo·
1236 2721 1389 2806 diaboli,
1408 2723 1471 2813 qui
1489 2722 1596 2792 variis
1612 2721 1727 2790 modis
1744 2723 1956 2792 imbecillem
1974 2738 2139 2794 naturam
2155 2729 2219 2795 im-

1516 1764 1606 1844 Non
1623 1768 1789 1841 cantabit
1803 1766 1949 1866 gallus.

77 2898 82 2909 ,
199 2847 281 2893 care
294 2848 449 2907 novum,
481 2825 580 2916 quasi
599 2824 715 2908 dicat,
747 2847 822 2893 non
847 2824 1015 2895 usitatum
1037 2826 1186 2908 mundo,
1237 2824 1356 2913 pellit,
1390 2825 1480 2894 sicut
1501 2824 1618 2895 Lucae
1644 2828 1707 2896 22.
1728 2824 1846 2915 inquit
1868 2821 2048 2896 Christus:
2085 2825 2220 2911 Simon,

70 2973 74 2981 -
198 2926 321 3009 idest,
346 2949 420 2995 non
438 2928 521 3019 quia
538 2927 648 3016 legem
666 2927 777 3016 ipsam
794 2925 907 2996 sciant
921 2948 1045 2996 omues
1067 2920 1184 2996 homi·
1235 2924 1381 3006 Simon,
1417 2950 1496 2997 ecce
1511 2925 1659 2997 Satanas
1682 2927 1850 3015 expetivit
1873 2949 1955 3011 vos,
1989 2940 2030 2997 ut
2050 2928 2220 2999 cribraret

198 3050 283 3111 nes,
317 3030 377 3096 sed
401 3029 483 3121 quia
509 3052 614 3097 nemo
634 3026 779 3115 ignarus
802 3022 1011 3116 Evangelii,
1053 3039 1087 3097 et
1109 3051 1183 3097 non
1236 3041 1481 3120 vostanquam
1499 3028 1669 3098 triticum.
1720 3024 1931 3119 Quantam
1949 3029 2154 3119 rogaripro
2177 3044 2227 3109 te,

198 3123 336 3198 habens
350 3130 513 3199 timorem
530 3127 615 3214 Dei,
632 3141 667 3198 et
681 3130 785 3198 fidem
802 3129 839 3198 in
856 3125 1062 3214 Christum,
1082 3153 1184 3218 prae·
1236 3152 1281 3197 ne
1296 3130 1435 3200 deficiat
1451 3130 1537 3199 fides
1553 3142 1633 3211 tna,
1655 3142 1690 3199 et
1704 3142 1743 3201 tu
1757 3153 1948 3217 conversus
1965 3131 2135 3201 confirma
2150 3133 2218 3201 ira·

197 3243 267 3299 stat
292 3225 383 3298 hanc
408 3232 519 3319 legem
545 3235 589 3299 de
613 3230 803 3299 dilectione
827 3243 862 3300 et
884 3233 1003 3301 studio
1023 3233 1185 3320 publicae
1234 3244 1305 3299 tres
1319 3244 1408 3302 tuos.
1457 3229 1554 3302 Haec
1570 3232 1695 3302 concio
1711 3232 1841 3301 multas
1854 3232 2078 3321 gravissimas
2095 3246 2129 3304 et
2144 3257 2217 3304 am·

198 3333 427 3408 concordiae,
448 3347 480 3401 et
495 3332 683 3423 praecipue
699 3329 1102 3405 concionaturChristus
1119 3356 1184 3423 gu-
1233 3333 1409 3422 plissimas
1429 3333 1620 3404 sententias
1646 3334 1816 3407 continet.
1874 3334 1938 3404 Ait
1959 3334 2146 3405 diabolum
2165 3336 2217 3405 in-

196 3433 458 3504 bernstoribus.
511 3434 871 3523 Discessurusenim‚
897 3435 1001 3502 valde
1022 3434 1183 3505 solicitus
1233 3433 1355 3503 sidiari
1376 3432 1572 3520 Ecclesiae,
1610 3448 1651 3505 ut
1681 3459 1757 3505 eam
1790 3435 1971 3527 dispergat
1998 3451 2033 3506 et
2063 3437 2217 3529 dissipet.

197 3546 250 3604 est
280 3534 324 3600 de
353 3535 541 3603 concordia
566 3533 742 3603 Ecclesiae
769 3548 805 3605 et
836 3536 1058 3620 docentium,
1100 3537 1180 3607 ideo
1233 3534 1327 3605 Huic
1343 3537 1563 3607 tristissimae
1577 3537 1655 3607 voci
1670 3538 1771 3609 addit
1794 3538 2092 3624 consolationem,
2124 3541 2215 3633 quod

198 3657 300 3725 saepe
317 3634 472 3704 inculcat
490 3630 557 3705 hoc
577 3651 821 3726 praeceptum,
847 3651 882 3705 et
900 3639 1105 3707 ardentibus
1129 3640 1183 3707 af·
1234 3662 1297 3728 pro
1320 3639 1424 3708 nobis
1446 3653 1540 3724 oret,
1561 3663 1607 3708 ne
1624 3639 1709 3709 fides
1724 3653 1843 3709 nostra
1865 3641 2102 3727 extinguatur.
2152 3639 2216 3711 Po-

198 3735 349 3806 lectibus
376 3737 549 3827 significat
573 3760 672 3806 suam
699 3739 960 3808 solicitudinem
991 3742 1035 3809 de
1064 3756 1182 3831 poste-
1235 3740 1487 3811 stremoetiam
1504 3756 1643 3821 monet,
1676 3756 1717 3812 nt
1733 3766 1799 3811 nos
1812 3742 2012 3811 confirmati
2028 3756 2153 3812 nostro
2169 3756 2217 3813 te·

196 3837 312 3911 ritate.
1232 3843 1400 3912 stimonio
1423 3843 1528 3913 etiam
1552 3842 1641 3913 alios
1664 3844 1925 3913 confirmemus.
1975 3841 2075 3912 Haec
2095 3845 2214 3915 coueio

263 3960 268 3971 ·
300 3939 393 4010 Tota
426 3940 553 4009 mundi
586 3934 735 4011 historia
760 3943 914 4011 ostendit
938 3965 1052 4012 raram
1074 3945 1183 4013 fuisse
1234 3959 1408 4038 tuncnon
1431 3947 1542 4016 subiit
1564 3945 1724 4015 animum
1740 3942 2217 4035 Petri,-occupatum·cogi-

196 4044 475 4128 gnbernatorum
507 4043 753 4124 concordiam,
787 4058 818 4112 et
847 4045 1002 4113 sacilime
1026 4046 1181 4116 exitialia
1233 4049 1366 4116 tatione
1402 4049 1446 4115 de
1481 4048 1624 4137 praeliis
1657 4061 1692 4117 et
1726 4069 1833 4136 regno
1864 4051 2047 4117 mundano
2072 4043 2214 4119 Christi.

195 4144 345 4212 dissidia
371 4145 466 4213 inter
489 4167 548 4213 eos
569 4158 688 4214 exorta
713 4166 803 4224 esse,
838 4147 1008 4235 utigitur
1033 4172 1182 4219 concor·
1231 4147 1302 4217 Sed
1320 4163 1437 4238 postea
1458 4173 1538 4219 cum
1566 4149 1729 4237 inlapsu
1752 4150 1844 4219 dicta
1865 4145 1998 4218 Christi
2020 4150 2213 4240 colligeret,

197 4243 294 4312 diam
319 4257 485 4315 tueantur
507 4247 690 4336 Apostoli,
725 4247 895 4337 praecipit
914 4253 958 4318 de
982 4249 1182 4333 dilectione,
1232 4250 1398 4337 cogitavit
1428 4275 1534 4344 quam
1559 4251 1753 4321 necessaria
1776 4251 1819 4320 sit
1841 4248 2070 4341 reprehensio
2091 4247 2214 4323 liuma-

197 4345 279 4433 quia
296 4347 372 4414 sine
389 4347 577 4417 dilectione
594 4349 697 4417 facile
711 4352 954 4417 accenduntur
976 4352 1181 4424 certamina.
1234 4375 1300 4420 nae
1316 4353 1569 4434 confidentiae,
1603 4376 1709 4446 quam
1735 4353 1850 4421 dulcis
1872 4352 2087 4439 consolatio,
2121 4355 2214 4449 quod

198 4442 340 4514 lnvidet
356 4445 444 4517 Saul
459 4451 626 4517 crescenti
642 4447 790 4531 Davidi,
815 4466 847 4520 ct
863 4474 898 4519 se
914 4453 1096 4521 obscurari
1115 4455 1181 4523 do·
1232 4476 1296 4542 pro
1313 4477 1350 4522 se
1366 4456 1589 4546 deprecatum
1608 4479 1682 4525 esse
1696 4454 1785 4523 dixit
1800 4448 1974 4527 Christus.

195 4545 256 4614 let.
307 4546 389 4617 Non
407 4562 521 4638 potest
540 4550 631 4618 serre
649 4550 839 4642 Pompeius
865 4567 1078 4624 crescentem
1092 4553 1182 4626 Cae·
1332 4556 1428 4626 lnlra
1449 4573 1564 4628 autem
1588 4559 1632 4627 de
1654 4558 1754 4646 lapsu
1771 4554 1870 4625 Petri
1891 4555 2068 4646 copiosius
2091 4556 2213 4629 dicen-

196 4648 286 4716 saris
300 4650 513 4738 potentiam,
545 4652 683 4720 assidue
699 4654 861 4723 rixantur
882 4658 974 4724 inter
998 4680 1035 4725 se
1049 4656 1180 4727 Aristi·
1231 4659 1315 4727 dum
1339 4673 1408 4740 est,
1442 4676 1476 4730 et
1501 4656 1583 4730 huic
1604 4658 1763 4749 exemplo
1789 4658 1941 4726 aliorum
1965 4658 2214 4730 excellentium

195 4750 260 4817 des
276 4764 310 4821 et
324 4746 593 4820 Themistocles.
646 4751 743 4823 Haec
761 4755 849 4823 bunt
865 4756 1071 4836 interillos,
1089 4782 1180 4850 quo·
1231 4762 1387 4830 virorum
1402 4762 1521 4853 lapsus
1538 4763 1713 4832 addantur
1722 4794 1739 4844 ,-
1758 4770 1800 4829 ut
1816 4760 2036 4829 securitatem
2052 4774 2088 4829 et
2102 4763 2214 4831 conb-

197 4873 278 4922 rum
294 4853 407 4921 animi
423 4866 505 4923 sunt
520 4854 597 4923 sine
612 4869 734 4924 mulera
751 4857 959 4942 dilectione,
991 4863 1052 4928 sed
1067 4884 1179 4931 unus-
1228 4865 1384 4932 dentiam
1401 4880 1557 4934 metuere
1579 4866 1772 4942 discamus,
1800 4861 1892 4933 sicut
1915 4861 2047 4930 multae
2071 4878 2214 4934 senten·

195 4953 347 5047 quisque
364 4977 438 5025 sese
455 4956 599 5044 plurimi
614 4957 689 5024 fieri
706 4958 800 5038 vult,
836 4972 868 5028 et
882 4961 1082 5030 occasiones
1096 4986 1177 5053 pre-
1228 4964 1298 5032 tiae
1313 4982 1477 5050 monent,
1507 4959 1799 5040 1.Corinth.10.
1834 4960 1924 5050 :Qui
1947 4963 2090 5035 videtur
2111 4979 2215 5049 stare,

192 5057 420 5126 mendialios
433 5071 566 5148 captat,
598 5082 674 5127 non
697 5073 858 5128 amanter
882 5063 1068 5148 admonet,
1100 5086 1175 5134 non
1228 5066 1345 5137 videat
1368 5090 1413 5135 ne
1435 5071 1547 5139 cadat.
1595 5062 1725 5138 Matth.
1747 5069 1805 5137 12.
1824 5064 1873 5134 ait
1889 5059 2070 5135 Christus:
2097 5065 2215 5160 Spiri-

137 5188 146 5207 =
191 5173 293 5227 sanat
323 5161 468 5230 alterius
496 5161 733 5231 incommoda.
794 5159 845 5230 At
865 5176 1009 5233 econtra
1031 5166 1175 5236 dilectio
1226 5181 1302 5237 tum
1317 5169 1544 5240 immundum
1559 5172 1676 5239 redire
1693 5167 1872 5238 adiunctis
1887 5166 1967 5235 aliis
1989 5181 2147 5256 septem,
2176 5171 2214 5240 iti

192 5258 349 5344 primum
363 5262 497 5352 gloriae
512 5261 578 5332 Dei
597 5260 724 5343 servit,
757 5258 850 5332 banc
864 5263 941 5333 vrrlt
961 5256 1116 5356 conspici
1141 5282 1175 5340 et
1225 5272 1372 5339 domum
1392 5260 1561 5357 otiosam,
1592 5274 1630 5342 id
1654 5284 1723 5353 est,
1754 5291 1933 5349 securam,
1964 5292 2041 5338 nou
2063 5295 2216 5360 expave-

190 5356 396 5431 alebran-
429 5362 569 5444 Deinde
589 5384 663 5433 sese
682 5364 836 5458 abiicit,
857 5379 892 5436 et
918 5365 1073 5439 libenter
1095 5369 1177 5445 aliis
1222 5370 1378 5458 boantem
1402 5376 1583 5465 agnitione
1604 5371 1782 5459 iraenei,
1812 5394 1887 5443 non
1911 5385 2089 5462 petentem
2112 5376 2216 5446 auxi-
