4522 5782
109 180 184 257 55,
703 144 1548 230 eututrsuscaterauxttotsrtca.
1894 164 1940 253 2..
2059 126 2159 249 ιιι

112 354 179 445 ligi
193 375 255 447 per
270 345 356 422 baec
372 340 497 418 rerba:
523 328 601 428 Ego
617 353 694 403 sum
717 324 887 407 carnalis,
915 323 998 420 quia
1015 326 1100 397 snb-
1123 322 1130 377 ¹
1152 326 1246 425 quit:
1274 321 1381 416 Quod
1396 348 1525 426 operor
1540 350 1612 399 uon
1629 328 1807 422 approbo,
1829 324 1867 403 iel
1885 340 1950 416 est,
1974 351 2054 401 curu
2066 329 2127 403 illis

113 465 190 535 iicit
203 456 289 529 baec
305 452 429 522 verba:
458 439 694 513 Venundatus
707 432 773 513 sub
788 443 981 522 peccatum.
1007 424 1101 546 Qui·
1124 402 1129 548 Ι
1151 427 1289 501 vitiosis
1311 427 1465 500 motibus
1481 428 1634 503 luctatur
1647 431 1687 501 ln
1706 456 1762 503 me
1777 430 1977 526 spiritualis
1992 432 2128 520 novitas,

112 570 180 638 bus
197 557 312 631 verbis
329 551 501 642 significat
516 556 679 614 naturam
697 559 771 605 non
786 529 915 603 habere
931 530 1101 624 spiritua·
1151 547 1185 605 ct
1199 531 1378 624 improbat
1391 530 1453 602 illa
1469 532 1554 607 vita.

113 670 184 739 lem
207 657 465 735 obedientiam,
496 647 557 718 sed
587 642 749 712 vitiosam
777 656 869 718 esse,
904 649 938 705 et
960 657 1099 704 servam

113 794 178 841 seu
200 763 373 856 captivam
399 749 549 848 peccati,
582 745 617 814 id
651 760 721 825 est,
752 751 966 829 corruptam,
1030 733 1099 806 Hic
2158 790 2161 799 1

113 868 323 945 totuslocus
342 858 513 937 declarat,
540 847 655 943 qualis
676 842 722 913 sit
742 839 923 930 corruptio
940 849 1099 918 naturae,
1252 831 1358 905 Hanc
1373 854 1526 925 pugnarn
1542 832 1672 907 deinde
1686 836 1850 929 pluribus
1864 836 1986 908 verbis
2008 836 2129 908 descri-
2159 872 2161 877 ·

115 989 149 1046 et
164 970 259 1066 quod
278 975 458 1057 peccatum
472 949 645 1043 originale
658 968 732 1015 non
756 940 801 1013 sit
823 954 960 1012 tantum
981 938 1099 1032 impu·
1124 966 1127 977 ·
1151 935 1218 1006 bit:
1245 933 1328 1007 Non
1345 937 1440 1029 quod
1457 935 1539 1005 volo
1558 937 1705 1027 bonum
1720 937 1757 1009 id
1774 938 1886 1025 facio,
1911 939 2034 1011 idest:
2062 934 2130 1011 Eut
2158 938 2162 985 :

113 1074 221 1157 tatio,
259 1070 319 1138 sed
347 1062 461 1153 reipsa
491 1053 662 1149 quaedam
693 1056 862 1135 corrupto
892 1042 928 1112 in
960 1056 1099 1116 natura,
1123 980 1128 1165 l
1149 1031 1266 1108 habeo
1295 1040 1477 1110 incoatum
1503 1037 1688 1125 timorem,
1719 1053 1839 1112 tamen
1859 1040 1924 1112 ille
1948 1040 2130 1135 impeditur
2160 1120 2162 1129 Ι

112 1175 211 1248 Haec
228 1189 366 1241 necesse
383 1176 433 1233 est
449 1155 541 1233 tradi
558 1154 595 1222 in
613 1146 790 1231 Ecclesia,
814 1159 854 1216 ut
869 1166 1100 1235 agnoscamus
1123 1168 1127 1203 ι
1149 1141 1304 1211 naturali
1332 1139 1538 1220 securitate,
1577 1164 1624 1211 ιιι
1645 1141 1691 1213 sit
1713 1155 1852 1227 tantus,
1886 1157 2046 1238 quantus
2066 1164 2130 1215 etse
2159 1158 2162 1215 t

113 1288 315 1372 peccatum,
341 1281 376 1338 et
392 1289 410 1334 e
426 1260 569 1350 regione
583 1249 791 1342 magnitudo
815 1244 976 1317 beneficii
992 1240 1099 1317 Cleri·
1151 1243 1287 1314 debeat.
1339 1237 1417 1312 Etsi
1431 1236 1553 1330 ¹habeo
1580 1242 1756 1314 incoatam
1777 1245 1903 1332 fidem,
1933 1259 2058 1318 tumen
2076 1242 2130 1317 ills

113 1381 159 1451 sti
183 1371 347 1466 cognosci
371 1364 489 1460 possit.
538 1356 659 1447 Quare
679 1350 870 1442 diligenter
891 1343 977 1417 haec
991 1348 1099 1418 verba
1150 1344 1344 1436 impeditur
1359 1342 1515 1413 naturali
1530 1344 1772 1432 dubitatione,
1804 1371 1850 1418 ne
1863 1347 1911 1420 sit
1923 1347 2011 1419 salis
2027 1347 2130 1421 brena.-
2160 1334 2163 1361 ²

113 1476 343 1574 expendenda
370 1461 470 1540 sunt:
496 1458 731 1530 Venundatus
751 1452 818 1522 sub
833 1463 1033 1541 peccatum,
1059 1463 1100 1520 ut
1149 1446 1229 1517 Etsi
1246 1441 1360 1517 habeo
1374 1445 1549 1515 incoatum
1568 1447 1818 1536 dilectionem,
1844 1463 1964 1521 tamen
1980 1449 2046 1520 ills
2070 1448 2129 1519 im·
2160 1432 2163 1443 ¹

111 1578 321 1672 magnitudo
346 1567 479 1666 peccati
501 1576 537 1634 et
555 1557 706 1630 servitus
732 1552 968 1641 intelligatur,
1003 1553 1099 1647 qnod
1151 1547 1296 1641 peditur
1313 1547 1615 1639 concupiscentia,
1646 1574 1692 1620 ne
1707 1551 1791 1621 satis
1805 1552 1927 1622 ardeat
1951 1564 1986 1623 et
2006 1551 2129 1640 flagret,
2159 1568 2164 1575 ·

111 1683 275 1754 videlicet
291 1688 417 1746 natura
434 1689 515 1738 vere
531 1672 696 1752 corrupta
711 1669 745 1726 et
759 1654 885 1725 vitiosa
899 1653 956 1726 sit.
1249 1648 1428 1743 Loquitur
1443 1662 1560 1719 ,utem
1577 1674 1650 1720 „0ss
1665 1655 1709 1721 d,
1731 1653 1871 1724 levibus
1892 1653 2081 1726 affixum⁸
2100 1664 2131 1727 a

213 1781 311 1852 Haec
327 1776 479 1846 eludunt
496 1763 630 1860 aliqui,
655 1773 690 1830 et
711 1758 850 1848 fingunt
864 1754 1014 1825 Paulum
1040 1748 1100 1823 laic
1123 1788 1128 1871 Ι
1151 1752 1428 1842 tentationibus,
1455 1753 1516 1820 sed
1540 1752 1585 1821 de
1610 1752 1790 1826 acerrimis
1815 1755 1985 1829 motibus.
2036 1752 2131 1826 ldeu-

111 1886 232 1981 loqui,
258 1903 330 1950 non
354 1878 397 1945 de
412 1881 483 1957 lsua
500 1888 671 1961 persona,
696 1883 771 1930 non
795 1860 840 1928 de
863 1857 1040 1926 conversis
1064 1868 1100 1927 et
1123 1880 1127 1897 ¹
1151 1878 1220 1949 que
1235 1877 1320 1925 usus
1335 1865 1387 1924 est
1402 1852 1520 1923 verbis
1537 1852 1754 1942 illustribus,
1786 1858 1949 1929 nominat
1973 1855 2130 1929 militiam

112 1985 262 2064 sanctis,
308 1983 368 2050 sed
399 1978 443 2045 de
467 1969 598 2062 impiis.
672 1961 769 2032 Haec
791 1959 970 2030 cavillatio
993 1981 1099 2048 repu-
1151 1971 1185 2027 et
1215 1955 1474 2050 captivitatem,
1513 1968 1553 2025 ut
1577 1955 1750 2047 significet
1773 1951 2002 2032 vehementes
2024 1972 2130 2031 motus

113 2090 246 2161 dianda
270 2096 331 2154 est.
381 2078 431 2152 Ut
452 2075 547 2146 enim
563 2065 684 2141 David
699 2067 743 2134 de
759 2086 794 2132 ac
819 2074 853 2131 ιι
869 2064 913 2130 de
932 2061 1100 2129 omnibus
1151 2082 1241 2129 esse:
1273 2057 1363 2128 sicut
1379 2056 1579 2149 experimur
1597 2057 1634 2127 in
1650 2059 1931 2147 calamitatibus,
1957 2060 1997 2130 in
2014 2072 2130 2141 morte,

111 2190 240 2264 sanctis
262 2183 439 2280 loquitur,
474 2198 554 2246 cum
578 2172 645 2242 ait:
686 2165 768 2237 Non
791 2161 1038 2234 iustificabitur
1060 2161 1099 2230 in
1152 2185 1258 2255 qnam
1290 2159 1433 2230 dilbcile
1456 2158 1503 2229 sit
1526 2160 1682 2233 obedire.
1741 2159 1834 2233 Tota
1857 2176 1985 2235 natura
2011 2160 2132 2247 fremit,

112 2302 300 2383 conspectu
326 2300 388 2356 tuo
411 2277 528 2351 omnis
549 2275 685 2342 vivens.
719 2265 795 2339 Aut
816 2287 894 2336 cum
913 2265 977 2335 ait:
1007 2261 1099 2334 Ecce
1151 2264 1377 2352 indignatur,
1403 2273 1439 2331 et
1453 2278 1640 2352 repugnat.
1683 2258 1784 2349 ltem,
1799 2265 1976 2336 dubitatio
1994 2276 2133 2335 natura.

111 2399 151 2465 in
173 2387 424 2484 iniquitatibus
447 2389 638 2468 conceptus
661 2395 738 2442 sum
756 2382 820 2438 etc.
888 2363 942 2436 lta
967 2365 1100 2434 Patrius
1152 2366 1194 2435 lis
1211 2376 1465 2456 etconspectus
1487 2363 1617 2453 peccati
1644 2365 1691 2434 ita
1712 2380 1863 2448 terrent,
1894 2381 1934 2437 ιιι
1957 2365 2064 2437 etiam
2086 2364 2132 2459 pii
2149 2368 2166 2457 'J

111 2501 156 2567 de
181 2519 217 2564 se
242 2490 422 2584 loquitur,
457 2497 490 2554 et
521 2503 585 2549 suo
615 2471 773 2563 exemplo
806 2490 929 2538 omnes
961 2482 1099 2537 sanctos
1150 2467 1399 2559 opprimantur
1428 2465 1709 2558 desperabundi,
1759 2470 1849 2539 sicut
1879 2464 1998 2540 David
2038 2464 2167 2560 saepe-³

111 2593 366 2689 complectitur.
406 2583 496 2657 Cum
513 2581 619 2671 igitur
634 2572 720 2645 baec
736 2569 980 2661 interpretatio
996 2568 1099 2638 Pauli
1151 2568 1391 2663 conqueritur.
1450 2564 1547 2637 Haec
1579 2569 1763 2659 captivitas
1792 2571 1831 2640 in
1858 2558 2167 2664 impatientiuet¹

111 2699 240 2770 babeat
254 2694 354 2763 firma
369 2707 403 2761 et
419 2684 569 2756 illustria
589 2674 791 2751 testimonia
809 2675 847 2741 in
863 2670 1024 2754 Psalmis,
1048 2683 1100 2742 est
1152 2669 1343 2764 pavoribus
1368 2668 1550 2759 perspicue
1572 2671 1800 2763 conspicitur.
1852 2670 1922 2743 Sed
1946 2667 2035 2743 haec
2058 2696 2134 2766 per.

112 2815 225 2883 cem,
268 2818 336 2867 ¹¹0⁰
373 2786 594 2878 &fingendae
630 2793 714 2851 ⁸⁰⁰1
747 2777 884 2846 alienae
925 2773 1100 2864 interpre-
1152 2787 1228 2844 cata
1245 2771 1415 2841 interiora
1442 2794 1515 2839 non
1538 2786 1689 2843 cernunt
1711 2772 1823 2844 securi
1845 2788 1880 2846 et
1901 2774 2027 2864 impii,
2059 2775 2133 2845 ideo

111 2903 274 2975 tationes,
1152 2887 1345 2946 extenuant
1360 2885 1538 2962 peccatum
1556 2874 1729 2964 originale
1751 2891 1785 2948 et
1807 2870 2139 2968 concupiscentiam.-

211 2997 394 3092 Significat
427 3004 545 3062 autem
575 2982 727 3057 carnalis
748 2991 895 3068 natura,
935 2990 1100 3047 naturam
1252 2976 1373 3067 Quare
1391 2969 1488 3044 huuc
1508 2976 1627 3046 locum
1651 2991 1857 3064 teneamus,
1884 2992 1920 3050 et
1940 2978 2040 3049 lrlsis
2061 2978 2134 3071 opi·

111 3104 271 3177 hominis
289 3123 351 3192 per
366 3118 439 3165 sese
456 3116 530 3164 non
550 3088 823 3175 intelligentem,
849 3104 914 3151 nec
930 3092 1101 3172 appeten·
1152 3076 1322 3147 nionibus
1352 3080 1396 3146 de
1426 3075 1502 3166 lege
1535 3091 1569 3148 et
1589 3094 1730 3169 peceato
1752 3101 1985 3172 opponamus.
2045 3078 2137 3151 Hine
2165 3106 2168 3113 ·

110 3224 183 3280 tem
209 3200 427 3296 spiritualia,
454 3197 491 3266 id
515 3206 583 3272 est,
611 3187 832 3261 dubitantem
858 3185 902 3254 de
918 3180 1013 3266 Deo,
1038 3205 1101 3249 va-
1152 3181 1339 3262 discimus,
1364 3181 1461 3271 quod
1477 3179 1563 3269 legis
1577 3181 1737 3271 impletio
1754 3207 1828 3253 non
1850 3182 1896 3253 sit
1916 3196 2057 3253 tantum
2079 3204 2135 3253 ex·

111 3333 213 3381 cuam
230 3307 358 3378 timore
373 3297 460 3378 Dei,
486 3310 522 3366 et
539 3314 720 3374 securam,
745 3295 854 3358 etant
870 3298 1101 3355 contemnen-
1151 3296 1251 3354 terna
1270 3279 1470 3372 disciplina,
1484 3284 1578 3373 quod
1597 3297 1776 3374 peccatum
1791 3282 1962 3375 originale
1970 3285 2137 3377 sitreipsa

110 3426 183 3482 tem
204 3404 376 3479 iudicium
404 3397 493 3483 Dei,
533 3407 594 3465 aut
621 3393 828 3464 irascentem
860 3386 992 3457 iudicio
1014 3382 1100 3456 Dei:
1152 3384 1333 3474 corruptio
1348 3384 1524 3476 quaedam
1546 3383 1582 3451 in
1607 3399 1734 3457 natura
1758 3379 1934 3471 bominis,
1964 3410 2057 3481 quaa
2077 3388 2136 3456 da·

112 3529 147 3585 et
178 3535 198 3581 e
227 3507 370 3597 regione
399 3510 620 3593 appetentem
662 3489 842 3574 carnalia,
882 3488 1102 3578 voluptates,
1151 3500 1296 3557 mnatur
1316 3483 1392 3574 lege
1414 3479 1500 3564 Dei,
1538 3488 1636 3578 quod
1660 3488 1943 3581 concupiscentia
1966 3488 2074 3561 etiam
2099 3491 2135 3559 in

110 3634 209 3706 opes,
235 3607 398 3701 gloriam,
425 3600 655 3672 confidentem
672 3617 746 3664 non
761 3589 829 3661 Dei
845 3590 992 3674 auxilio,
1004 3589 1101 3682 quod
1152 3588 1280 3660 sanctis
1304 3586 1349 3657 sit
1364 3598 1543 3678 peceatum
1562 3611 1623 3658 sua
1641 3604 1786 3675 natura,
1818 3593 1878 3661 scd
1898 3589 1968 3682 piis
1990 3594 2136 3663 creden·

112 3739 189 3786 nou
211 3710 345 3797 cernit,
387 3705 447 3774 sed
472 3698 717 3800 praesentibus
744 3693 868 3778 rebus,
901 3707 941 3763 ut
963 3692 1101 3761 viribus
1153 3692 1248 3760 tibus
1270 3690 1502 3762 condonatur.
1553 3688 1664 3770 ltem,
1693 3695 1789 3785 quod
1812 3716 1878 3763 nec
1902 3693 2018 3764 sancti
2039 3693 2137 3766 uti..

112 3813 304 3910 sapientiae
327 3820 387 3879 aut
411 3804 588 3884 iustitiae,
612 3797 713 3869 Talis
734 3809 787 3866 est
801 3809 927 3866 natura
943 3789 1101 3864 humana
1151 3790 1284 3864 faciant
1305 3789 1374 3880 legi
1390 3786 1468 3861 Dei.
1519 3790 1629 3874 Item,
1661 3796 1756 3885 quod
1780 3794 1890 3864 sancti
1912 3817 2056 3888 semper
2074 3790 2136 3867 ba-

113 3924 189 3989 sine
206 3914 345 4008 Spiritu
360 3921 491 3980 sancto.
542 3902 613 3975 Sed
635 3924 713 3970 cum
738 3898 807 3967 lide
831 3910 1024 3967 renovatur
1038 3918 1102 3987 per
1152 3895 1260 3966 beant
1275 3915 1364 3983 opus
1380 3892 1587 3963 remissione
1601 3909 1836 3986 peccatorum.
1888 3893 1998 3985 Quod
2019 3914 2137 3969 nagan

114 4021 290 4114 Spiritum
316 4025 497 4091 sanctum,
523 4002 647 4094 incipit
667 3998 863 4092 spiritualis
884 3998 1023 4068 novitas
1044 3998 1102 4067 lu·
1152 3995 1313 4088 impletio
1338 3993 1444 4082 legis,
1474 4017 1535 4065 seu
1557 3996 1721 4089 dilectio,
1754 4021 1816 4067 seu
1839 4020 1947 4088 opera
1970 4021 2048 4070 non
2070 3999 2138 4072 sint

113 4122 200 4193 ctari
215 4144 295 4191 cum
312 4113 446 4188 carnali
460 4104 708 4196 corruptione,
730 4123 820 4197 quae
835 4095 952 4171 adbuc
963 4099 1101 4194 reliqua
1153 4096 1280 4188 digna,
1306 4109 1451 4188 propter
1464 4120 1554 4189 quae
1568 4099 1678 4169 simus
1694 4099 1776 4171 iusti
1785 4148 1798 4185 ,
1833 4098 1960 4191 idest,
1994 4100 2135 4195 accepti,

115 4239 187 4308 est,
212 4224 325 4291 donec
339 4217 493 4286 vivimus
507 4210 545 4279 in
562 4203 630 4278 hoc
644 4226 792 4298 corpore
807 4202 960 4278 mortali,
1153 4223 1219 4268 nec
1235 4199 1306 4269 siut
1320 4199 1426 4286 digna
1444 4198 1516 4268 vita
1532 4213 1687 4271 aeterna.
1720 4200 1791 4273 Sed
1808 4201 1877 4271 lide
1896 4215 2044 4295 propter
2064 4228 2136 4273 me-

1154 4301 1326 4371 diatorem
1340 4295 1523 4370 Christum
1544 4301 1733 4393 accipimus
1752 4302 1998 4374 remissionem
2022 4328 2140 4398 pecea-

340 4370 455 4478 Q¹²⁰d
467 4396 594 4475 ’ΨΜ
609 4391 683 4441 ''⁰''
696 4362 874 4466 αρρωύο·
1154 4417 1292 4486 ιοιιιιιι,
1318 4415 1352 4472 ιι
1369 4400 1602 4492 imputatione
1618 4403 1795 4491 iusticias,
1819 4406 1929 4476 vitam
1950 4419 2138 4478 aeternam.

147 4608 150 4612 ,
228 4518 322 4587 Illud
366 4529 541 4586 certamen
580 4506 709 4578 deinde
746 4501 914 4575 describit
954 4501 1102 4575 Paulus:
1154 4501 1279 4596 ltaque
1296 4502 1525 4594 multiplicem
1541 4506 1739 4575 doctrinam
1754 4507 1912 4578 continet
1932 4502 2004 4579 bor
2027 4524 2136 4602 caput,

119 4620 227 4711 Quod
255 4640 400 4709 operor,
437 4638 510 4683 non
544 4632 715 4700 agnosco,
757 4606 795 4675 id
825 4620 896 4690 est,
932 4628 1006 4674 non
1039 4628 1103 4696 ap-
1154 4607 1375 4694 deprecato,
1398 4605 1553 4696 delege,
1579 4608 1628 4694 ‚de
1652 4608 1814 4702 reliquiis
1836 4609 1969 4701 peccati
1995 4611 2037 4680 iu
2058 4634 2135 4683 san·

119 4721 249 4814 probo:
290 4717 389 4811 quasi
418 4716 527 4784 dicat:
567 4710 691 4782 Sentio
715 4732 827 4778 meam
858 4721 1021 4778 naturam
1045 4730 1103 4776 re·
1155 4708 1230 4778 ctis.
1284 4705 1406 4795 Quare
1425 4706 1614 4795 diligenter
1634 4711 1917 4794 meminerimus,
1952 4712 2017 4783 ubi
2038 4728 2134 4786 uren.

119 4843 278 4916 pugnare
296 4818 362 4906 legi
380 4814 466 4897 Dei,
490 4835 634 4881 menon
651 4807 782 4881 babere
801 4810 964 4881 ardentes
987 4821 1104 4879 motus
1155 4810 1240 4879 dum
1258 4802 1386 4879 sithoc
1411 4810 1540 4900 capite,
1574 4810 1657 4902 quia
1682 4813 1811 4884 multas
1832 4813 1936 4884 falsas
1961 4827 1998 4887 et
2021 4836 2136 4887 urna

120 4920 279 5005 timoris,
301 4918 395 4999 bdei,
421 4912 620 4984 dilectionis
638 4908 715 4982 Dei.
755 4909 853 4997 ltem,
877 4912 916 4980 in
938 4911 1103 4983 alllictio·
1154 4911 1205 4981 les
1219 4910 1405 5002 opiniones
1420 4912 1547 4982 refutat
1560 4914 1605 4981 de
1621 4928 1760 5004 peccato
1776 4927 1811 4984 et
1827 4916 1871 4984 de
1889 4916 1978 5007 lege,

120 5026 227 5094 nibus
243 5032 414 5110 repugnat
435 5028 560 5084 natura
583 5011 758 5082 voluntati
773 5009 859 5095 Dei,
882 5013 979 5106 cupit
999 5036 1105 5084 excu·
1255 5010 1439 5082 Praeterea
1456 5007 1515 5081 bic
1529 5008 1820 5103 reprehendenda
1834 5029 1885 5088 est
1907 5018 1995 5090 falsa
2019 5018 2133 5111 imagi·

122 5140 196 5196 tere
216 5121 449 5199 alllictiones,
485 5128 519 5185 et
543 5113 680 5206 quaerit
701 5113 875 5202 praesidia
896 5113 1105 5207 corporalia.
1154 5113 1261 5185 natio.
1278 5113 1446 5199 illorum,
1468 5116 1530 5207 qui
1546 5117 1684 5204 fingunt
1698 5115 1849 5189 Paulum
1864 5141 2044 5193 assumere
2056 5123 2132 5193 alie·

122 5222 317 5296 Incurrunt
332 5222 370 5290 in
392 5223 551 5290 animum
575 5236 677 5305 saepe
699 5213 936 5285 dubitationes
957 5219 1001 5286 de
1017 5213 1105 5292 Deo,
1156 5239 1239 5286 narn
1256 5237 1442 5307 personam
1459 5215 1561 5309 impii
1587 5217 1625 5286 in
1646 5213 1713 5287 boc
1734 5218 1832 5304 loro,
1865 5233 1900 5292 et
1922 5238 2055 5314 negant
2074 5221 2133 5295 boe

124 5324 235 5397 'rates
250 5325 435 5396 interiores
448 5330 565 5389 motus
583 5314 753 5407 signifieat
768 5312 920 5402 Paulus,
942 5340 1022 5389 curn
1045 5318 1105 5387 in.
1158 5333 1355 5407 testamen,
1390 5320 1487 5412 quod
1517 5312 1577 5390 hic
1608 5319 1838 5402 describitur,
1883 5327 2075 5399 convenire
2100 5325 2132 5394 in

1302 695 1393 773 Non
1410 695 1513 799 quod
1524 697 1607 771 volo
1622 696 1777 786 bonum,
1804 697 1981 802 idsact'o.
2003 660 2007 665 ³
