4522 5782
109 134 208 228 taos
627 176 644 221 2
694 120 1590 226 aurnumscauratmoanou.
1655 132 1697 181 *τ
1816 132 1915 203 su·
2049 74 2180 220 ιωιΙ

113 337 184 409 est,
202 296 304 413 urget
318 332 352 391 et
368 317 499 411 premit
515 317 637 388 iustos
662 310 710 386 Et
727 298 828 386 addit
843 317 1002 409 exempla
1018 341 1106 409 pcr-
1161 302 1604 392 babebrtlleusmsontem
1621 335 1810 403 comete
1846 319 1959 403 ltem,
1984 317 2144 395 Ebetto

113 427 263 506 tinentia
289 423 432 543 proprie
455 420 498 489 ad
518 421 628 507 legem
646 419 836 490 moralem:
864 421 915 491 ait
937 443 1011 491 esse
1042 443 1107 511 po-
1157 416 1376 491 Scortatorcs
1406 435 1441 492 et
1469 423 1649 494 adulteros
1679 423 1854 495 iudicabit
1886 421 2000 494 Deus.
2052 421 2140 519 lun,

115 531 218 600 sitam
240 528 412 643 periuris,
448 518 637 591 homicidis
661 536 695 590 et
722 523 989 592 scortatoribus.
1157 519 1327 597 Proverb.
1348 525 1421 594 ta:
1447 523 1600 595 Labium
1621 528 1772 596 mendax
1789 523 2140 597 abominabttnrllr·

205 629 273 699 Hic
291 629 445 718 primum
462 626 506 694 sit
528 625 631 691 infixa
649 625 828 696 mentibus
844 649 926 693 vera
944 625 1106 695 doctrina
1158 624 1289 698 minus.
1341 625 1415 696 llas
1438 625 1576 715 regulas
1601 651 1700 697 veras
1717 651 1790 698 esse
1812 641 1847 699 et
1870 629 2040 698 ordinem
2061 627 2140 695 divi-

119 727 491 805 contraAntinomos,
526 726 636 811 legem
653 726 823 793 moralem
839 749 1004 797 nonesse
1027 750 1107 795 mu·
1159 748 1269 810 num,
1311 752 1415 818 quem
1437 725 1534 798 Deus
1557 730 1763 823 exequitur,
1812 729 2029 849 quotidiana
2053 752 2142 819 expe·

117 836 262 907 tabilem
284 843 344 900 aut
363 830 528 910 otiosam,
555 827 644 896 sicut
663 828 718 895 lex
735 826 908 916 Spartana
934 831 978 898 de
1002 853 1108 897 num-
1159 829 1287 899 rientia
1311 830 1479 900 ostendit.

120 962 179 1005 mo
208 937 342 1018 ferreo,
390 944 451 1000 aut
480 931 532 998 lex
565 926 736 997 Thebana
762 931 806 996 de
830 931 1081 1000 collocandis
1071 953 1109 996 m
1262 929 1402 1000 Tertio:
1433 931 1518 1002 Vult
1534 932 1634 1003 Deus
1657 933 1816 1022 singulos
1833 944 1867 1004 et
1882 934 2043 1005 altorum
2065 933 2143 1003 vitae

121 1033 314 1130 cophinum
344 1033 517 1103 obaeratis
545 1056 616 1099 non
652 1031 895 1102 solventibus:
939 1035 999 1103 sed
1036 1055 1109 1100 esse
1161 1055 1324 1122 parcere,
1352 1056 1424 1103 non
1441 1058 1534 1105 emm
1552 1035 1809 1106 nobistantum
1828 1037 2069 1120 natisumus,
2090 1034 2142 1104 scd

121 1154 300 1211 aeternam
327 1151 359 1205 et
387 1134 643 1203 immutabilem
678 1133 886 1221 sapientiam
923 1137 960 1203 in
994 1147 1111 1204 mente
1161 1135 1360 1204 communis
1376 1136 1539 1224 cognatio
1556 1151 1607 1206 est
1624 1138 1803 1226 ingruere
1821 1133 2006 1222 humano,
2033 1137 2144 1207 elsin-

122 1243 265 1330 divina,
308 1239 408 1308 cuius
433 1236 560 1304 noticia
586 1248 765 1304 creaturae
789 1237 954 1307 rationali
982 1237 1109 1309 tradita
1160 1236 1234 1324 guli
1254 1260 1480 1307 communem
1497 1240 1696 1310 societatem
1714 1242 1837 1309 fovere
1851 1243 2008 1324 debent,
2028 1255 2061 1308 et
2076 1262 2144 1307 exc·

123 1358 191 1429 est,
217 1357 255 1412 ut
272 1341 422 1410 sciamus
440 1360 513 1406 esse
529 1334 661 1421 Deum,
688 1350 723 1406 ct
744 1339 859 1428 qualis
874 1341 938 1425 sit,
966 1356 998 1409 et
1014 1338 1109 1431 quod
1161 1340 1290 1406 cranda
1315 1354 1367 1410 est
1388 1341 1448 1407 illa
1474 1364 1540 1408 vox
1558 1339 1666 1424 Cain,
1694 1340 1786 1415 Gen.
1802 1342 1857 1416 4.;
1892 1343 2068 1435 Nunquid
2090 1365 2142 1428 ego

123 1448 168 1516 sit
184 1446 332 1526 vindex,
359 1455 392 1511 et
410 1441 504 1535 quod
522 1462 659 1529 semper
673 1462 738 1507 nos
751 1438 896 1531 obliget.
940 1441 1113 1525 Primum,
1162 1457 1278 1509 custos
1294 1465 1371 1509 sum
1389 1442 1506 1510 fratris
1522 1444 1615 1510 mei?
1664 1442 1845 1512 Frenandi
1861 1460 1946 1514 sunt
1964 1445 2074 1534 igitur
2087 1443 2143 1511 irn-

123 1548 163 1618 ‘ut
187 1551 483 1634 obtemperemus.
1162 1555 1282 1631 petus,
1309 1544 1346 1610 in
1364 1544 1530 1632 singulis,
1557 1559 1597 1615 ut
1612 1546 1673 1612 alii
1691 1548 1809 1615 vivere
1833 1546 1993 1637 possint,
2020 1570 2064 1614 ne
2079 1545 2140 1613 dis·

225 1647 409 1725 Secundo,
437 1645 465 1713 si
485 1666 556 1711 non
573 1643 876 1733 obtemperemus,
900 1658 940 1715 ut
955 1641 1112 1714 horribi-
1163 1643 1297 1732 sipetur
1317 1646 1572 1728 societas,‚nec
1590 1648 1781 1717 turbentur
1805 1650 1970 1719 educatio
1998 1662 2032 1717 et
2054 1646 2143 1715 insti·

122 1750 204 1823 liter
237 1746 324 1819 haec
358 1760 484 1817 natura
520 1756 709 1813 contumax
743 1747 957 1821 destruatur.
1017 1746 1112 1836 Quia
1163 1746 1265 1815 tutin.
1319 1744 1394 1814 Hae
1413 1762 1481 1817 tres
1495 1771 1619 1817 causae
1635 1750 1738 1819 lacile
1753 1751 1907 1838 intelligi
1922 1765 2082 1839 possunt.

123 1852 221 1924 Deus
256 1853 325 1919 iam
362 1863 505 1939 propter
539 1841 625 1914 haec
651 1846 834 1928 irascitur,
868 1849 958 1920 sicut
984 1851 1113 1920 usitate
1266 1845 1401 1936 Quarta
1417 1873 1519 1918 causa
1538 1864 1609 1935 est,
1637 1849 2143 1944 dequaPaulusloquiturad

125 1955 273 2025 dicitur:
302 1947 433 2020 Omnis
448 1951 504 2019 lex
520 1948 651 2035 obligat
670 1949 723 2017 vel
740 1951 783 2018 ad
801 1951 1040 2020 obedientiam
1057 1951 1111 2020 vel
1166 1945 1312 2018 Galatas
1331 1951 1365 2024 8.
1384 1952 1512 2042 capite:
1539 1950 1611 2021 Lex
1631 1969 1682 2023 est
1701 1954 1924 2043 paedagogus
1944 1954 1986 2021 in
2002 1948 2142 2030 Christo,

124 2060 168 2127 ad
188 2077 348 2147 poenam.
376 2049 421 2124 ΕΙ
438 2047 531 2121 hane
545 2050 796 2139 obligationem
817 2051 902 2140 legis
918 2055 1021 2123 valde
1034 2077 1114 2142 per·
1164 2051 1200 2118 id
1224 2066 1292 2133 est,
1326 2076 1400 2122 non
1424 2067 1570 2143 possunt
1591 2056 1711 2123 doceri
1738 2049 1924 2133 homines,
1967 2054 2036 2125 nbi
2057 2051 2142 2123 nulla

125 2159 245 2251 spicue
268 2155 442 2227 intellexit
463 2150 599 2236 Adam,
636 2177 715 2221 cnm
742 2166 821 2242 post
844 2155 980 2245 lapsum
1005 2156 1114 2227 sensit
1164 2165 1216 2222 est
1232 2153 1439 2242 disciplina,
1474 2152 1562 2225 ltem
1579 2156 1748 2226 beneficia
1765 2156 1830 2225 lilii
1846 2155 1915 2226 Dei
1932 2180 2010 2226 uon
2026 2154 2142 2224 intelli·

125 2263 215 2330 iram
240 2257 326 2348 Dei,
362 2270 395 2328 et
412 2254 582 2326 iudicavit
600 2277 636 2322 se
653 2255 745 2323 iusto
770 2254 902 2326 iudicio
919 2255 985 2329 Dei
1012 2257 1113 2349 peni·
1164 2268 1297 2342 guntur
1313 2256 1388 2324 sine
1407 2256 1586 2345 agnitione
1604 2259 1752 2347 peccati,
1779 2256 1866 2328 ltem
1886 2258 2142 2347 nonaccipiuu·

126 2379 184 2433 tus
199 2361 389 2430 delendum
407 2381 492 2440 esse,
505 2380 569 2424 nec
584 2369 830 2443 argumentum
848 2355 914 2427 hoc
930 2361 1002 2428 ulla
1017 2383 1114 2427 crea·
1151 2357 1240 2437 tur,
1259 2359 1371 2426 donec
1388 2353 1550 2428 homines
1566 2375 1787 2450 perseverant
1806 2363 1843 2428 in
1861 2360 2058 2430 sceleribus
2070 2381 2143 2428 tan·

124 2478 204 2534 tura
230 2463 367 2531 solvere
397 2471 554 2551 poterat,
597 2460 656 2525 sed
681 2459 872 2530 intervenit
903 2463 996 2530 filins
1028 2458 1115 2546 Ilei,
1163 2472 1216 2527 tra
1240 2459 1500 2534 conscientiam.
2088 2446 2098 2458 ⁸

127 2564 244 2659 quiet
268 2563 505 2633 obedientiam
530 2560 723 2649 praestitit,
755 2574 788 2627 et
806 2586 957 2651 poenam
977 2563 1015 2632 in
1041 2585 1114 2631 sese
1266 2558 1343 2629 Hae
1371 2584 1493 2631 causae
1517 2586 1639 2632 omnes
1665 2563 1708 2631 ad
1733 2563 1957 2652 diligentiam
1985 2562 2141 2654 regendae

127 2665 321 2744 derivavit,
348 2688 392 2733 ne
409 2665 464 2733 lex
480 2676 567 2733 esset
584 2663 701 2746 irrita,
730 2675 764 2730 et
789 2674 907 2733 tamen
929 2688 1114 2734 servaren-
1164 2661 1371 2753 disciplinae
1398 2660 1603 2748 hortentur,
1644 2689 1751 2756 quam
1777 2665 1923 2756 quidem
1946 2689 2068 2755 regere
2088 2663 2141 2731 ali·

128 2783 188 2839 tur
207 2762 382 2840 homines.
1165 2788 1236 2855 quo
1251 2768 1359 2835 modo
1381 2767 1550 2856 possibile
1570 2782 1620 2836 est
1639 2761 1776 2836 homini
1797 2767 1904 2835 etiam
1923 2791 2002 2836 non
2020 2779 2139 2838 renato:

228 2867 325 2938 llaec
348 2866 549 2956 saepissime
573 2866 757 2954 cogitanda
788 2880 890 2950 sunt,
928 2879 969 2937 ut
993 2867 1114 2960 aliquo
1138 2900 1142 3001 Ι
1166 2866 1248 2956 quia
1267 2867 1361 2936 Dens
1377 2868 1454 2939 vult
1476 2869 1647 2960 reliquam
1666 2892 1738 2937 esse
1759 2869 1964 2940 libertatern
1993 2871 2137 2938 volonn-

127 2972 234 3041 modo
269 2970 442 3039 discamus
473 2992 529 3036 res
555 2991 627 3036 esse
659 2969 852 3052 maximas,
893 2969 1003 3058 legem
1030 2967 1117 3055 Dei,
1165 2969 1210 3036 tis
1227 2970 1263 3036 in
1280 2963 1425 3038 homine
1441 2973 1485 3038 ad
1507 2973 1694 3059 regendam
1714 2971 1982 3041 locomotivam.

128 3087 331 3165 peccatum,
359 3074 445 3140 iram
465 3068 553 3153 Dei,
582 3071 743 3138 ordinem
763 3071 993 3139 certissimum
1012 3071 1114 3140 iusti·
1268 3067 1332 3141 En
1346 3086 1462 3141 autem
1479 3072 1666 3160 disciplina
1682 3073 1896 3161 gubernatio
1909 3070 2137 3150 locomouue,

128 3177 203 3244 ciae
238 3175 299 3243 [lei
329 3173 517 3261 irrogantis
554 3197 716 3262 poenam.
771 3171 924 3264 ldeoque
957 3175 1113 3261 exempla
1165 3173 1303 3241 etiamsi
1326 3175 1431 3243 corda
1454 3188 1536 3245 sunt
1562 3175 1765 3258 immunda,
1809 3187 1849 3243 ut
1875 3177 1976 3267 quod
2001 3169 2138 3244 Achilles

128 3278 334 3370 quotidiana
358 3277 395 3343 in
422 3288 586 3364 promptu
607 3288 709 3358 sunt,
747 3295 859 3354 naurs,
893 3288 927 3343 et
943 3276 1033 3343 aliae
1057 3276 1114 3343 in·
1165 3276 1369 3344 admonitus
1392 3300 1410 3344 a
1433 3277 1568 3344 ratione
1593 3273 1740 3346 retrahit
1764 3300 1933 3356 manum,
1974 3301 2021 3344 ne
2044 3276 2136 3345 inter·

129 3392 249 3468 gentes
281 3378 493 3446 calamitates
526 3372 733 3454 hominurn,
778 3376 911 3458 morbi,
951 3377 1114 3467 dolores,
1165 3374 2136 3466 ficiatAgamemnouem,gubernatioestlocomotivac,

129 3484 274 3554 caedes,
326 3479 549 3547 vastationes.
619 3475 694 3543 Hae
722 3500 925 3545 communes
953 3477 1113 3546 miseriae
1165 3479 1302 3547 etiamsi
1325 3504 1385 3548 cor
1406 3483 1504 3548 ardet
1528 3480 1663 3568 ingenti
1685 3481 1864 3552 incendio.

130 3595 211 3651 sunt
230 3579 372 3649 effectus
390 3578 543 3647 ordinati
561 3577 662 3667 legis,
690 3590 724 3646 ct
743 3579 941 3646 testimonia
959 3580 1032 3647 irae
1048 3578 1114 3649 Dei
1265 3578 1447 3658 Praeterea
1471 3582 1652 3649 sciendum
1676 3595 1744 3658 est,
1771 3581 1910 3649 etiamsi
1929 3581 2134 3672 disciplinata

129 3686 298 3754 adversus
319 3694 478 3771 peccata,
510 3680 597 3747 sicut
618 3680 748 3768 dicitur
765 3679 902 3747 Psalmo
917 3681 995 3750 88.;
1025 3680 1113 3751 Pro·
1164 3683 1334 3775 praecipit
1355 3697 1387 3750 et
1406 3683 1537 3771 llagitat
1555 3680 1668 3768 Deus,
1693 3697 1726 3752 et
1745 3677 1973 3753 horribiliter
1989 3682 2131 3753 violatia·

129 3797 209 3875 pter
232 3783 436 3876 iniquitates
458 3781 606 3870 corripis
620 3776 814 3850 hominem.
866 3779 912 3851 Et
929 3783 1030 3852 valde
1047 3788 1112 3854 do·
1165 3809 1245 3853 nem
1268 3785 1476 3872 disciplinae
1501 3785 1622 3874 punit,
1664 3799 1780 3854 tamen
1804 3785 1996 3874 disciplina
2021 3803 2133 3876 nequa·

129 3889 276 3955 lendum
295 3897 363 3969 est,
390 3879 550 3952 homines
568 3907 707 3952 securos
732 3907 833 3952 ruere
857 3884 893 3951 in
918 3887 1014 3955 varia
1038 3910 1113 3956 sce·
1164 3911 1269 3979 quam
1294 3901 1449 3955 meretur
1472 3887 1711 3957 remissionem
1734 3902 1980 3976 peccatorum,
2015 3910 2076 3955 nec
2095 3893 2133 3951 est

130 3989 224 4073 lera,
252 3988 352 4079 quasi
374 3987 430 4055 lex
452 3985 518 4056 llei
541 3987 584 4054 sit
612 3986 729 4052 inanis
752 3986 898 4075 picturas
1166 3988 1302 4056 iusticia
1331 4012 1448 4056 coram
1474 3986 1568 4067 Deo,
1610 4013 1678 4080 qua
1704 3982 1869 4057 homines
1893 3990 1997 4073 iusti,
2030 3990 2063 4056 id
2084 3997 2131 4066 est,

232 4088 392 4160 Sciamus
413 4089 521 4177 igitur
543 4089 723 4156 veritatem
747 4085 813 4155 Dei
837 4111 926 4171 esse,
952 4103 984 4158 et
1009 4113 1111 4159 usum
1165 4091 1243 4160 Deo
1268 4090 1397 4179 accepti
1424 4091 1511 4159 sint:
1553 4092 1611 4158 sed
1635 4090 1719 4180 tegit
1743 4114 1826 4171 nos,
1867 4091 1959 4160 sicut
1986 4084 2129 4160 foliofid

37 4185 44 4195 ’
128 4192 207 4261 ¹eius
221 4205 313 4260 recte
329 4190 581 4278 intelligamus.
635 4188 728 4258 Sunt
748 4202 863 4257 autem
887 4212 970 4259 usus
985 4193 1112 4260 adver·
1166 4189 1280 4261 Adam
1305 4204 1339 4260 et
1359 4188 1433 4260 Eva
1458 4215 1556 4260 suam
1585 4192 1848 4261 immunditiem
1873 4208 1908 4260 et
1935 4187 2129 4261 horrendam

129 4316 188 4361 sus
217 4316 291 4361 non
316 4305 457 4360 renatos
480 4293 551 4359 dvro
582 4291 848 4374 universaliter,
888 4288 1059 4360 Coercere
1079 4307 1112 4363 et
1164 4293 1500 4364 contaminationem
1521 4296 1693 4382 tegebant,
1721 4294 1755 4363 id
1774 4308 1846 4373 est,
1874 4289 1940 4364 Est
1958 4296 2128 4387 qualecun-

129 4391 273 4462 Punice.
326 4389 486 4462 Docendi
504 4408 586 4463 sunt
608 4394 716 4482 igitur
735 4395 839 4461 etiarn
856 4416 928 4460 non
944 4396 1058 4466 renati
1076 4420 1112 4464 se
1164 4420 1232 4489 que
1269 4394 1429 4481 frenum,
1470 4398 1565 4487 quod
1601 4396 1691 4466 vitae
1725 4410 1760 4465 et
1796 4396 1960 4466 societati
1994 4414 2128 4465 necesst-

128 4494 287 4563 inclusos
311 4519 382 4564 esse
404 4519 540 4565 carcere
565 4497 667 4585 legis,
708 4508 741 4564 et
762 4494 984 4584 disciplinam
1010 4521 1111 4588 prae·
1163 4499 1256 4568 rium
1285 4512 1347 4570 cst.

127 4598 289 4668 standam
311 4618 384 4667 esse
408 4613 552 4688 propter
574 4593 659 4666 haec
684 4609 846 4689 quatuor.
1264 4598 1474 4668 Memineris
1493 4598 1597 4667 etiam
1616 4591 1683 4667 hoc
1700 4597 1811 4669 dicto:
1837 4596 1912 4668 Lex
1933 4614 1984 4670 est
2009 4592 2125 4668 iniustis

31 4786 36 4793 ι
228 4696 406 4767 Primum:
442 4698 536 4786 Quia
556 4697 648 4768 Deus
666 4724 740 4767 eam
762 4698 949 4787 praecipit,
983 4714 1017 4770 et
1034 4725 1110 4769 om·
1163 4701 1293 4793 posita,
1321 4700 1509 4792 approbari
1530 4714 1642 4771 totum
1663 4701 1826 4770 ordinem
1846 4701 2051 4791 politicum,
2073 4699 2124 4765 im·

81 4857 86 4864 .
124 4825 188 4873 nes
210 4813 390 4871 creaturae
405 4796 480 4868 Deo
502 4801 741 4871 obedientiam
763 4801 903 4871 debent.
1163 4803 1278 4894 peria,
1320 4803 1550 4891 coniugium,
1591 4801 1853 4872 distinctionem
1896 4804 2124 4876 dominiorum,

226 4903 409 4974 Secundo:
455 4899 503 4972 Ut
535 4904 649 4974 vitent
684 4926 814 4993 poenas
847 4917 1043 4993 praesentes
1076 4919 1111 4975 et
1163 4918 1384 4989 contractus,
1422 4904 1571 4988 iudicia,
1612 4927 1763 4993 poenas:
1801 4905 1887 4996 quia
1915 4908 2016 4975 nervi
2039 4900 2120 4973 huius
2159 4956 2164 4969 .

127 5019 311 5088 aeternas,
352 5002 437 5097 quia
459 5026 682 5098 nequaquam
714 5005 863 5074 dubium
895 5017 945 5073 est
977 5007 1109 5075 atrocia
1161 5008 1297 5076 ordinis
1340 5005 1581 5096 propriissime
1616 5020 1698 5075 suut
1740 5020 1926 5098 praecepta
1967 4997 2119 5088 Decalogl.

125 5108 253 5175 scelera
270 5108 308 5174 in
327 5101 392 5175 hac
408 5107 479 5176 vita
497 5120 628 5175 atroces
649 5131 780 5196 poenas
804 5108 984 5184 comitari,
1010 5108 1106 5176 iuxta
1158 5105 1247 5177 Cum
1269 5121 1385 5177 autem
1406 5106 1601 5194 Decalogus
1618 5108 1799 5177 verissime
1815 5111 1860 5178 sit
1881 5100 2119 5198 sapientialtei,

115 5205 185 5294 ,itta
209 5209 318 5278 dieta:
362 5205 455 5278 Gen.
479 5211 532 5291 6.,
566 5204 694 5278 Mattb.
718 5208 795 5280 26.:
839 5205 910 5295 Qui
935 5211 1106 5298 acceperit
1158 5210 1381 5280 manifestum
1407 5224 1457 5279 est
1483 5222 1516 5278 et
1539 5204 1634 5278 hum
1663 5211 1828 5281 ordinem
1861 5213 2041 5304 politicum
2069 5224 2117 5275 ⁸¹1⁰

121 5308 296 5393 gladium,
324 5311 441 5399 gladio
459 5310 598 5400 peribit·
652 5309 759 5393 Item,
789 5305 900 5383 Exod.
917 5311 997 5383 20.:
1025 5310 1104 5381 Non
1155 5335 1281 5400 genere
1306 5337 1379 5382 rcm
1401 5313 1532 5383 bonam
1558 5335 1641 5383 esse.
