4522 5782
54 178 57 185 ’
183 205 260 281 ras·
494 208 596 275 :aa
648 178 1628 277 ezrtttnaranamrmfflfflc,
1726 204 1732 213 -
2144 186 2220 269 ω

110 370 115 385 ’
185 381 321 450 hirtum
343 371 384 444 bt
406 379 528 443 eontra
556 316 687 454 legem,
720 360 802 432 ideo
841 374 1022 453 peecatum
1053 375 1106 435 est
1144 374 1180 441 et
1227 364 1452 439 coniecturae
1471 363 1519 435 ab
1540 361 1729 454 operibus,
1761 374 1883 434 utrum
1905 361 2019 434 simas
2041 308 2083 433 ia
2098 362 2219 451 prada,

189 492 313 551 eontra
338 470 611 552 conscientiam,
645 465 683 535 in
701 488 770 551 eo,
798 465 862 557 qui
893 462 1006 543 sciens
1027 465 1179 538 furatur.
1227 482 1405 542 ettamen
1428 479 1591 537 asserunt
1612 464 1825 551 adversarii,
1859 467 1959 559 quod
1980 465 2029 539 sit
2048 464 2217 536 dubitan-

188 581 287 653 Haec
301 573 545 668 interpretatio
561 593 643 639 vera
662 579 696 637 et
711 566 905 636 necessaria
930 579 996 636 est.
1031 566 1181 640 Necesse
1228 574 1333 655 dum,
1359 584 1395 642 et
1409 570 1505 661 quod
1528 568 1705 640 dubitatio
1723 590 1798 637 non
1815 568 2072 659 aitpeccatum.
2122 563 2215 640 ilaec

154 734 157 738 -
191 700 241 755 est
266 680 425 752 enimin
450 675 632 769 operando
663 671 817 762 primum
842 669 1025 739 consulere
1055 671 1181 760 legem,
1229 688 1303 747 tota
1320 671 1526 760 imaginatio
1542 685 1677 762 pugnat
1691 693 1774 741 cum
1789 670 2113 741 doctrinadeiide.

170 765 232 859 ‘ut
255 784 425 866 sciamus,
451 801 541 873 quae
557 797 664 867 opera
681 770 778 844 Deua
794 765 983 863 prohibeat
1003 786 1064 842 aut
1079 795 1181 865 prae·
1332 771 1446 861 Porro
1468 796 1543 842 non
1560 795 1727 864 negamus
1744 768 1891 842 haerere
1906 773 1944 840 in
1961 771 2094 842 animia
2115 784 2212 842 natu·

191 888 319 980 cipiet,
354 898 388 954 et
410 904 517 972 opera
547 888 672 951 contra
703 874 817 965 legem
837 870 911 944 Dei
934 894 1009 945 esse
1030 887 1181 967 peccata,
1230 875 1340 946 ralem
1356 875 1634 956 dubitationem,
1655 887 1689 945 et
1704 873 2081 967 diffidentiam,quam
2097 895 2213 944 omnes

191 972 268 1062 nhn
285 987 435 1059 dubium
455 995 518 1054 est.
1230 978 1471 1070 experiuntur.
1543 977 1613 1050 Sed
1652 977 1745 1049 illud
1783 977 1969 1048 sciendum
2008 990 2081 1061 eat,
2129 970 2212 1045 hanc

295 1087 365 1162 Sed
382 1111 460 1158 curn
478 1081 610 1154 Paulus
627 1076 788 1149 nominat
802 1076 926 1164 tidem,
950 1101 1025 1148 non
1041 1089 1181 1148 tantum
1230 1079 1343 1172 ipsam
1359 1080 1617 1151 dubitationem
1631 1092 1667 1150 et
1681 1079 1918 1150 diffidentiam
1933 1101 2008 1149 ease
2023 1091 2211 1169 peecatum,

192 1192 344 1287 requirit
357 1190 487 1280 legem,
507 1199 568 1256 aut
591 1180 761 1252 noticiam
789 1174 1015 1265 historicam,
1039 1182 1099 1249 sed
1120 1204 1182 1248 ve-
1229 1195 1265 1267 et
1282 1183 1370 1253 oriri
1394 1206 1436 1252 ex
1457 1183 1612 1253 naturali
1633 1183 1817 1269 caecitate,
1841 1204 1933 1274 quae
1950 1181 2211 1273 repudiatpra·
2250 1164 2253 1215 ¹

192 1320 270 1368 ram
294 1294 416 1374 iidem,
447 1313 487 1358 ac
509 1289 612 1357 docet
633 1306 740 1375 opera
755 1283 921 1352 mandata
943 1295 1003 1352 aut
1017 1303 1179 1351 concessa
1229 1283 1434 1355 missionem
1455 1281 1652 1375 Evangelii.
1711 1279 1789 1354 Etsi
1815 1283 1926 1373 igitur
1941 1277 2066 1354 haeret
2087 1282 2211 1353 inani·
2250 1228 2253 1361 i

192 1399 327 1479 aDeo‚
353 1393 513 1462 facienda
530 1411 602 1458 esse
619 1387 656 1455 in
672 1386 758 1465 fide,
778 1385 814 1454 id
830 1399 992 1470 est,cum
1007 1378 1074 1453 hac
1089 1383 1180 1454 fidu·
1229 1387 1297 1457 mis
1311 1388 1371 1457 illa
1387 1387 1719 1473 dubitatio,tamen
1732 1387 1869 1478 opponi
1883 1387 2015 1456 debent
2031 1382 2120 1456 haec
2133 1386 2211 1469 dno,
2251 1376 2253 1469 ζ

193 1502 247 1571 cia
258 1553 273 1584 „
283 1497 379 1590 quod
395 1494 489 1565 Deus
506 1504 651 1584 propter
666 1485 898 1558 mediatorem
913 1480 1096 1556 Christum
1114 1509 1180 1557 no·
1229 1490 1361 1562 scilicet
1375 1488 1563 1581 promissio
1580 1488 1793 1577 evangelica,
1813 1503 1851 1559 et
1865 1489 2098 1579 mandatum,
2120 1488 2211 1581 qnod

189 1604 247 1677 bis
267 1601 313 1671 ait
337 1596 533 1689 propicius,
559 1605 593 1662 et
618 1590 714 1684 quod
736 1603 882 1680 propter
901 1587 1004 1658 illum
1035 1587 1179 1681 pontili-
1229 1591 1419 1685 praecipit,
1444 1605 1484 1663 ut
1507 1593 1691 1662 credamus
1715 1590 1771 1659 illi
1794 1590 2037 1681 promissioni.
2094 1586 2211 1681 Rapa·
2251 1586 2253 1669 f

191 1729 266 1776 cem
283 1713 405 1771 nostra
423 1719 529 1788 opera
553 1694 723 1785 placeant.
777 1689 898 1780 Quare
921 1690 1056 1762 dictum
1077 1686 1180 1761 Pauli
1228 1694 1411 1784 gnandum
1432 1708 1486 1766 est
1508 1695 1617 1784 igitur
1638 1692 1875 1777 dubitationi,
1900 1707 1936 1762 et
1956 1692 2137 1764 vincenda
2148 1691 2212 1763 tit·
2251 1738 2253 1745 ·

189 1831 266 1878 non
288 1817 424 1874 tantum
448 1801 492 1868 ad
517 1798 647 1886 legem,
672 1796 731 1863 sed
757 1794 863 1863 etiam
885 1794 929 1862 ad
944 1787 1179 1883 Evangelium
1228 1797 1393 1882 fidentia,
1423 1819 1464 1866 ac
1493 1798 1738 1875 statuendum,
1770 1797 1866 1887 quod
1890 1790 1987 1864 Deus
2010 1818 2096 1866 vere
2117 1794 2211 1884 igno·

190 1902 451 1981 accommodari
471 1921 609 1969 necesse
625 1911 685 1966 est.
1227 1911 1301 1971 arat
1322 1899 1566 1981 credentibus,
1598 1921 1728 1991 rosque
1755 1920 1836 1966 vere
1862 1896 2032 1988 recipiat,
2062 1908 2161 1993 curet
2181 1909 2212 1967 et

294 2008 363 2079 Sed
392 2016 538 2097 quaerat
573 1998 718 2092 aliquis:
753 1994 945 2085 Quomodo
986 2008 1180 2067 statuamus
1228 2001 1406 2075 eraudiat.
1479 1999 1527 2074 Et
1562 1994 1656 2071 hanc
1693 2000 1799 2069 tidem
1830 2001 1941 2070 verbo
1972 1998 2069 2069 ellici
2097 2011 2132 2070 rt
2165 1997 2211 2070 ali

190 2111 267 2183 Deo
286 2111 421 2201 placere
439 2128 505 2175 nos
519 2115 581 2173 aut
597 2106 704 2192 opera
718 2114 858 2184 nostra,
874 2099 1079 2192 praesertim
1097 2123 1179 2169 cum
1229 2104 1395 2176 sciamus.

190 2212 478 2287 contaminentur
526 2203 689 2291 contagio
726 2201 1055 2292 concupiscentiae?
1105 2198 1180 2273 Re·
1330 2203 1404 2276 Nec
1426 2205 1542 2276 solum
1557 2201 1747 2298 promissio
1768 2202 1938 2297 requirit,
1961 2214 2003 2273 ut
2026 2203 2211 2287 credamus,
2251 2260 2253 2299 Ι

189 2317 365 2407 spondeo:
393 2308 518 2382 Securi
540 2307 602 2400 qui
624 2306 701 2372 sine
725 2303 944 2395 poenitentia
966 2316 1071 2389 aunt,
1104 2327 1180 2374 non
1228 2306 1290 2379 ted
1320 2309 1425 2379 etiam
1455 2322 1679 2400 praeceptum
1721 2307 1883 2377 additum
1909 2318 1961 2377 est
1983 2304 2210 2389 immutabile,
2251 2308 2253 2379 i

190 2417 397 2503 intelligunt
420 2406 514 2480 hanc
538 2408 735 2479 doctrinam
758 2408 801 2474 de
827 2405 913 2490 lide,
946 2405 1006 2474 sed
1030 2405 1179 2477 inseris
1229 2412 1325 2503 quod
1341 2409 1560 2481 severissime
1578 2411 1743 2491 mandat,
1767 2422 1808 2479 nt
1824 2410 2030 2493 credamus,
2055 2415 2209 2479 verene·
2249 2382 2253 2487 i

190 2516 445 2603 afflictionibus
467 2510 640 2581 illucescit
664 2507 823 2587 animus,
858 2531 938 2578 cum
962 2508 1116 2597 cogitant
1142 2531 1180 2578 se
1228 2513 1285 2583 bis
1307 2512 1512 2602 contingere
1536 2525 1680 2604 propter
1700 2512 1814 2579 lilium
1836 2507 1924 2595 Dei,
1959 2533 1998 2579 ea
2019 2533 2115 2603 qnae
2135 2534 2208 2604 pro·
2249 2504 2253 2587 l

190 2645 265 2692 non
289 2615 447 2690 exaudiri
474 2611 607 2696 aDeo,
631 2610 847 2682 scabiectos
869 2632 961 2690 esse,
988 2609 1180 2681 etnullum
1229 2614 1334 2684 missa
1365 2626 1461 2685 sunt.
1511 2610 1944 2686 Sicutdicitur1.loan.
1969 2611 2026 2681 dc
2063 2610 2144 2683 Hoc
2164 2624 2209 2683 eat

189 2727 266 2795 lore
281 2724 387 2790 finem
403 2716 640 2788 calamitatum
660 2720 724 2785 etc.
778 2708 820 2780 lo
841 2712 974 2783 talibus
994 2712 1180 2783 doloribus
1230 2717 1437 2787 mandatum
1459 2715 1552 2797 eius,
1579 2731 1619 2788 ut
1634 2717 1818 2785 credamus
1833 2715 1870 2783 in
1887 2715 2035 2786 nomine
2048 2715 2116 2784 lilii
2133 2715 2209 2788 eius.

191 2822 352 2916 erigendi
368 2833 451 2892 sunt
468 2817 579 2888 animi
598 2813 687 2898 lide,
712 2827 752 2883 ut
769 2827 962 2901 statuamus
978 2808 1095 2885 Deum
1112 2839 1179 2886 no·
1230 2816 1337 2891 item:
1365 2816 1439 2907 Qui
1456 2843 1530 2888 non
1544 2817 1657 2890 credit
1670 2815 1766 2901 Deo,
1792 2819 1996 2887 mendacem
2020 2817 2109 2889 facit
2127 2840 2209 2901 enm,

190 2929 248 2999 bis
263 2949 345 2995 vere
359 2925 540 3016 ignoscere
555 2933 701 3012 propter
716 2911 919 3002 Christum,
940 2939 1022 2988 vere
1038 2939 1104 2988 noa
1119 2940 1179 2989 ex·
1230 2921 1402 3017 quianon
1419 2921 1532 2991 credit
1553 2922 1594 2991 in
1608 2920 1850 2992 testimonium
1859 2969 1872 3003 ,
1897 2919 1994 3012 quod
2017 2919 2211 2992 testificatus

189 3028 315 3102 audire
338 3040 373 3097 et
395 3047 531 3097 curare.
1230 3036 1283 3094 est
1298 3019 1395 3094 Deus
1410 3025 1454 3093 de
1471 3021 1546 3095 lilio
1562 3047 1639 3094 suo.
1692 3017 1742 3092 Et
1755 3017 1841 3093 Ebc.
1856 3019 1912 3094 h:
1939 3020 2125 3092 Adeamus
2138 3044 2210 3092 cum

291 3128 334 3200 ln
358 3128 419 3199 tali
445 3124 687 3197 consolatione
714 3134 828 3212 potest
850 3120 1021 3211 intelligi,
1049 3121 1111 3216 qui
1134 3121 1180 3195 sit
1229 3125 1358 3196 fiducia
1389 3128 1432 3197 ad
1466 3121 1636 3197 thronum
1669 3125 1814 3213 gratiae.
1873 3121 2154 3208 Hiaroandatis
2180 3136 2210 3197 et

189 3236 297 3316 fides,
324 3256 363 3300 ac
379 3245 465 3300 tnnc
480 3228 566 3296 fides
585 3237 757 3316 repugnat
773 3225 927 3293 naturali
946 3225 1179 3315 dubitationi,
1229 3227 1526 3321 promissionibus
1559 3239 1733 3321 repugnat
1767 3226 1950 3312 doctrina,
1992 3249 2089 3320 qnae
2122 3225 2210 3301 ittlttl
2243 3260 2253 3287 .

134 3414 139 3424 ,
190 3329 614 3407 etvincitdilfidentiam.
668 3325 744 3427 Hac
764 3327 834 3395 fide
858 3327 1013 3416 primum
1030 3349 1179 3416 persona
1230 3331 1403 3403 dubitare.
1523 3328 1533 3347 ⁶
2202 3338 2253 3423 a}

187 3440 305 3532 placet
322 3432 395 3504 Deo
411 3446 554 3524 propter
566 3424 766 3512 Christum,
791 3428 920 3496 deinde
935 3428 1057 3499 statuit
1073 3430 1178 3500 etiam
1332 3429 1454 3520 Quare
1478 3432 1685 3503 luctandum
1713 3444 1766 3502 est
1794 3454 1874 3499 cum
1902 3428 2146 3518 dubitatione,
2179 3442 2211 3502 et
2244 3444 2253 3515 ,1

190 3542 330 3634 placere
344 3539 437 3606 bona
462 3557 568 3624 opera
592 3547 736 3623 propter
762 3529 962 3619 pontificem
984 3524 1178 3618 Christum,
1230 3534 1396 3625 erigenda
1411 3533 1498 3605 fides
1513 3536 1550 3605 in
1566 3535 1665 3606 omni
1681 3533 1918 3606 invocatione,
1947 3531 2211 3605 sirotechem

189 3640 329 3714 tametsi
347 3651 430 3707 sunt
446 3637 649 3725 imperfecta
668 3648 702 3703 et
728 3633 922 3704 immunda.
973 3628 1180 3705 Etnecesse
1231 3636 1418 3728 praecipit:
1453 3635 1613 3709 Postulat
1635 3638 1674 3706 in
1696 3636 1765 3704 fide
1789 3629 1884 3704 nihil
1906 3627 2099 3710 haesitans.
2145 3632 2209 3707 Nee
2250 3660 2253 3711 3

191 3760 243 3814 est
265 3742 385 3813 doceri
413 3736 593 3820 homines,
621 3738 716 3829 quod
749 3733 908 3826 requirat
934 3732 1046 3820 Deus,
1077 3750 1118 3806 ut
1140 3737 1178 3806 io
1231 3739 1371 3832 placent
1398 3736 1475 3810 Deo
1498 3741 1614 3811 cultus
1638 3739 1676 3808 in
1707 3738 1802 3820 illis,
1831 3737 1894 3829 qui
1922 3759 1999 3805 non
2019 3750 2209 3829 repugnent
2250 3732 2253 3793 ἒ

191 3848 261 3915 lide
277 3844 487 3924 serviamus,
504 3863 578 3909 non
596 3839 633 3906 in
650 3838 875 3907 dubitatione
892 3851 1069 3927 perpetua.
1097 3835 1179 3908 Non
1230 3840 1470 3926 dubitationi,
1503 3845 1563 3913 aed
1590 3841 1685 3913 taciti
1707 3840 1803 3930 apud
1819 3861 1856 3907 se
1881 3839 2040 3911 retinent
2052 3838 2209 3926 otffiteo·
2247 3874 2253 3881 ·

192 3950 243 4019 sic
267 3948 441 4034 cogitent,
474 3943 539 4011 etsi
563 3940 680 4011 servio
698 3938 793 4025 Deo,
818 3952 853 4009 et
871 3939 1000 4008 invoco
1023 3963 1103 4011 eum
1127 3954 1179 4010 ta·
1231 3944 1336 4028 tiam,
1362 3945 1458 4035 quod
1481 3967 1555 4015 non
1575 3943 1829 4035 respiciantur,
1862 3942 1957 4034 quod
1984 3941 2060 4011 aiot
2080 3940 2208 4014 abiecti.
2247 3932 2253 3983 ²·

133 4098 136 4105 ι
191 4075 275 4121 men
291 4047 454 4119 dubitare
473 4046 603 4129 debeo,
630 4066 675 4111 an
698 4037 784 4110 haec
806 4040 840 4110 ei
860 4040 1032 4132 placeant.
1083 4038 1181 4114 Haec
1231 4042 1329 4117 Haec
1345 4059 1487 4137 peccata
1501 4069 1689 4136 agnoscere
1703 4044 1899 4127 discamus,
1919 4056 1962 4114 ut
1976 4043 2031 4114 eis
2044 4064 2207 4137 repugna
2248 4080 2253 4087 ·

192 4152 367 4223 dubitatio
389 4148 548 4220 continet
569 4145 681 4214 multa
707 4157 865 4235 peccata,
892 4157 994 4231 negat
1017 4138 1180 4236 Evange-
1232 4169 1331 4229 mus,
1356 4160 1392 4218 et
1407 4171 1488 4219 vera
1506 4147 1670 4219 exercitia
1684 4144 1768 4217 fidei
1792 4146 1995 4219 excitemus.

190 4256 300 4336 lium,
332 4266 437 4340 negat
460 4246 576 4318 Deum
599 4246 777 4321 remittere
807 4259 963 4334 peccata,
997 4239 1091 4315 nihil
1121 4271 1181 4317 ex·
1334 4248 1393 4321 Sic
1423 4272 1504 4340 ergo
1535 4250 1756 4338 intelligatur
1784 4249 1918 4318 dictum
1944 4244 2071 4319 Pauli:
2095 4241 2210 4318 Omne
2250 4262 2253 4315 j

191 4367 307 4447 pectat
330 4350 458 4438 aDeo,
484 4364 519 4422 et
539 4349 642 4420 tacite
667 4348 892 4437 indignatur,
918 4361 952 4419 et
974 4345 1094 4418 fremit
1118 4351 1181 4418 ad·
1233 4351 1330 4445 quod
1349 4374 1421 4420 non
1441 4366 1492 4423 est
1515 4378 1556 4422 ex
1579 4351 1666 4436 fade,
1690 4363 1872 4442 peccatum
1894 4360 1956 4421 est.
2009 4345 2209 4422 Memineri·
2249 4372 2253 4421 ε

191 4478 315 4525 versus
337 4453 465 4527 Deum.
514 4448 611 4521 Haec
633 4464 717 4521 sunt
742 4463 902 4542 peccata,
927 4473 1017 4543 quae
1039 4451 1181 4541 proprie
1233 4475 1312 4524 mns
1336 4452 1496 4524 iacienda
1520 4477 1594 4525 esse
1618 4478 1723 4544 opera
1748 4466 1930 4542 praecepta
1952 4448 2096 4536 aDeo,
2119 4450 2211 4524 etla-
2249 4444 2253 4529 Ῑ

192 4581 258 4651 per
274 4558 384 4644 legem
405 4555 579 4640 existunt,
605 4568 644 4623 ut
661 4566 762 4622 vocat
780 4550 924 4626 Paulus.
1233 4555 1358 4626 cienda
1373 4555 1411 4623 in
1427 4551 1493 4626 hac
1510 4557 1597 4640 lide,
1622 4557 1717 4649 quod
1734 4551 1832 4623 Deus
1851 4554 1898 4626 ait
1918 4552 2027 4623 nobis
2040 4553 2211 4647 propicia
2242 4532 2253 4635 i

296 4657 417 4748 Quare
442 4679 580 4725 necesse
598 4668 649 4725 est
669 4648 762 4723 hanc
777 4653 1038 4726 dubitationem
1057 4654 1096 4724 in
1111 4650 1182 4726 Ec·
1234 4669 1379 4751 propter
1407 4658 1637 4730 mediatorem
1666 4653 1870 4740 Christum,
1910 4669 1944 4726 et
1970 4669 2122 4746 propter
2141 4674 2214 4727 eu
2242 4638 2253 4755 ἶ

193 4761 299 4834 clesia
325 4753 559 4852 reprehendi,
591 4771 627 4828 et
655 4756 790 4848 opponi
814 4757 1012 4826 doctrinam
1035 4757 1079 4827 de
1102 4758 1181 4830 fide.
1234 4758 1400 4830 exaudiat
1419 4773 1455 4832 et
1475 4775 1574 4833 curet
1595 4784 1682 4844 nos,
1718 4772 1753 4829 et
1777 4759 1956 4829 condonet
1976 4756 2213 4830 infimitatem
2245 4764 2253 4851 l

192 4859 526 4957 Reprehendendus
560 4873 612 4930 est
645 4859 751 4930 etiam
780 4857 1044 4947 vulgatissimus
1069 4883 1183 4947 error,
1235 4875 1270 4934 et
1284 4862 1379 4932 bona
1394 4885 1502 4954 opera
1517 4864 1701 4954 approbet.
2248 4856 2253 4947 f

193 4968 256 5061 qui
274 4967 313 5037 in
328 4958 521 5036 Ecclesiam
538 4983 680 5053 sparsus
694 4976 762 5045 est,
787 4959 940 5045 scilicet,
965 4963 1060 5054 qrtod
1077 4959 1183 5035 Chri·
1337 4961 1413 5033 lam
1441 4965 1486 5034 ad
1504 4960 1604 5034 *hanc
1627 4963 1838 5034 sententiam
1860 4962 2215 5037 conteeantnrenttrs
2251 4998 2253 5005 ·

194 5072 329 5141 stianus
360 5069 486 5138 debeat
517 5064 699 5148 dubitare,
739 5085 786 5130 an
816 5062 862 5133 ait
890 5064 1012 5151 gratia.
1082 5062 1183 5150 item,
1234 5059 1459 5161 hypocritici.
1518 5066 1611 5138 Cum
1632 5066 1763 5137 iaciant
1784 5089 1890 5156 opera
1912 5054 2216 5137 non'manrtnsa

194 5174 289 5265 quod
310 5168 395 5239 baec
411 5167 589 5238 dubitatio
605 5189 679 5234 non
702 5164 747 5235 sit
764 5178 962 5254 peccatum,
989 5179 1024 5235 et
1047 5167 1091 5235 ad
1114 5161 1183 5237 hoc
1234 5164 1331 5254 Deo,
1357 5191 1432 5237 non
1457 5185 1604 5259 possunt
1630 5170 1772 5238 credere
1795 5168 1902 5236 talem
1926 5167 2065 5237 cultum
2092 5170 2127 5238 ei
2147 5168 2217 5260 pla·
2251 5214 2253 5239 .

195 5275 349 5363 allegant
365 5272 503 5343 dictum
525 5292 567 5338 es
590 5264 818 5337 Ecclesiaste:
858 5264 977 5336 Nescit
1003 5264 1112 5339 homo
1136 5292 1183 5338 an
1235 5293 1330 5355 cere,
1364 5270 1448 5362 quia
1473 5272 1612 5343 nullum
1636 5266 1768 5341 habent
1796 5271 1946 5342 verbum
1966 5272 2013 5339 de
2040 5271 2218 5342 volontate
2250 5248 2253 5333 ἶ

198 5387 318 5444 amore
348 5372 405 5443 vel
427 5372 512 5443 odio
533 5369 663 5460 dignus
684 5367 742 5443 sit,
799 5365 940 5441 Deinde
963 5384 1185 5463 quaeruntur
1233 5366 1314 5457 Rei.
1365 5369 1554 5462 Secundo,
1587 5371 1682 5462 Quia
1704 5373 1905 5444 doctrinam
1928 5373 1974 5443 de
1999 5372 2071 5443 fide
2090 5373 2219 5467 impro-
