4522 5782
82 178 137 261 ss
212 176 315 259 xtra
362 178 400 257 s.
424 175 765 275 conaturam
780 182 843 263 ut
866 124 1201 313 astanetum
1224 180 1296 263 ao
1319 180 1643 265 mansuros
1686 181 1791 305 car.
1814 107 1917 266 vin.
1976 185 2081 277 roso

137 350 240 425 Bona
271 376 379 448 opera
409 354 559 429 moralia
590 357 716 435 codem
741 359 851 432 modo
875 383 1036 433 necessa·
1086 358 1234 436 dotibus
1244 359 1548 437 convivabantur,
1584 353 1767 431 Credibile
1780 373 1832 432 est
1848 372 1984 447 autem,
2007 359 2076 432 ali·

82 469 210 528 esunt
233 456 273 527 in
294 457 475 530 omnibus.
538 454 636 545 Haec
657 475 760 535 vocat
788 460 828 532 in
858 457 1035 535 hocloco
1087 488 1196 560 quos,
1212 463 1275 559 qui
1288 463 1359 534 iam
1372 463 1574 534 abiecerant
1586 459 1722 531 cultum
1740 461 1937 546 idolorum,
1955 477 2074 535 tamen

81 560 223 632 andan.
291 557 343 632 Et
374 559 577 633 meminerit
597 562 709 636 lector
734 557 805 638 boc
831 565 1034 639 dictumad
1086 566 1282 659 erogastis
1295 566 1340 635 ad
1360 562 1524 638 convivia
1542 575 1683 631 vocatos
1705 585 1790 635 esse.
1843 560 1891 634 Et
1913 566 1970 634 vir
1994 566 2072 633 lieri

83 661 251 732 tutandos
276 661 511 749 Antinomos,
541 663 605 758 qui
626 665 785 757 lingunt,
817 667 857 738 iu
876 663 1035 740 Ecclesia
1088 670 1224 764 potuit,
1263 667 1353 763 quin
1380 665 1501 739 mariti
1536 657 1669 736 ethuici
1695 665 1860 737 convivio
1890 665 2074 740 interesset

82 763 142 835 rlla
166 785 241 833 esse
262 767 449 850 mandata,
475 764 612 835 nullam
634 768 760 859 legem.
809 766 896 841 ldeo
917 784 1035 843 autem
1086 795 1177 844 uror
1199 771 1269 863 pia.

82 864 195 936 oralia
217 867 529 952 necessariarum,
555 869 891 963 quiasuntiusticia
907 872 1037 958 cordis,
1187 871 1232 945 ln
1261 869 1392 947 talibus
1418 869 1557 942 casibus
1588 867 1751 939 videmus
1773 867 1925 942 Paulum
1954 871 2074 966 aliqna

84 988 242 1060 ngruens
261 993 342 1040 cum
366 983 484 1047 mente
509 969 650 1058 diviua,
691 973 791 1045 cuius
813 969 932 1066 imago
962 997 1037 1045 csse
1087 969 1257 1070 ἐπιεικείᾳ
1272 996 1376 1047 nsum
1395 994 1471 1042 esse
1489 996 1530 1042 ac
1545 971 1761 1065 permisisse,
1788 985 1828 1043 nt
1844 971 1997 1064 proximi
2018 974 2076 1042 in·

82 1083 168 1141 satra
183 1067 291 1141 Mens
306 1069 523 1143 ctVolnntas
538 1086 661 1145 renata
677 1076 794 1156 debet,
816 1074 914 1148 iuxta
928 1075 1036 1148 illud:
1087 1092 1257 1151 teressent
1279 1100 1354 1147 non
1377 1074 1573 1161 sacrificiis,
1607 1075 1666 1143 sed
1694 1073 1880 1149 conviviis.
1948 1071 2076 1169 Aliqui

82 1172 151 1245 aba
166 1170 277 1261 legem
293 1195 407 1244 meam
423 1175 462 1243 in
481 1177 588 1245 corda
604 1199 740 1252 eorum.
1087 1194 1224 1267 autem,
1249 1188 1291 1252 ut
1309 1179 1365 1263 lit,
1391 1176 1490 1246 illam
1515 1176 1782 1269 permissionem
1803 1175 1956 1246 nimium
1979 1176 2075 1246 laxa-

144 1269 195 1344 At
216 1275 438 1347 ceremoniae
459 1277 623 1353 leviticae
652 1272 746 1349 nihil
768 1280 813 1350 ad
837 1302 904 1351 nos
926 1278 1036 1372 perti-
1088 1284 1187 1369 bant,
1201 1296 1235 1354 et
1249 1279 1473 1353 victimarum
1489 1302 1594 1349 carne
1604 1278 1834 1349 vescebantur
1849 1278 1942 1348 malo
1957 1302 2076 1348 exam-

82 1389 150 1457 ent,
176 1401 267 1470 quac
290 1379 336 1451 ad
352 1393 491 1472 tempus
514 1379 552 1448 in
575 1379 701 1473 politia
715 1378 874 1455 Mosaios
893 1381 1037 1457 iustitu-
1088 1384 1170 1478 plo,
1213 1376 1343 1474 idest,
1383 1380 1585 1454 invitabant
1607 1380 1697 1451 alios
1727 1377 1996 1465 imbecilliores,
2037 1394 2077 1451 ut

82 1478 270 1553 afuerunt.
1088 1484 1158 1579 ipsi
1191 1509 1335 1581 quoqne
1367 1499 1612 1564 vescerentur,
1653 1504 1806 1576 quorum
1840 1482 2078 1553 conscientiae

147 1576 291 1653 Deinde
323 1584 453 1672 gradus
486 1583 577 1656 vitae
612 1584 802 1678 politicae,
848 1581 1039 1677 Dominus,
1088 1599 1210 1682 postea
1229 1587 1476 1659 turbabantur.
1518 1581 1746 1656 Damnabant
1763 1582 1857 1652 enim
1873 1606 1958 1668 sese,
1975 1584 2076 1678 quasi

82 1705 197 1765 ervus,
231 1684 360 1771 Dives,
393 1685 551 1777 Pauper,
585 1701 622 1759 ct
642 1687 796 1776 similes,
827 1701 912 1760 sunt
930 1679 1040 1762 ddad-
1089 1690 1381 1762 consuetudinem
1402 1686 1548 1779 impiam
1569 1686 1829 1759 confirmarent.
1900 1682 2078 1773 Quando-

82 1808 168 1880 ορα,
194 1799 228 1858 ct
245 1780 392 1878 possunt
412 1788 572 1858 inbonis
592 1802 628 1860 et
643 1789 747 1861 malis
762 1812 848 1864 csse.
901 1787 1039 1863 Verum
1091 1816 1232 1886 cunque
1245 1805 1362 1863 atatem
1380 1789 1595 1861 conscientia
1611 1811 1685 1858 sese
1706 1790 1871 1872 damnat,
1892 1786 2028 1857 iudicat
2042 1810 2077 1856 se

82 1910 114 1957 sc
137 1903 316 1975 servetur,
349 1904 389 1961 ut
415 1913 498 1962 snae
522 1890 672 1984 quisque
695 1892 877 1965 vocationi
897 1892 1040 1964 obtem·
1091 1907 1214 1966 contra
1238 1890 1354 1964 Deum
1374 1892 1500 1962 facere.
1559 1888 1680 1979 Quare
1712 1890 1798 1958 fides
1821 1889 2016 1975 excutitur,
2044 1902 2078 1958 et

82 2000 154 2060 eret.
214 1988 322 2076 Item,
356 2015 410 2063 ne.
425 1994 615 2063 abutamur
634 1988 691 2063 his
715 1994 895 2083 gradibus.
952 1992 1039 2065 Plo-
1090 1996 1287 2088 impeditur
1302 1991 1494 2067 invocatio.

82 2114 150 2176 rns,
188 2117 263 2163 non
296 2095 504 2166 succumbat
531 2093 670 2180 dolori,
712 2095 878 2167 deficiens
903 2119 924 2167 a
951 2094 1040 2167 Deo.
1194 2096 1300 2169 Nunc
1339 2096 1449 2187 igitur
1486 2091 1619 2164 Paulus
1664 2091 1762 2161 illam
1810 2090 2078 2184 permissionem

82 2205 178 2263 aetus
202 2219 277 2265 non
307 2195 496 2287 efferatur,
531 2209 572 2269 ut
600 2196 733 2269 oblitus
757 2196 828 2271 Dei
856 2197 1041 2288 indulgeat
1091 2199 1272 2291 astringit,
1296 2193 1404 2270 ethic
1420 2208 1561 2270 tantum
1579 2196 1624 2265 de
1640 2194 1816 2267 Scandalo
1833 2194 2081 2278 concionatur,

82 2294 326 2386 spiditatibus‚
350 2311 389 2369 ut
404 2299 444 2369 lit
458 2299 497 2367 in
511 2300 617 2370 rebus
631 2300 810 2387 sesundis,
834 2314 875 2373 ut
889 2299 1039 2374 dicitur:
1092 2315 1214 2397 postea
1235 2323 1358 2372 rursus
1380 2299 1420 2370 iu
1447 2320 1577 2391 genere
1598 2296 1788 2386 astringit,
1829 2297 1913 2390 quia
1935 2320 2080 2391 quoquo

82 2395 249 2472 uxuriant
264 2400 377 2472 animi
393 2403 500 2470 rebus
512 2400 710 2495 plerunque
725 2403 902 2480 secundis.
1092 2404 1199 2476 modo
1222 2415 1422 2488 excusetur,
1447 2412 1565 2471 tamen
1587 2399 1723 2494 aliquid
1749 2397 1787 2466 in
1811 2399 1970 2489 exemplo
1995 2398 2081 2466 mali

150 2498 314 2572 Tandem
333 2502 581 2593 igitnradditr'
598 2500 770 2576 Praeterit
790 2504 903 2597 figura
928 2497 1039 2575 huius
1093 2519 1157 2577 est.
1221 2502 1315 2578 Nam
1344 2503 1565 2577 consuetudo
1598 2501 1789 2575 colentium
1813 2501 1918 2593 ‚idola
1950 2499 2080 2570 contir-

82 2602 194 2685 uudi,
221 2604 349 2691 idest,
372 2604 703 2694 gestus-mundani,
727 2607 820 2677 varii
838 2609 970 2703 gradus
984 2604 1041 2677 vi·
1092 2619 1224 2681 matur.

82 2729 124 2787 e,
152 2705 332 2792 dominis,
360 2708 564 2793 servitutes,
589 2719 803 2783 contractus.
1195 2706 1266 2781 Sed
1282 2700 1342 2778 bic
1356 2705 1570 2779 nominatim
1586 2705 1626 2778 lit
1641 2704 1774 2776 mentio
1792 2699 1900 2775 huius
1916 2701 2084 2786 scandali,

151 2802 314 2879 Observa
337 2810 443 2878 etiam
474 2804 534 2880 hic
558 2810 748 2902 approbari
775 2821 979 2884 contractus
1003 2823 1040 2882 ct
1093 2808 1337 2906 qnodcruditi
1352 2810 1542 2882 movebant
1558 2807 1819 2893 imbecilliores,
1841 2819 1882 2876 ut
1898 2827 2084 2876 vesceren-

83 2933 171 2981 rum
197 2911 380 3002 dominia,
405 2934 487 2982 cum
509 2913 685 3003 approbat
707 2914 938 3006 emptionem.
989 2909 1044 2985 Dc
1095 2927 1175 3000 tur,
1202 2925 1238 2985 et
1262 2904 1394 2984 borum
1417 2924 1538 3004 postea
1565 2909 1813 2981 sauciabantur
1837 2907 2084 2987 conscientiae,

83 3035 105 3083 s
131 3013 300 3083 omnibus
325 3013 429 3083 facile
453 3025 505 3084 est
529 3012 701 3085 iudicium
727 3013 795 3102 iis,
820 3014 887 3109 qui
909 3029 1045 3087 norunt
1095 3029 1135 3088 ut
1151 3012 1242 3085 varii
1258 3027 1494 3085 casosnostro
1510 3027 1667 3103 tempore
1681 3012 1897 3093 acciderunt,
1924 3009 1985 3079 ubi
2002 3007 2084 3076 imi-

82 3114 245 3199 sticiam,
270 3117 315 3185 dc
340 3138 409 3209 qua
432 3115 668 3187 concionatur
683 3110 940 3207 Evangelium‚
970 3140 1044 3189 esse
1095 3115 1231 3190 tatione
1252 3114 1427 3187 libertatis
1451 3116 1556 3187 ctiam
1586 3114 1625 3183 in
1650 3126 1744 3182 recte
1763 3113 1864 3183 factis
1888 3110 2084 3181 imbecilles

82 3240 187 3286 svam
208 3229 243 3288 et
266 3232 472 3308 perpetuam
496 3217 630 3298 lucem,
655 3217 854 3306 iusticiam,
878 3232 914 3290 ct
932 3218 1044 3291 vitam
1096 3217 1450 3305 conscientiaevalde
1464 3217 1623 3287 turbatae
1637 3227 1730 3288 sunt.
1844 3204 1849 3226 ⁸

82 3376 84 3386 ,
105 3318 310 3388 cordibus.¹
339 3318 478 3390 Interea
496 3333 614 3390 tamen
635 3318 675 3390 in
698 3315 765 3391 hac
787 3321 1046 3394 consuetudine
1196 3314 1380 3412 Obiurgat
1394 3319 1503 3410 igitur
1516 3316 1651 3389 Paulus
1667 3319 1789 3387 doctos
1805 3316 1874 3386 sibi
1895 3315 2085 3409 placentes,

82 3419 151 3489 vili
167 3422 340 3492 utendum
355 3442 428 3491 esse
444 3422 599 3513 politicis
614 3419 907 3513 ordinationibus
922 3446 1045 3495 eorum
1097 3436 1133 3497 et
1147 3424 1298 3495 audaces
1312 3421 1350 3493 iu
1366 3422 1472 3494 rebus
1487 3444 1560 3492 nou
1579 3418 1803 3501 necessariis,
1829 3432 1869 3488 ut
1885 3431 1968 3490 sunt
1982 3417 2086 3487 multi

87 3546 236 3603 corum,
262 3522 326 3593 ubi
351 3523 523 3610 vivimus,
548 3525 580 3594 si
602 3538 721 3597 tamen
743 3540 941 3618 congruant
965 3549 1046 3599 cum
1097 3537 1244 3620 propter
1266 3524 1540 3596 ostentationem
1561 3544 1644 3595 snae
1666 3521 1877 3591 eruditionis
1894 3534 1928 3590 et
1946 3520 2087 3613 sapien-

82 3647 128 3715 ge
157 3637 315 3698 naturae.
981 3697 986 3705 ,
1097 3627 1179 3702 tiae.
1239 3620 1289 3697 Et
1309 3626 1467 3718 regulam
1483 3623 1639 3697 Roman.
1655 3621 1713 3695 14.
1737 3626 1921 3709 traditam,
1949 3618 2008 3692 hic
2031 3644 2088 3690 re-

1064 3722 1067 3727 ’
1100 3727 1205 3821 petit:
1227 3724 1341 3800 Docet
1360 3726 1553 3801 neccssaria
1570 3728 1730 3797 facienda
1747 3748 1835 3795 esse:
1864 3723 1906 3793 ln
1929 3747 2003 3795 non
2025 3744 2089 3792 ne·

401 3888 540 3999 catut
573 3887 694 3976 V111·
1101 3829 1765 4012 tittttt‘tdttlttt‚¹¹33
1779 3838 2089 4020 :ltlsdldt

1101 4035 1246 4107 laedant
1259 4033 1412 4106 aliorum
1426 4034 1670 4115 conscientias,
1694 4046 1755 4103 aut
1770 4033 1980 4100 labefactent
1994 4052 2089 4098 com-

1102 4159 1248 4208 munem
1275 4135 1524 4221 concordiam,
1560 4137 1650 4206 sicut
1672 4134 1792 4222 regula
1816 4129 2090 4202 Iurisconsulto·

161 4222 268 4307 lssilio
294 4248 371 4296 ¹⁰⁰⁸
394 4225 660 4308 consiliemur,
693 4250 801 4321 quam
825 4244 1006 4321 acceptum
1030 4253 1049 4301 a
1102 4261 1183 4311 rum
1207 4251 1300 4310 recte
1321 4240 1440 4311 docet:
1468 4236 1577 4329 Quod
1602 4236 1670 4309 tibi
1694 4259 1769 4306 non
1793 4247 1913 4320 nocet,
1939 4246 1974 4303 et
1989 4232 2090 4301 alteri

82 4325 219 4399 atribos
239 4323 407 4413 Ethnici,
441 4341 560 4422 postea
590 4328 696 4401 etiam
721 4330 848 4401 amissa
872 4354 956 4403 vera
986 4334 1051 4404 do·
1102 4342 1265 4433 prodest,
1296 4341 1332 4412 id
1358 4342 1610 4434 praestandum
1634 4352 1696 4409 est.
1750 4336 1886 4408 lustum
1909 4347 1960 4405 est
1984 4335 2091 4424 igitur

82 4430 177 4501 {rina
197 4431 435 4503 retinnernnt.
1103 4442 1296 4534 astringere
1311 4442 1509 4515 libertatem
1525 4454 1669 4536 propter
1688 4440 1841 4510 aliorum
1858 4439 2026 4518 salutem,
2052 4451 2091 4506 ut

158 4528 249 4602 Cum
267 4533 306 4600 in
331 4533 457 4603 diebus
478 4530 576 4602 festis
600 4531 808 4605 sacrificinm
824 4535 950 4623 fiebat,
972 4558 1053 4627 pars
1104 4544 1232 4616 itinere
1248 4545 1410 4617 faciendo
1425 4547 1593 4618 robustus
1620 4544 1739 4615 minus
1762 4555 1928 4634 properat
1946 4550 2092 4633 propter

82 4633 225 4704 ictimae
242 4635 508 4715 incendebatur,
535 4651 706 4725 parserat
721 4636 1053 4729 propriaSacerdo·
1103 4646 1298 4717 imbeciltes
1318 4647 1478 4723 comites,

82 4761 157 4820 rm,
183 4760 264 4827 pars
282 4737 480 4817 communis
499 4737 745 4828 patrifamilias
760 4753 793 4810 et
809 4742 967 4828 caeteris,
992 4742 1073 4835 qni,
1208 4745 1304 4819 llaec
1328 4750 1469 4841 regula,
1487 4782 1495 4789 ·
1512 4774 1603 4845 quae
1634 4760 1756 4819 monet
1779 4748 1993 4818 servandum
2021 4766 2093 4812 esse

82 4839 417 4913 ictimasdederant.
462 4834 510 4908 Et
523 4848 625 4911 erant
642 4840 754 4912 multa
769 4841 963 4932 peculiaria
976 4865 1053 4912 cer·
1104 4848 1295 4920 discrimen
1319 4850 1622 4924 interneccssaria
1640 4864 1765 4922 etnon
1781 4849 1993 4929 necessaria,
2018 4871 2093 4913 ma-

82 4964 175 5010 trum
199 4940 417 5011 familiarum
445 4939 639 5022 sacrificia,
686 4943 882 5038 inquibus
913 4947 1053 5036 cognati
1105 4954 1216 5041 gnum
1232 4975 1334 5023 usum
1351 4949 1772 5039 habetinunivcrsavita,
1789 4957 1968 5022 etcodrcet
1981 4948 2094 5017 multa

82 5056 262 5136 sequentes
299 5044 586 5127 conveniebant,
628 5056 664 5115 et
686 5066 707 5113 a
728 5046 858 5116 sacello
891 5047 1054 5119 victimae
1104 5053 1210 5141 vitia,
1232 5050 1621 5158 πολυπραγμοσύνην,
1645 5052 1901 5146 arrogantiam,
1928 5065 1962 5121 et
1979 5050 2059 5121 alia.

85 5156 178 5215 artes
200 5144 239 5231 in
266 5166 345 5215 snas
370 5148 496 5216 domos
519 5143 733 5232 afferebant,
765 5161 806 5219 ut
830 5170 936 5219 senex
957 5151 1052 5242 apud
1207 5154 1306 5228 Hae'c
1338 5173 1390 5231 est
1420 5184 1558 5231 summa
1592 5157 1734 5250 capitis,
1776 5179 1880 5248 quam
1921 5150 2093 5223 recensui.

82 5241 342 5340 tristoplrancm
371 5247 410 5315 in
426 5245 531 5318 Pluto
558 5245 723 5319 victimae
748 5263 883 5341 partem
908 5253 1054 5324 domum
1106 5251 1402 5338 Caeterumtdicn
1418 5262 1527 5333 multa
1542 5262 1672 5330 inserta
1690 5272 1784 5341 sunt,
1805 5256 2003 5325 doctrinam
2021 5253 2094 5321 eri-

82 5349 176 5425 ffert.
236 5346 362 5442 Aliqui
384 5350 488 5420 ctiam
514 5350 556 5419 ad
581 5351 709 5420 sacella
732 5374 803 5422 nna
826 5376 906 5424 cum
929 5353 1054 5428 Sacer·
1107 5358 1216 5433 miam
1238 5362 1442 5434 continents
1473 5361 1629 5435 Scientia
1653 5359 1770 5446 inllat,
1796 5356 1951 5429 Dilectio
1972 5355 2093 5427 aedili·

112 5448 305 5521 Mstarrn.
326 5455 429 5521 Orrn.
458 5447 641 5530 Vonxv,
1200 5520 1203 5525 .
1254 5462 1305 5535 69

181 4067 279 4166 Περὶ
301 4064 342 4144 δὲ
367 4073 447 4142 τῶν
467 4063 734 4146 εἰδωλοθύτων
756 4069 924 4169 οἴδαμεν.
