4522 5782
80 220 171 297 Lm
229 216 333 294 xttt.
383 215 422 294 t.
447 212 789 293 COMMENTAR.
813 210 866 287 ltt
890 208 1050 289 RPlST.
1075 204 1226 287 PAULI
1251 204 1321 287 AD
1345 206 1671 292 CORINTHIOS.
1730 212 1838 289 GAP.
1862 212 1946 294 Xll.
2005 204 2104 293 ttao‘

80 389 487 465 Ecclesiaesustiauerint
498 390 659 478 ingentes
673 394 860 456 aerumnas
869 398 964 456 certo
973 406 1059 455 eon·
1113 381 1316 483 ἀναγκαῖα·
1336 378 1589 482 ἁμαρτήματα
1617 380 1813 469 πολιτικὰ,
1853 382 2011 487 ἀγνοίας
2037 389 2103 465 καὶ

80 496 152 571 iiio
175 495 266 577 Dei,
291 494 387 587 qtrod
412 489 589 562 Ecclesiae
612 491 786 573 ostendit,
813 512 886 557 nun
912 488 1061 557 velimus
1112 485 1365 587 perorandae.
1409 489 1458 561 lta
1474 492 1511 557 iu
1524 482 1684 591 ¹Ecclesia
1694 484 1886 585 „Corinthia
1901 493 2103 567 acciderant

80 621 133 667 ros
152 596 288 685 seiungi
310 618 330 663 a
355 588 492 685 actique
508 593 673 662 societate
690 592 728 660 in
747 589 1003 661 afflictionibus
1026 603 1061 661 et
1112 591 1230 683 la'psns
1248 605 1281 661 et
1296 593 1363 661 alia
1379 589 1615 661 incommoda.
1668 588 1782 685 Erant
1806 594 2042 665 dissensiones
2057 598 2101 665 de

80 699 385 773 iberatienibuser
415 694 461 765 Et
491 696 681 788 inqualitas
706 718 745 762 ac
768 692 933 783 superbia
958 705 1061 773 esset,
1114 692 1295 775 doctrina,
1333 692 1488 765 incestu's'
1520 704 1596 765 erat
1618 692 1749 765 abusus
1774 694 1956 785 libertate,
1988 696 2110 791 aliqui

80 802 102 869 i'
119 800 293 869 vellemus
315 799 421 867 nobis
450 798 578 866 melius
607 806 703 880 esse,
742 818 848 887 qnam
880 794 954 863 filio
980 788 1061 875 Dei,
1112 798 1325 866 accedebant
1341 800 1383 864 ad
1403 794 1565 865 convivia
1591 794 1628 864 in'
1647 788 1883 868 Ethnicnrum
1910 797 2100 885 sacrificiis,

80 922 176 996 'nam
191 901 304 984 Abel,
332 899 519 983 leremiae,
546 897 726 991 Baptistae
741 913 775 967 et
790 895 979 969 similibus.
1070 902 1073 909 '
1113 900 1303 967 niovebant
1320 898 1430 993 aliqui
1450 898 1673 993 quaestiones
1689 902 1733 969 de
1749 898 1912 968 divortiis
1933 924 2006 968 non
2024 924 2100 970 cre-

84 1036 89 1045 ·
172 1000 221 1073 Et
245 997 913 1073 bieeausaealllictiouumnotaesint.
970 992 1058 1066 Pro·
1112 998 1291 1083 dentium,
1325 1000 1471 1095 quidam
1488 1000 1677 1070 turbabant
1692 1000 1853 1071 ordinem
1877 1024 2005 1070 coenae
2021 1000 2098 1072 Do·

80 1119 148 1173 iter
170 1118 351 1194 peccatum
376 1103 561 1173 nobiscum
584 1125 731 1172 nascens
756 1099 875 1190 generi
901 1094 1060 1168 humano
1100 1100 1213 1174 mini.
1256 1099 1413 1190 Quidam
1432 1096 1603 1172 nolebant¹
1616 1102 1776 1174 corderre
1791 1105 1835 1172 ad
1852 1102 1997 1172 alendos
2011 1102 2099 1174 fide-

79 1207 321 1280 universaliter
342 1229 420 1276 mos
435 1205 600 1295 imposita
618 1219 687 1288 est,
714 1217 747 1273 et
771 1201 889 1275 morbi
912 1215 946 1273 et
969 1201 1059 1271 aliae
1112 1204 1161 1272 les
1182 1204 1377 1278 ministros.
1429 1200 1496 1272 His
1512 1203 1770 1277 offensionibus
1786 1199 1956 1275 hactenus
1974 1204 2011 1274 in
2033 1201 2100 1277 hae

80 1309 202 1379 nultae
221 1326 423 1381 aerumnae.
466 1305 610 1376 Deinde
627 1306 821 1396 singulares
837 1302 1059 1387 afflictiones,
1111 1303 1268 1395 Epistola
1295 1306 1429 1375 mederi
1452 1300 1600 1379 studuit.
1669 1304 1741 1378 Nec
1762 1321 1813 1379 est
1837 1310 1948 1377 unum
1973 1331 2099 1401 perpe·

82 1427 154 1481 unt
170 1411 257 1479 alias
273 1433 407 1501 poenae
431 1416 608 1479 c'ertorum
632 1408 863 1491 delictorum,
888 1419 928 1476 ut
943 1406 1057 1475 Davi·
1112 1421 1211 1477 tuum
1228 1422 1494 1501 argumentum,
1519 1421 1631 1478 utres
1647 1406 1721 1503 ipsa
1738 1410 1910 1481 ostendit:
1937 1423 1971 1480 et
1989 1410 2099 1482 lectar

80 1512 127 1581 lis
149 1512 318 1581 erilium:
359 1511 447 1581 alias
475 1509 658 1595 exercitia,
695 1518 741 1578 'ut
772 1530 889 1577 carcer
914 1503 1057 1598 loseph:
1111 1510 1267 1580 diversas
1289 1512 1490 1580 occasiones
1511 1510 1720 1586 consideret.

80 1614 156 1683 dias
173 1613 375 1684 testimonia
391 1611 620 1681 consessionis
643 1625 678 1681 et
700 1608 992 1692 immortalitatis,
1018 1623 1059 1680 ut
1213 1610 1253 1682 ln
1283 1609 1350 1682 hac
1376 1611 1538 1709 sequenti
1571 1626 1669 1703 parte
1698 1616 1742 1683 de
1775 1612 1915 1682 duabus
1940 1609 2098 1685 materiis

80 1736 173 1785 seces
189 1711 299 1796 Abel,
324 1710 524 1804 Baptistae,
550 1708 736 1804 Stephani.
783 1708 832 1782 Et
847 1735 926 1782 cum
941 1734 1058 1782 erem·
1110 1715 1248 1785 scribit:
1277 1712 1331 1785 De
1347 1715 1475 1785 ordine
1495 1715 1688 1787 lectionum
1712 1727 1746 1787 et
1764 1714 2097 1806 interpretationum

80 1816 126 1885 ila
146 1818 250 1887 nobis
268 1817 520 1909 proponimus,
545 1816 651 1885 simul
676 1814 953 1885 considerandae
975 1827 1058 1883 sunt
1111 1817 1148 1883 in
1164 1817 1307 1908 publico
1325 1840 1526 1908 congressu,
1553 1818 1645 1886 etde
1660 1816 1918 1887 resurrectione
1935 1828 2098 1887 mortuo-

80 1942 205 1990 :ausae.
258 1916 306 1989 Ut
327 1919 365 1986 in
382 1919 460 1987 aliis
476 1916 646 1987 doctrinis
661 1940 733 1985 non
753 1918 836 1986 satis
861 1929 914 1985 est
937 1938 1056 1985 exem·
1110 1942 1201 1993 rum.
1253 1916 1389 1988 Graeca
1405 1919 1501 1990 natio
1517 1918 1758 1990 delectabatur
1772 1921 1869 1988 dono
1881 1917 2099 2008 linguarum,

80 2020 127 2089 ila
155 2019 309 2105 intueri,
335 2021 522 2091 sedetiam
546 2019 762 2087 considerari
780 2031 920 2108 oportet
940 2041 1056 2086 exem·
1110 2035 1144 2090 et
1168 2021 1269 2090 multi
1296 2022 1334 2088 in
1357 2020 1502 2115 publico
1528 2044 1717 2112 congressu
1742 2044 1840 2091 suam
1859 2018 2118 2115 eloquentiam·

80 2122 213 2191 dorum
237 2122 393 2191 rationes
418 2135 452 2191 et
475 2120 694 2192 discrimina.
755 2119 800 2190 Et
821 2117 1056 2210 deerremplis
1110 2124 1347 2197 ostentabant.
1411 2122 1499 2192 lnde
1522 2126 1627 2193 etiam
1652 2121 1906 2193 aemulationes
1932 2121 2099 2191 orieban-

80 2223 536 2294 ecteaccommodstisdici
554 2237 664 2314 potest
683 2220 1056 2292 illudvetusdictum:
1109 2236 1178 2298 tur.
1252 2221 1387 2297 Paulus
1415 2224 1525 2314 igitur
1558 2224 1597 2293 in
1631 2248 1759 2315 genere
1786 2222 2018 2294 concionatur
2053 2218 2118 2291 de¹

80 2319 199 2397 mede
212 2316 399 2423 ναυάγιον
411 2328 501 2396 πᾶσι
515 2318 772 2417 παραμύθιον.
1108 2348 1175 2395 usu
1199 2326 1397 2413 donorum,
1433 2340 1466 2396 et
1493 2339 1613 2418 postea
1635 2327 1737 2397 addit
1759 2338 1942 2417 praecepta
1969 2325 2012 2392 de
2036 2347 2097 2391 or-

173 2425 371 2517 Septimns,
406 2426 542 2497 Causae
566 2426 699 2500 iinales.
758 2422 1056 2496 Communissima
1109 2428 1193 2497 dine
1210 2428 1402 2498 lectionum
1422 2442 1455 2501 et
1478 2428 1830 2519 interpretationum,
1854 2425 1956 2496 utilia
1980 2423 2098 2494 omni-

80 2550 174 2597 ausa
192 2528 308 2597 finalis
324 2524 410 2598 haec
428 2543 495 2598 est:
522 2526 662 2597 Bonum
681 2523 791 2610 mibi,
820 2528 915 2619 quod
938 2521 1055 2594 humi·
1110 2531 1175 2600 bus
1191 2532 1375 2606 aetatibus.
1426 2529 1502 2601 lmo
1517 2545 1551 2602 et
1576 2531 1690 2600 sorma
1707 2527 1921 2601 iudiciorum
1946 2526 1983 2597 in
2000 2524 2095 2622 Syn-

80 2629 162 2699 iasti
179 2652 253 2714 me,
276 2644 319 2700 ut
335 2631 505 2699 discerem
522 2630 787 2699 iustificationes
804 2642 890 2698 tuas.
951 2626 1055 2697 Afttt-
1110 2633 1188 2701 odis
1207 2629 1291 2701 binc
1310 2634 1482 2703 sumenda
1501 2644 1566 2703 est.

80 2734 119 2817 :it
137 2732 235 2801 Deus
251 2755 324 2801 eron
339 2745 381 2803 ut
401 2735 544 2822 perdat,
576 2734 636 2801 sed
662 2750 700 2801 ut
726 2732 780 2799 vel
805 2724 964 2800 retrahat
990 2723 1056 2798 ho-
1157 2800 1165 2823 ,
1274 2796 1294 2821 Η
1353 2796 1373 2824 υ
1440 2796 1458 2823 ν
1557 2790 1574 2824 e
1749 2793 1788 2814 ,,

80 2833 189 2903 nines
214 2834 258 2901 ad
289 2834 582 2925 poenitentiam,
618 2847 657 2903 ut
691 2834 899 2923 affliguntur
930 2829 1058 2915 David,
1108 2794 1251 2875 (mm
1272 2825 1330 2873 W
1351 2826 1412 2873 ⁰²⁶
1436 2798 1626 2916 θθνᾙῑε·
1690 2790 1805 2916 Sfuw
1825 2786 1928 2895 ΨΜ
1945 2788 2097 2893 ‘lumb

80 2931 197 3011 isias,
225 2932 423 3004 Manasses:
452 2937 507 3004 vel
529 2947 684 3004 exerceat
704 2950 737 3004 et
761 2935 943 3003 confirmet
964 2956 1057 3015 suos,
1443 2896 1602 2996 dmum
1623 2908 1751 2975 ΜΨ·

80 3052 107 3109 tt
131 3034 342 3125 affliguntur
360 3033 507 3126 loseph,
530 3034 660 3107 Daniel
678 3049 710 3105 et
728 3037 880 3119 similes,
907 3047 940 3104 et
964 3031 1058 3103 Pau·
1213 3038 1415 3131 Antequam
1439 3037 1526 3107 dicit
1548 3036 1594 3107 de
1615 3034 1837 3126 singulorum
1858 3031 1964 3102 donis
1978 3031 2121 3103 diver:

80 3160 126 3209 ns
141 3133 253 3206 huius
265 3160 389 3209 musae
403 3139 618 3209 mentionem
633 3138 715 3208 iacit
731 3133 798 3206 hoc
822 3137 916 3205 loco:
967 3132 1057 3206 Cum
1110 3142 1175 3227 sie,
1202 3143 1356 3232 primum
1374 3154 1493 3211 monet
1511 3162 1625 3209 unum
1642 3135 2097 3225 communedouumprae·

80 3240 293 3325 udicamur,
323 3262 345 3309 a
368 3236 525 3310 Domino
546 3241 778 3333 corripimur,
811 3262 857 3309 ne
880 3262 959 3308 cum
991 3232 1058 3306 hoc
1111 3244 1254 3335 cipuum
1271 3243 1311 3311 in
1327 3243 1495 3312 omnibns
1512 3263 1587 3311 esse
1603 3254 1787 3331 oportere,
1812 3248 1848 3308 et
1868 3236 1904 3305 id
1922 3257 2098 3327 praecae-

80 3340 211 3413 nuudo
228 3342 450 3413 damnemur.
1112 3349 1197 3417 teris
1212 3345 1317 3415 donis
1331 3344 1574 3437 quaerendum
1591 3362 1664 3412 esse
1680 3341 1719 3411 in
1734 3338 1903 3429 singulis,
1936 3349 1969 3408 et
1992 3349 2099 3409 tuen-

89 3494 94 3499 -
174 3440 267 3514 suot
285 3456 321 3515 et
344 3443 382 3513 in
400 3442 556 3517 Ecclesia
582 3444 672 3514 aliae
692 3465 835 3523 causae,
864 3443 909 3513 de
930 3442 1059 3535 quibus
1111 3450 1223 3528 dom,
1265 3447 1430 3517 videlieet
1463 3442 1641 3537 spirirum
1674 3455 1833 3513 sanctum
1871 3439 2097 3511 confitentem

80 3567 143 3617 nm
162 3544 251 3617 dixi·
643 3628 648 3637 ¹
1115 3549 1230 3621 lesum
1247 3572 1320 3618 esse
1335 3546 1549 3629 Dominum,
1582 3547 1672 3617 sicut
1695 3559 1731 3617 et
1752 3566 1858 3635 supra
1880 3542 1988 3636 dixit,
2014 3542 2100 3613 uni·

175 3643 327 3717 Lenitur
337 3645 445 3717 etiam
460 3646 581 3731 dolor,
609 3648 752 3739 quando
775 3658 895 3715 nostra
918 3642 1056 3713 confes·
1112 3676 1193 3723 eum
1209 3675 1287 3720 esee.
1298 3652 1589 3734 fundamentum,
1614 3640 1730 3719 lesum
1748 3642 1944 3719 Christum.

81 3747 175 3818 ione
196 3747 328 3819 aei-u·
348 3746 439 3820 alios
461 3748 682 3827 confirmari.
717 3749 761 3817 de
785 3769 854 3838 qua
882 3768 982 3815 causa
1006 3744 1061 3815 to·
1215 3752 1294 3824 Hoc
1314 3753 1585 3822 tundamentum
1615 3750 1665 3820 sic
1693 3749 1931 3819 necessarium
1955 3764 2029 3813 esse
2058 3744 2099 3814 tn

80 3849 199 3945 pritur
217 3847 408 3921 Paulussd
426 3836 672 3941 Philippenses
687 3854 723 3922 2.
749 3871 829 3916 cnm
853 3847 989 3939 inquit,
1015 3844 1061 3918 Se
1114 3857 1300 3940 omnibus,
1339 3866 1502 3945 oportere
1532 3874 1657 3922 omnes
1687 3844 1880 3923 abhorrere
1906 3848 1952 3917 ab
1982 3846 2099 3932 idolis,

80 3948 219 4037 ίθῑῦῑῖ,
240 3952 585 4045 ¹1⁰0d⁵3mm⁰¹²i¹¹¹¹2
613 3966 653 4021 ¹¹1
678 3952 745 4041 ἷΡδῖ
770 3950 807 4017 Ῑῐῖ
831 3949 1001 4018 ‘mmcd‘
1026 3963 1060 4018 θῑ
1113 3975 1145 4030 et
1169 3972 1333 4049 oportere
1357 3956 1394 4023 in
1418 3954 1586 4025 omnibus
1601 3976 1721 4025 veram
1744 3948 2004 4030 invocationem
2019 3944 2100 4033 Dei,

80 4052 665 4124 niuisteriofideicomfirmeu'tur.
691 4050 1055 4121 Haecbrevis'a‘dtno-
1113 4059 1390 4149 ,sngnirionem
1417 4057 1624 4128 mediatori,
1653 4078 1739 4127 eree,
1799 4052 1841 4124 ld
1869 4051 1973 4121 initio
1999 4049 2100 4120 iubet

80 4155 166 4227 sitio
191 4156 234 4224 de
257 4156 772 4237 collatione·consolationum,
808 4152 944 4246 aliquid
971 4150 1062 4239 lucis
1113 4186 1236 4232 omnes
1251 4160 1363 4244 tueri,
1388 4183 1433 4228 ne
1447 4172 1571 4244 ruant,
1596 4159 1687 4229 sicut
1710 4171 1812 4228 antea
1836 4176 1917 4225 cum
1942 4174 2015 4220 non
2041 4174 2099 4220 re·

80 4256 191 4329 tdserl
214 4253 298 4327 huie
326 4257 404 4328 loto
427 4255 543 4334 Pauli.
605 4256 653 4328 Εῑ
680 4258 827 4324 letior&
856 4268 976 4323 menie
1005 4253 1061 4320 ῑῦ·
1113 4277 1279 4354 gerentur
1293 4263 1370 4331 luce
1385 4256 1569 4350 Evangelii
1586 4275 1619 4333 et
1633 4259 1771 4351 Spiritu
1785 4268 1920 4339 saneto,
1940 4256 1984 4323 ad
2001 4266 2098 4323 mute

80 4372 245 4429 neantur
265 4382 325 4447 ea,
362 4382 454 4454 quae
480 4360 528 4429 de
553 4382 656 4431 cruce
686 4356 770 4427 alibi
802 4355 979 4448 copiosius
1005 4352 1061 4422 di·
1114 4365 1208 4437 idola
1226 4386 1438 4456 quocunque
1453 4361 1739 4453 impellebantur,
2138 4379 2141 4383 ¹

80 4473 218 4533 :untun
1023 4466 1026 4473 '
1216 4465 1286 4536 Hic
1302 4466 1410 4554 igitur
1425 4464 1537 4533 multa
1552 4477 1692 4542 monet,
1713 4458 1869 4533 ostendit
1884 4451 2099 4526 horrendam

1117 4590 1189 4638 esse
1213 4568 1414 4638 coecitatem
1435 4565 1597 4635 omnium
1622 4560 1831 4640 hominum,
1856 4558 1919 4653 qui
1941 4578 2100 4674 nnnure-

336 4692 476 4804 ΝΝ
508 4695 917 4781 ΝΜ
1116 4663 2101 4862 anatttnar¹⁵mannaan.aa}

155 4873 289 4964 Magna
305 4876 491 4946 infirmitas
508 4890 559 4947 est
575 4891 722 4946 naturae
735 4876 924 4963 humanae,
938 4898 1065 4965 magna
1116 4890 1173 4946 tus
1195 4872 1456 4961 excogitabant,
1482 4862 1718 4941 ¹Athenienses
1738 4868 1832 4938 bello
1846 4860 1974 4932 Xerxis
1998 4858 2100 4975 insti-

80 4995 286 5051 saturarum
311 4978 576 5051 dissimilitudo.
631 4974 752 5069 Quare
776 4982 881 5051 etiarn
903 4981 940 5048 in
959 5001 1066 5067 parva
1117 4989 1260 5048 tuerunt
1273 4968 1445 5063 'sacrificia
1464 4968 1613 5055 Boreae,
1637 4971 1803 5041 dicebant
1818 4987 1891 5037 esse
1909 4962 1994 5050 ipsis
2010 4983 2117 5035 amb.

80 5082 243 5153 mcietate
273 5080 377 5148 facile
406 5081 560 5152 existunt
592 5076 868 5165 aemulationes,
907 5078 1066 5161 dissidia,
1118 5103 1216 5162 cum,
1243 5074 1326 5169 quia
1344 5075 1429 5143 olim
1446 5097 1486 5143 es
1504 5068 1672 5169 Orithyia
1686 5071 1864 5163 genuisset
1880 5064 1984 5132 filios·
2021 5058 2101 5129 Me-

83 5204 198 5274 apsns
219 5194 254 5250 et
269 5181 509 5266 offensiones,
535 5183 626 5253 sicut
642 5178 881 5253 Demothenes
904 5172 971 5265 ait,¹
997 5178 1066 5249 Er·
1117 5179 1260 5271 retrices
1273 5179 1311 5246 in
1327 5176 1387 5247 illa
1405 5175 1480 5267 ipsa
1495 5177 1584 5247 urbe
1593 5168 1769 5247 Corintho
1784 5195 1849 5262 pro
1864 5165 1974 5235 salute
1990 5159 2102 5233 Grae-

80 5306 176 5353 ·ores
191 5295 225 5351 et
240 5283 485 5352 contentiones
502 5306 707 5353 communes
721 5287 867 5353 morbos
889 5306 962 5352 esse
988 5305 1065 5350 om·
1118 5280 1192 5351 ciae
1216 5302 1403 5357 commuue
1429 5291 1552 5379 votum
1572 5276 1743 5349 lecerunt.
1793 5268 1957 5361 Denique
1980 5264 2102 5335 nullus

80 5386 180 5459 rium
198 5384 400 5472 civitatum,
421 5400 456 5458 et
470 5386 665 5458 necessario
680 5384 854 5457 accidere:
880 5379 987 5458 κοινὰ
1003 5376 1067 5455 καὶ
1117 5384 1186 5456 tuit
1207 5380 1289 5452 linis
1304 5380 1429 5454 talium
1454 5380 1627 5451 lurornm.
1677 5374 1723 5449 Et
1745 5372 1874 5446 similia
1899 5368 2102 5439 acciderunt
