4522 5782
269 222 372 303 rut.
411 150 457 298 ¹1.
483 216 879 303 aanorsrronas
902 221 956 297 aa
980 218 1137 303 uersu.
1160 198 1313 347 raum
1336 218 1406 301 au
1431 218 1697 307 nonanus
1924 232 2002 319 css

88 398 194 469 tridet
213 420 254 469 ac
277 399 424 491 damnat
444 418 521 469 non
537 397 778 471 intellectam·
815 391 864 469 Et
885 389 954 464 ho-
1008 394 1138 462 caede
1165 394 1426 481 tantisrebus‚
1464 409 1505 467 ut
1527 397 1626 470 lirma
1649 415 1684 473 et
1709 416 1801 474 certa
1825 405 1999 494 praesidia

100 494 324 591 philosophi,
365 498 396 568 si
420 500 482 592 qui
505 500 632 571 volunt
658 500 773 573 videri
795 523 870 571 non
891 498 955 567 ab·
1007 490 1186 583 habeant,
1210 499 1256 568 ad
1275 521 1364 591 quae
1382 499 1420 566 in
1437 501 1693 574 tentationibus
1709 529 1745 577 se
1760 507 1946 600 recipiant.

88 626 112 671 ·e
146 627 167 673 a
200 598 403 675 Christiana
435 602 584 694 pietate,
625 616 744 674 tamen
775 600 956 674 somniant

88 704 203 775 ¹elium
234 699 329 774 nihil
362 706 488 775 docere
517 705 636 791 aliud,
673 706 744 777 nisi
772 704 954 798 politicam

86 831 164 893 am,
202 808 294 879 sicut
323 805 527 879 Aristotelis
557 804 671 878 ethica
702 810 856 891 docent,
894 815 956 873 aut
1108 798 1309 873 Exordium
1334 805 1493 877 continet
1516 807 1640 896 locos,
1676 810 1810 904 quibus
1839 813 1998 884 benevo-

110 922 174 980 uut
198 904 422 1004 Phocylides.
478 906 529 979 Hi
551 911 740 981 sententias
761 910 956 1001 scripturae
1006 899 1116 975 lentis
1137 905 1181 974 de
1196 929 1297 995 more
1310 919 1483 998 captatur.
1831 893 1837 909 ’

88 1012 168 1083 ticia
185 1012 285 1098 fidei,
307 1012 404 1082 varie
421 1013 635 1083 cavillantur
649 1028 682 1083 et
699 1014 859 1084 eludunt.
905 1004 956 1078 At

105 1114 173 1183 viri
197 1127 330 1185 norunt
353 1113 485 1185 territis
509 1116 690 1186 mentibus
721 1115 859 1185 nnllam
881 1133 955 1180 esse

88 1216 185 1287 sitam
214 1218 352 1285 firmam
382 1216 680 1302 consolationem,
725 1218 794 1286 nisi
816 1217 855 1284 in
874 1214 953 1283 lide.
1109 1207 1152 1280 ln
1170 1211 1289 1303 priore
1304 1212 1450 1287 affectus
1471 1230 1543 1299 est,
1570 1219 1783 1293 coniunctus
1797 1246 1877 1294 curu
1896 1245 1998 1315 prac-

122 1331 243 1389 nostra
284 1342 358 1388 non
395 1332 545 1409 possunt
582 1319 835 1390 conscientiam
872 1316 956 1387 red·
1006 1310 1111 1384 conio
1127 1310 1393 1386 Romanorum:
1438 1316 1516 1409 Ago
1534 1322 1663 1409 gratias
1683 1320 1780 1408 Deo,
1803 1327 1901 1417 qnod
1920 1350 1999 1409 crc-„

88 1422 330 1514 tranquillam,
370 1421 462 1490 sicut
501 1434 650 1492 testatur
682 1418 824 1491 David:
871 1416 955 1488 Non
1006 1414 1102 1489 ditis.
1160 1413 1359 1488 Posteriore
1381 1420 1460 1490 loco
1483 1423 1638 1493 ollicium
1665 1426 1779 1496 delert
1799 1414 1890 1497 illis:
1924 1426 2000 1499 Cu-

88 1523 176 1592 ‚ieris
194 1525 231 1591 in
248 1522 419 1592 iudicium
436 1546 516 1592 cum
535 1546 637 1593 servo
655 1538 729 1595 tuo.
779 1522 867 1595 Cum
886 1521 954 1590 ita·
1006 1516 1145 1608 piebem
1169 1520 1213 1587 ad
1237 1541 1302 1588 vos
1322 1518 1523 1613 proficisci,
1564 1539 1604 1596 ut
1623 1550 1686 1596 vos
1712 1530 1893 1612 docerem,
1932 1531 1993 1597 sed

88 1640 169 1695 anta
200 1626 246 1695 sit
280 1626 452 1694 dissensio
491 1625 621 1694 rationi
660 1620 837 1695 humanae
873 1647 953 1693 cum
1006 1640 1083 1687 sum
1101 1620 1304 1711 impeditus.
1357 1618 1403 1693 Et
1421 1625 1619 1696 subiectum
1635 1643 1695 1699 est
1712 1630 1831 1720 legans
1847 1627 1998 1721 epipho-

88 1728 183 1811 ;elio,
216 1726 349 1797 Paulus
376 1726 515 1817 scripsit
540 1727 723 1817 epistolam
753 1729 797 1797 ad
819 1724 955 1798 Roma·
1007 1743 1110 1790 neme
1128 1744 1168 1790 ex
1185 1724 1341 1810 generali
1357 1726 1532 1797 sententia
1552 1750 1593 1797 ex
1615 1731 1731 1817 officio
1747 1732 1911 1824 Apostoli
1928 1735 1997 1801 dtr-

87 1832 124 1898 in
149 1854 217 1921 qua
244 1824 335 1898 hanc
361 1829 637 1899 controversiam
665 1830 869 1920 complexus
893 1840 956 1910 est,
1006 1835 1121 1891 ctum:
1166 1822 1313 1894 Graecis
1338 1840 1372 1897 et
1392 1822 1561 1899 Barbaris
1594 1832 1744 1923 sapienti
1798 1847 1878 1904 set
1909 1832 1998 1903 insi·

102 1932 180 2000 loco
209 1933 399 2023 praecipuo
423 1924 659 2000 Christianae
674 1933 858 2002 doctrinae
880 1952 955 1997 non
979 1954 982 2001 t
1005 1924 1185 2014 pientibus
1208 1927 1348 1997 debitor
1373 1951 1462 1998 sum.
1517 1930 1609 2002 Nam
1631 1934 1717 2005 boui
1736 1836 1903 2027 'piscopi
1927 1958 1992 2027 pro

88 2060 105 2101 o
128 2030 335 2114 Romanos,
362 2034 423 2103 sed
454 2056 579 2102 omnes
600 2028 774 2103 Ecclesiae
800 2036 954 2103 doceret.
1005 2026 1144 2096 viribus
1166 2026 1263 2097 iuxta
1290 2052 1414 2099 omnes
1437 2030 1571 2102 discere
1595 2036 1794 2127 cupientes,
1828 2039 1997 2107 adiuvare

88 2136 149 2202 nisi
173 2130 240 2204 hoc
262 2137 341 2204 loco
363 2135 523 2224 cognito,
557 2159 630 2203 non
656 2148 770 2227 potest
792 2132 955 2222 intelligi,
979 2194 982 2219 ζ
1006 2129 1155 2213 debent,
1182 2143 1216 2200 et
1231 2144 1461 2222 attemperare
1478 2160 1514 2203 se
1530 2136 1647 2226 captui
1662 2140 1883 2209 discentium.
1906 2138 1998 2225 ,Ati-

88 2238 191 2311 merit
211 2232 385 2310 Christus.
438 2236 566 2308 Voluit
590 2238 698 2326 igitur
720 2235 852 2307 Paulus
877 2248 955 2305 tan·
978 2286 982 2303 .
1005 2243 1062 2300 ter
1085 2232 1260 2302 tractandi
1282 2233 1355 2303 sint
1379 2234 1592 2326 imbecilles,
1618 2238 1721 2311 aliter
1741 2238 1799 2312 isti
1822 2262 1911 2335 quus
1933 2264 1997 2332 ap-

97 2334 305 2408 methodum
333 2334 519 2428 Evangelii
549 2362 759 2431 proponere.
828 2336 954 2427 Quan-
978 2310 982 2379 l
1006 2345 1105 2423 paret
1120 2356 1193 2402 esse
1208 2334 1396 2411 firmiores.
2012 2348 2015 2355 '

88 2454 177 2511 stem
197 2443 370 2510 conducat
391 2440 431 2508 in
454 2439 552 2510 omni
567 2442 729 2511 doctrina
747 2434 953 2509 methodum
978 2450 983 2575 ἰ
1549 2507 1556 2521 ‚

95 2598 105 2627 ,
128 2567 200 2612 non
217 2543 382 2632 ignorant
397 2536 560 2611 homiues
575 2542 801 2615 mediocriter
813 2540 955 2610 literati.
1412 2509 1586 2581 ‘mmm‘

88 2646 245 2714 doctrina
261 2639 462 2715 Christiana
484 2659 644 2714 versatur
666 2646 757 2715 circa
780 2640 877 2714 hunc
899 2644 955 2711 lo-
1107 2632 1172 2708 Est
1196 2652 1230 2709 ct
1253 2640 1395 2711 additus
1418 2643 1517 2713 locus
1533 2646 1738 2717 attentionis
1752 2650 1796 2718 ab
1811 2636 1997 2741 Evangelii

94 2749 275 2841 quomodo
294 2769 411 2815 coram
425 2744 501 2815 Deo
519 2746 762 2837 iustihcemur,
790 2769 852 2815 seu
867 2744 954 2837 quid
980 2774 983 2857 p
1006 2739 1204 2829 dignitate:
1263 2740 1345 2811 Non
1379 2748 1488 2835 pudet
1517 2771 1573 2815 mc
1601 2746 1813 2837 Evangelii,
1857 2755 1996 2823 tametsi
2074 2778 2080 2789 ⁸

88 2851 176 2918 tticia
200 2844 413 2919 Christiana.
486 2845 583 2918 Haec
609 2849 769 2920 definitio
792 2860 898 2938 caput
921 2860 956 2916 et
979 2862 982 2937 t
1006 2846 1163 2912 mundus
1184 2843 1317 2926 oderit,
1343 2859 1406 2914 ant
1427 2862 1643 2933 aspernetur.
1711 2848 1829 2941 Quam
1852 2868 1997 2925 senten·

88 2965 171 3021 aest
185 2952 370 3019 universae
385 2950 569 3020 doctrinae·
582 2945 820 3035 Christianae,
846 2971 956 3040 qtrare
978 2958 982 2991 ³
1007 2944 1092 3013 tiam
1119 2944 1339 3014 confirmatio
1369 2970 1432 3015 seu
1461 2945 1672 3048 oirtoioys‘ot
1699 2951 1878 3046 sequimi,
1912 2956 1997 3050 quia

88 3054 324 3123 definitionem
348 3053 622 3142 patefaciendam
650 3066 684 3122 et
704 3053 955 3123 illustrandam
1005 3044 1240 3134 Evangelium
1262 3060 1314 3115 0⁵1
1335 3052 1493 3137 potentia
1517 3050 1604 3131 Deis
1632 3053 1667 3121 ld
1695 3068 1767 3140 0⁵22·
1792 3076 1860 3146 Pef
1875 3054 1997 3128 Evan-

91 3158 129 3228 it.
164 3154 260 3223 Haec
275 3155 358 3223 satis
371 3155 417 3223 sit
433 3148 500 3224 hoc
518 3156 596 3224 loco
611 3156 655 3224 de
673 3156 823 3227 consilio
839 3151 955 3236 Pauli,
1006 3147 1137 3236 gelium
1151 3145 1247 3217 Deus
1271 3160 1321 3216 est
1345 3150 1485 3229 efficax,
1513 3166 1629 3223 movet
1655 3160 1760 3224 corda
1786 3160 1996 3228 adcreden-

88 3270 286 3347 trgumento
303 3253 482 3348 Epistulae
500 3258 640 3329 dixisse.
1007 3252 1111 3328 duro,
1146 3262 1179 3318 el
1201 3273 1277 3317 eam
1301 3251 1402 3319 iidem
1420 3254 1570 3343 imputat
1588 3276 1652 3345 pro
1670 3258 1818 3329 iusticia.
1862 3256 1911 3332 Et
1928 3264 1994 3331 ad·

88 3361 241 3459 'copriae
262 3359 413 3447 pertinet
429 3353 687 3448 haecEpistola
705 3357 748 3427 ad
771 3378 881 3446 genus
899 3355 955 3425 di·
1006 3352 1080 3421 dita
1103 3363 1155 3422 est
1181 3352 1255 3422 eius
1282 3352 1430 3424 rationis
1453 3359 1699 3445 comprobatio
1721 3384 1763 3429 es
1783 3359 1995 3433 definitione

88 3488 167 3542 nm,
209 3462 290 3552 quia
320 3452 401 3527 linis
435 3456 511 3529 eius
539 3474 609 3546 est,
649 3472 690 3529 ut
722 3459 847 3529 doceat
879 3482 955 3543 noe,
1005 3451 1217 3542 Evangelii,
1257 3451 1617 3547 nam-Evangelium
1660 3464 1765 3535 docet
1804 3464 1996 3550 iusticiam,

88 3566 124 3635 sit
154 3563 291 3632 iusticia
323 3586 439 3631 eoram
462 3560 550 3633 Deo.
623 3560 885 3632 Potesttamen
909 3563 953 3629 ad
1007 3577 1097 3648 quae
1119 3578 1236 3625 coram
1251 3552 1521 3633 Deuinstilscat.
1571 3560 1758 3634 Dialectici
1782 3580 1886 3658 caput
1909 3567 1996 3637 artis

88 3668 136 3736 ale
159 3687 268 3755 genus
289 3664 432 3748 referri,
455 3665 536 3757 quia
561 3659 629 3733 hoc
650 3686 792 3757 qnoque
817 3664 860 3731 sd
887 3661 952 3731 do·
1006 3680 1080 3726 esse
1101 3658 1247 3738 docent,
1274 3671 1366 3727 recte
1390 3659 1557 3747 delinire,
1581 3687 1623 3732 ac
1644 3666 1889 3737 definitionem
1910 3669 1996 3737 dili·

88 3768 433 3837 marcommodatnm
451 3780 511 3838 est.
546 3761 955 3856 StatnsEpistolaefini-
1009 3770 1132 3847 genter
1158 3757 1336 3827 inculcare
1360 3758 1520 3836 discenti.
1570 3762 1640 3835 Hic
1662 3767 1771 3857 igitur
1793 3771 1997 3840 meminerit

88 3886 138 3944 est.
189 3867 279 3938 Nam
307 3868 446 3937 iusticia
461 3864 527 3937 Dei
553 3867 721 3937 delinitur
743 3861 813 3936 hoe
834 3867 953 3937 modo.
1009 3859 1119 3930 lector
1133 3860 1219 3951 quid
1232 3854 1467 3950 Evangelium
1487 3865 1552 3950 sit,
1576 3867 1662 3959 quid
1687 3870 1726 3937 in
1748 3892 1884 3942 summa
1907 3895 1995 3941 con-

91 3970 194 4043 aDe'i
218 3984 268 4040 est
288 3974 453 4053 credere,
486 3970 581 4062 quod
605 3983 749 4059 propter
769 3961 953 4039 Christum
1006 3961 1141 4046 tineat,
1181 3961 1266 4055 quis¹
1302 3963 1466 4054 proprius
1492 3988 1532 4035 ac
1569 3969 1780 4059 praecipuus
1807 3970 1995 4060 Evangelii

88 4100 180 4145 imur
204 4074 242 4141 in
267 4074 414 4161 gratiam
444 4073 569 4160 patris,
595 4074 672 4140 sine
696 4070 826 4139 nostris
846 4068 954 4138 meri·
1004 4062 1175 4133 locussit.
1225 4061 1397 4136 lta'facile
1412 4066 1564 4158 intelligi
1588 4072 1739 4160 poterit,
1764 4074 1994 4166 quomodos

88 4204 123 4252 fc,
177 4175 288 4244 Vocat
313 4188 429 4253 autem
454 4195 516 4242 sua
539 4168 660 4265 phrasi
685 4172 860 4243 iusticiam
885 4169 954 4240 Dei
1004 4165 1106 4255 lege,
1132 4168 1323 4257 ¹quomodo
1357 4190 1377 4235 a
1412 4162 1638 4260 philosophia
1674 4174 1827 4248 differat.
1901 4174 1995 4249 Nam

101 4288 171 4375 q'ua
188 4276 283 4348 Deus
308 4272 447 4364 repn'tat
471 4299 537 4347 nos
556 4276 685 4358 iustos,
712 4296 773 4342 sen
794 4297 863 4367 qua
887 4294 953 4341 nos
1003 4264 1238 4355 Evangelium
1255 4270 1418 4359 patefacit
1434 4270 1607 4341 iusticiam
1629 4273 1730 4361 fidei,
1756 4278 1850 4368 qttod
1874 4302 1994 4349 coram

88 4428 90 4445 .
122 4381 206 4451 insti
238 4403 356 4447 coram
385 4378 488 4461 Deo,
530 4377 724 4469 opponitur
749 4376 845 4457 enim
876 4397 954 4444 car·
1003 4367 1080 4441 Deo
1095 4368 1177 4438 iusti
1195 4363 1409 4459 habeantur,
1435 4372 1498 4464 qui
1514 4374 1664 4446 credunt
1676 4398 1714 4446 se
1729 4393 1872 4469 propter
1885 4376 1994 4452 Chri-

88 4509 119 4554 tu
142 4480 319 4569 hnmanae
340 4480 518 4564 iusticias,
556 4504 647 4573 quae
675 4480 725 4548 sic
754 4479 954 4567 appellatur
1003 4483 1098 4542 stum
1111 4470 1150 4540 in
1167 4470 1316 4561 gratiam
1334 4472 1454 4564 recipi.
1490 4472 1995 4572 Lesaliamquandamiusti·

87 4588 215 4657 iriense
243 4607 372 4667 causa,
414 4606 482 4675 qua
507 4604 588 4651 caro
614 4606 651 4651 se
676 4580 859 4665 iustificat,
891 4593 953 4650 aut
995 4572 1094 4643 ciam
1118 4575 1239 4659 docet,
1272 4566 1500 4665 philosophia
1524 4577 1730 4650 civilitatem
1757 4607 1899 4653 morum
1921 4601 1995 4657 tra·
2066 4622 2071 4629 ’

88 4718 92 4756 ,
116 4690 236 4758 efficit,
1003 4676 1077 4760 dit,
1102 4674 1226 4766 procul
1252 4674 1361 4763 igitur
1384 4676 1431 4746 ab
1446 4674 1644 4769 Evangelio
1667 4683 1814 4760 distant.
1867 4685 1994 4776 Quan-

88 4791 114 4862 it
147 4791 230 4882 quia
260 4786 434 4874 optimum
468 4784 726 4874 interpretandi
758 4805 870 4872 genus
901 4795 952 4851 est
1004 4797 1111 4868 quam
1135 4791 1253 4847 etitem
1277 4777 1375 4849 inira
1397 4792 1551 4871 ponatur
1572 4785 1794 4882 propositio,
1826 4802 1860 4859 et
1884 4790 1996 4861 totius

88 4888 188 4987 ιμίαν
207 4888 379 4961 orationis
392 4891 604 4970 ostendere,
642 4888 769 4955 seriem
789 4884 951 4953 omnium
1004 4877 1259 4966 disputationis
1270 4892 1380 4950 status
1394 4881 1578 4974 aliquanto
1604 4886 1768 4977 pluribus
1786 4891 1905 4960 verbis
1930 4892 1995 4959 de·

89 5022 148 5079 m,
175 4990 456 5086 propositionum
476 5003 510 5059 et
532 5002 821 5085 argumentorum
838 5010 952 5055 anuo-
1004 4994 1240 5065 monstretur,
1270 4996 1390 5053 tamen
1408 4996 1444 5055 et
1470 4976 1530 5053 hic
1550 4990 1698 5059 exordio
1720 4986 1894 5060 summam
1918 4993 1994 5063 dis-

88 5122 136 5178 is,
163 5111 203 5167 ut
220 5093 374 5183 genuina
396 5091 567 5160 sententia
588 5089 689 5159 Pauli
714 5090 808 5159 cerni
831 5088 952 5179 possit,
1003 5082 1216 5173 putationis,
1242 5082 1341 5177 velut
1361 5108 1582 5177 proponens,
1609 5089 1782 5160 brevibus
1802 5093 1921 5163 verbis
1936 5095 1994 5163 in·

88 5201 173 5290 ltigi
198 5197 377 5291 quomodo
402 5192 625 5261 consentiant
641 5192 735 5261 inter
754 5215 792 5261 se
812 5189 951 5279 singula
1003 5185 1140 5271 scruit,
1178 5186 1276 5280 quod
1308 5182 1547 5278 Evangelium
1581 5192 1769 5279 patefaciat
1804 5191 1992 5283 iusticiam,

88 5330 120 5376 ra
137 5295 400 5390 disputationis.
450 5293 542 5364 Nam
558 5292 792 5363 conscientiae
806 5292 857 5363 ita
871 5314 952 5362 mu-
1002 5310 1130 5378 nempe
1170 5287 1266 5383 quod
1308 5291 1461 5361 credere.
1492 5289 1536 5360 iu
1576 5286 1781 5380 Christum,
1828 5296 1993 5373 iustifices

88 5431 114 5481 te
133 5414 238 5483 sunt,
263 5412 304 5473 ut
319 5409 415 5468 certo
431 5396 544 5469 sciant
565 5394 776 5467 sententiam
798 5391 952 5485 scriptu·
1001 5402 1036 5461 et
1055 5388 1351 5487 postestates.

1354 660 1453 739 Loci
1476 666 1634 743 exordii.

1361 1072 1637 1157 Benevolentia.
