4522 5782
69 202 134 315 nr
293 154 296 158 ’
454 198 535 282 au
585 146 1410 278 mamartomuvanc.1om1v1s
1465 201 1572 288 car.
1595 204 1696 280 xtv.
1744 234 1782 280 ,ι
2023 186 2110 282 sss'

69 400 120 456 tur
138 378 244 452 nobis
263 375 426 449 remissio
449 391 674 471 peccatorum
700 391 735 449 et
757 376 854 470 quod
879 377 948 447 fide
972 400 1051 449 eam
1085 375 1330 467 peculiariter
1347 379 1535 463 revelavit,
1562 395 1598 455 et
1613 384 1689 456 vult
1704 408 1777 458 esse
1798 370 1885 478 legis
1910 390 2090 489 iuterpre-

67 484 358 575 secipioporteat.
410 478 514 550 Hanc
536 480 747 551 senteutiam
771 503 911 550 necesse
935 493 988 550 est
1012 480 1051 549 in
1104 491 1189 550 tem.
1240 480 1371 552 Totam
1386 478 1479 553 hanc
1492 484 1690 556 doctrinam
1707 483 1766 559 bic
1791 493 1899 563 tradit
1909 490 2087 563 Ecclesiae

63 585 215 661 Ecclesia
237 583 307 654 Dei
335 595 473 666 extare,
510 596 545 654 et
573 581 803 673 propugnari.
861 581 951 652 Nam
982 577 1050 651 bae
1101 601 1203 664 suae,
1228 595 1263 653 et
1277 583 1428 656 affirmat
1444 585 1496 655 ibi
1516 587 1593 657 iore
1620 591 1792 679 populum
1815 615 1938 680 suurn,
1970 607 2003 665 et
2032 596 2085 665 ibi

66 691 140 760 lnce
155 686 330 769 extincta,
355 708 431 754 non
452 684 655 773 agnoscitur
668 679 803 755 Christi
828 683 1049 768 beneficium,
1101 702 1137 750 ee
1162 676 1405 754 habitaturum
1434 710 1527 771 esse,
1559 689 1623 758 ubi
1645 685 1730 762 baec
1749 695 1909 765 doctrina
1933 697 2084 770 sonabit.

63 815 125 862 nec
140 787 361 881 conspicitur
376 787 565 856 discrimen
592 787 678 874 legis
699 800 733 857 et
747 782 950 875 Evangelii,
983 808 1048 855 nec
1098 781 1243 855 Norunt
1264 787 1369 855 etiam
1385 781 1532 859 Ethniei
1553 791 1664 879 legem
1687 808 1883 888 utcunque,
1918 800 1977 866 sed
2001 822 2085 888 prn-

60 893 219 964 cernitur
242 888 441 959 differentis
473 888 565 960 inter
584 885 764 959 Ecclesiae
788 889 988 959 doctrinam
1014 899 1048 959 et
1100 897 1178 975 pter
1191 882 1283 957 hauc
1297 912 1370 956 non
1396 905 1481 961 sunt
1504 893 1657 982 populus
1671 895 1752 968 Dei.
1804 893 1855 968 Aa
1878 899 1940 967 ille
1964 913 2085 968 coetus
2204 874 2215 888 ’

58 997 153 1067 iuter
168 987 328 1062 ethnicas
343 991 542 1082 opiniones.
1098 1000 1149 1056 est
1164 983 1320 1059 Ecclesia
1337 986 1423 1071 Dei,
1459 992 1497 1061 iu
1522 1018 1593 1085 quo
1611 1011 1715 1067 sonat
1735 1022 1803 1067 vor
1817 994 2023 1088 Evangelii,
2048 1015 2084 1071 et

159 1092 258 1164 Haec
271 1092 450 1177 recensui,
476 1092 560 1185 qnia
577 1091 769 1163 adversarii
794 1116 895 1184 saepe
917 1093 1046 1162 atroci·
1097 1088 1137 1156 in
1152 1111 1194 1158 eo
1209 1105 1311 1162 coetu
1329 1115 1468 1162 necesse
1482 1108 1534 1164 est
1549 1096 1688 1187 aliquos
1712 1120 1786 1169 esse
1812 1100 1942 1171 electos
1962 1104 2006 1171 ad
2029 1101 2084 1168 vi-

55 1215 108 1271 ter
121 1195 356 1268 declamitant
369 1195 407 1263 in
423 1217 559 1284 genere,
573 1208 705 1286 quanta
722 1194 812 1264 mala
830 1195 1046 1264 sintdiscor-
1096 1204 1169 1261 tam
1185 1205 1376 1266 aeternam.
1428 1192 1472 1264 Et
1486 1210 1570 1266 sunt
1584 1197 1664 1267 viva
1679 1202 1838 1271 membra
1855 1226 1998 1286 omnes,
2019 1203 2083 1295 qni

55 1305 134 1373 diae
150 1312 186 1369 et
201 1296 413 1380 seditiones,
438 1309 472 1366 et
486 1296 664 1366 interdum
682 1297 720 1364 in
734 1291 943 1366 hominibus
966 1320 1045 1365 mo·
1097 1291 1166 1359 fide
1179 1294 1711 1387 amplectunturEvangelium,
1745 1316 1778 1372 et
1802 1319 1946 1395 propter
1969 1305 2082 1374 tilium

53 1400 209 1480 deratis,
236 1411 270 1467 et
284 1397 435 1466 infirmis
453 1399 668 1468 conturbant
681 1396 855 1495 Spiritum
872 1413 1044 1472 sanctum.
1096 1390 1164 1461 Dei
1186 1397 1335 1466 creduut
1356 1406 1395 1467 se'
1416 1398 1553 1488 placere
1568 1400 1659 1481 Deo,
1690 1416 1725 1473 et
1747 1398 1880 1475 habent
1904 1406 2081 1476 incoatum

54 1504 106 1577 Ne
125 1516 248 1572 autem
271 1500 441 1569 clamores
463 1501 518 1568 illi
539 1501 705 1588 frangant
724 1500 862 1569 animos
891 1500 1043 1590 piorum,
1095 1495 1358 1582 obedientiam,
1393 1500 1489 1569 sicut
1520 1501 1564 1571 de
1595 1502 1673 1593 lege
1705 1507 1805 1575 docet
1831 1503 2080 1596 Evangelium.

11 1593 14 1607 ’
54 1629 180 1687 verae,
205 1624 280 1671 nou
297 1595 524 1691 sophisticae,
539 1624 614 1670 non
628 1603 768 1670 fucosae
783 1625 907 1671 causae
920 1616 1045 1672 tenen-
1095 1593 1193 1666 Haec
1209 1599 1407 1669 admonitio
1424 1603 1617 1672 necessaria
1640 1618 1690 1674 est
1711 1601 1779 1675 hoc
1802 1606 1899 1690 loco,
1932 1622 1971 1679 ua
1991 1609 2081 1677 scia.

55 1712 119 1776 dae
135 1718 241 1788 sunt,
267 1706 364 1796 quod
381 1726 518 1773 neeesse
532 1702 579 1772 sit
593 1725 659 1772 nos
676 1703 897 1773 dissentirea
919 1704 1044 1772 defen·
1095 1721 1175 1767 mus
1199 1691 1392 1770 Christum
1417 1727 1490 1772 non
1513 1705 1557 1772 de
1580 1704 1654 1774 sola
1677 1706 1763 1793 legis
1783 1708 1943 1779 doctrina
1968 1711 2081 1802 loqui,
2185 1751 2188 1757 ·

55 1810 197 1879 sorilrus
226 1806 379 1875 iniustae
410 1804 627 1874 crudelitatis
649 1818 685 1874 et
707 1828 878 1875 errorum.
939 1803 1043 1874 Nunc
1095 1811 1136 1869 ut
1158 1801 1261 1871 multi
1283 1819 1511 1888 enarrarunt,
1542 1808 1603 1874 sed
1627 1808 1671 1875 de
1690 1803 1897 1896 Evangelio.
1950 1806 1998 1880 Et
2022 1808 2081 1878 bie

55 1913 165 2000 igitur
179 1910 224 1978 ad
242 1907 484 1976 definitionem
500 1902 678 1978 Ecclesiae
700 1909 826 1991 redeo,
857 1907 938 1976 dico
962 1907 1043 1975 alli·
1094 1901 1258 1972 universa
1273 1904 1434 1974 doctrina
1451 1908 1495 1974 de
1510 1907 1715 1978 discrimine
1738 1911 1824 1999 legis
1844 1926 1879 1982 et
1895 1908 2082 2002 Evangelii

57 2025 172 2103 gatam
189 2031 262 2078 esse
276 2005 471 2079 Ecclesiam
494 2009 538 2076 ad
555 2003 789 2096 Evangelium
811 2024 846 2081 et
865 2012 909 2077 ad
934 2009 1042 2076 mini·
1093 2003 1132 2071 in
1147 1998 1216 2074 bac
1232 2008 1455 2078 enarratione
1471 2011 1659 2099 repetenda
1672 2024 1706 2080 et
1720 2013 1977 2084 consideranda
1990 2027 2054 2086 est.

57 2113 202 2185 sterium
218 2105 425 2198 Evangelii,
449 2111 511 2177 sed
536 2133 609 2178 non
635 2113 678 2177 ad
692 2107 944 2200 Episcopatum
965 2107 1043 2180 Ro-

56 2238 200 2284 manum
227 2226 262 2282 et
282 2211 539 2281 successionem
560 2212 790 2280 ordinariam.
842 2208 937 2299 Quia
960 2234 1042 2280 cum

56 2314 251 2407 Episcopus
265 2311 452 2384 Romanus
467 2313 523 2382 vel
538 2312 598 2380 alii
614 2326 698 2383 sunt
713 2307 831 2383 hostes
845 2311 1042 2402 Evangelii,
1194 2307 1340 2400 Repetit
1353 2310 1593 2381 dulcissimam
1618 2316 1916 2404 consolationem,
1947 2320 1986 2388 in
2009 2341 2079 2411 qua

45 2417 243 2488 dissentire
259 2416 304 2484 ab
322 2414 374 2484 eis
389 2436 529 2483 necesse
543 2428 611 2498 est,
639 2416 729 2485 sicut
753 2416 844 2484 clare
868 2411 954 2484 baec
974 2438 1042 2482 vox
1094 2426 1255 2503 utsupra
1272 2411 1449 2503 promittit
1463 2413 1644 2504 Apostolis
1659 2430 1693 2486 et
1705 2418 1883 2489 Ecclesiae
1897 2444 1980 2492 suae
1996 2418 2081 2510 Spi-

59 2523 175 2591 docet:
200 2517 242 2588 Si
259 2516 339 2608 quis
353 2516 448 2584 aliud
467 2513 701 2605 Evangelium
719 2519 839 2599 docet,
854 2511 1041 2584 anathema
1065 2564 1069 2631 Ι
1092 2516 1202 2585 ritum
1216 2527 1396 2598 sanctum,
1422 2527 1456 2583 et
1468 2515 1567 2587 addit
1586 2520 1681 2609 quod
1706 2521 1752 2592 sit
1773 2522 1848 2592 eius
1869 2522 2080 2594 beneficium

61 2623 119 2702 sit,
160 2641 228 2688 nec
256 2619 332 2687 leve
360 2616 559 2687 convicium
589 2632 642 2687 est
682 2619 807 2701 vocari
843 2613 1042 2699 anathema,
1065 2642 1069 2669 ¹
1094 2632 1129 2688 et
1144 2638 1284 2686 munus.
1311 2613 1496 2685 'Primum
1519 2631 1637 2687 autem
1662 2620 1837 2693 discamus
1860 2618 1919 2693 bic
1940 2628 1983 2693 ad
2007 2623 2078 2697 Ec-

61 2722 219 2792 omnium
236 2718 504 2788 maledictorum
522 2732 716 2789 extremum
732 2734 766 2790 et
779 2743 956 2789 summum
979 2733 1041 2797 est,
1065 2678 1069 2781 l
1094 2718 1235 2787 clesiam
1266 2716 1371 2787 etiam
1402 2719 1580 2808 pertinere
1609 2719 1788 2805 infirmos,
1828 2724 1920 2795 sicut
1946 2722 2079 2796 Paulus

61 2825 208 2895 sciamus
229 2812 387 2891 reiectos'¹
399 2836 472 2890 esse
492 2843 513 2889 a
537 2817 614 2889 Deo
634 2822 834 2890 defensores
861 2819 1041 2890 idolorum
1095 2832 1217 2890 monet
1249 2820 1293 2887 ad
1318 2815 1502 2888 Romanos
1526 2817 1605 2890 ta:
1638 2823 1803 2895 Infirmos
1825 2827 1864 2895 in
1885 2828 1954 2897 fide
1979 2852 2080 2900 assue-

62 2941 91 2997 et
106 2925 300 3014 impiorum
325 2922 548 3010 dogmatum,
580 2946 645 2992 nec
670 2937 813 3013 propter
833 2923 1040 3014 opinionem
1094 2923 1198 2999 mite,
1232 2916 1328 2988 De'us
1352 2921 1447 2987 enim
1470 2923 1602 3020 recepit
1627 2948 1699 2995 eos.
1752 2925 1804 2995 lts
1827 2923 1885 2998 hic
1906 2931 2078 3017 signifieat

61 3026 254 3098 autoritatis
271 3044 394 3092 eorum
411 3023 910 3113 amplectendosesseerrores.
938 3021 1043 3091 Hanc
1092 3017 1256 3093 Christus
1279 3018 1469 3110 Apostolos
1501 3025 1661 3093 nondum
1683 3027 1881 3118 intelligere
1904 3027 1967 3099 bas
1989 3055 2082 3101 con··
2204 3032 2208 3039 '

10 3112 12 3125 ¹
63 3129 164 3219 igitur
178 3125 389 3197 senteutiam
406 3125 511 3195 nobis
525 3125 594 3216 ipsi
607 3126 841 3208 inculcemus,
874 3118 940 3193 hac
958 3148 1042 3192 voce
1093 3125 1230 3205 cinnes,
1265 3120 1356 3192 sicut
1380 3135 1499 3213 postea
1519 3122 1678 3196 Eventus
1696 3132 1849 3200 ostendit
1870 3155 1943 3199 non
1971 3133 2078 3202 intel-

10 3232 13 3321 j
62 3228 159 3300 l’auli
188 3251 256 3298 nos
285 3226 488 3297 muniamus
515 3239 638 3297 contra
662 3227 741 3296 illas
764 3226 1056 3316 vituperationes,
1092 3226 1199 3296 lectas
1215 3246 1302 3296 esse.
1353 3221 1423 3294 Sed
1446 3224 1529 3317 quia
1549 3250 1623 3295 non
1645 3244 1727 3300 sunt
1749 3226 1865 3302 hostes
1880 3229 2077 3323 Evangelii,

64 3332 298 3433 dissidiorum,
315 3341 350 3398 et
363 3328 656 3417 respondeamus:
675 3326 714 3399 Si
727 3324 1041 3421 quisaliudEvau·
1093 3329 1153 3396 sed
1176 3325 1327 3396 audiunt
1346 3339 1381 3397 et
1402 3327 1521 3397 doceri
1545 3342 1730 3420 expetunt,
1759 3334 1840 3404 ideo
1863 3349 1946 3406 sunt
1965 3359 2077 3405 mern·

63 3434 184 3525 gelium
198 3434 322 3515 docet,
346 3426 534 3499 anathema
551 3432 614 3515 sit,
640 3443 704 3500 etc.
1092 3430 1156 3499 bra
1170 3425 1361 3501 Ecclesiae.
2076 3428 2080 3435 ”

157 3535 256 3606 ldem
272 3555 417 3624 prorsus
429 3531 468 3599 in
487 3528 551 3601 bac
568 3532 738 3603 concione
753 3527 917 3602 Christus
934 3531 1040 3600 dicit:
1099 3526 1100 3530 ’
1194 3527 1333 3599 Diserte
1345 3544 1461 3601 autem
1483 3530 1616 3624 inquit:
1647 3532 1751 3607 Pater
1772 3537 1887 3609 mittet
1902 3537 2078 3631 Spiritum

10 3668 13 3709 :
62 3638 97 3709 Si
109 3639 190 3733 quis
205 3635 323 3724 diligit
340 3656 413 3719 me,
445 3656 643 3703 sermonem
662 3656 779 3702 meum
800 3633 975 3715 servabit,
1007 3646 1042 3701 et
1092 3646 1252 3702 sanctum
1268 3633 1308 3700 in
1324 3632 1470 3701 nomine
1482 3657 1582 3724 meo,
1608 3635 1647 3704 id
1661 3652 1734 3722 est,
1764 3655 1912 3731 propter
1934 3667 2008 3721 me,
2043 3657 2078 3713 et

10 3750 12 3775 ²
62 3756 154 3832 pater
176 3735 531 3823 meusdiligeteum,
556 3738 651 3806 etad
675 3759 755 3805 eum
779 3736 982 3818 veniemus,
1007 3747 1042 3803 et
1092 3734 1364 3822 agnoscentibus
1379 3757 1448 3807 me.
1501 3732 1630 3825 lngens
1652 3731 1737 3807 haec
1760 3744 2002 3836 praerogativa
2025 3759 2077 3815 ese

9 3832 275 3945 bnansionem
291 3839 386 3926 apud
410 3860 492 3905 eum
511 3837 690 3908 faciemus.
742 3833 839 3906 Haec
865 3849 917 3905 est
937 3836 1041 3925 plana
1092 3830 1371 3916 Ecclesiae,boc
1386 3849 1437 3904 est
1455 3838 1694 3926 profitentium
1712 3837 2077 3935 Evangelium,qu0d

9 3974 35 4003 ν·
61 3944 287 4036 etperspieua
302 3936 481 4008 Ecclesiae
495 3940 702 4030 descriptio:
729 3936 802 4017 lbi,
829 3939 957 4031 inquit,
977 3934 1040 4006 ha·
1093 3950 1188 4006 certo
1206 3936 1243 4003 in
1261 3933 1328 4005 hoc
1346 3951 1447 4006 coetu
1471 3940 1579 4008 datur
1590 3937 1747 4030 Spiritus
1766 3958 1918 4017 sanctus.
1970 3945 2077 4016 Sina-

62 4046 249 4118 bitabimus
271 4053 418 4133 pateret
433 4063 516 4130 ego,
542 4055 575 4110 et
593 4035 659 4110 hos
677 4039 801 4128 diliget
819 4054 917 4131 pater
932 4061 1041 4120 mens,
1092 4061 1172 4107 mus
1186 4032 1376 4121 Ethnieos,
1401 4036 1627 4127 Haereticos,
1645 4056 1678 4111 et
1693 4040 1961 4116 Mabometistas
1975 4070 2078 4137 prae-

62 4149 117 4240 qni
130 4167 331 4217 sermonem
356 4166 494 4222 meum,
527 4142 659 4227 idest,
690 4138 945 4230 Evangelium,
979 4141 1041 4234 qui
1092 4141 1210 4208 dicare
1224 4163 1286 4209 sua
1304 4138 1471 4230 imperia,
1496 4165 1599 4232 opes,
1634 4144 1862 4234 voluptates„
1884 4149 1957 4218 imo
1981 4149 2077 4220 sina.

9 4336 11 4343 Ι
50 4249 183 4321 'tradidi
196 4246 392 4328 Ecclesiae,
418 4244 692 4334 amplectentur,
725 4257 760 4313 et
781 4267 855 4311 non
880 4266 1042 4312 corrum—
1092 4265 1172 4310 mus
1189 4238 1363 4314 lsraelitas
1377 4243 1558 4332 magnifice
1573 4244 1642 4314 sibi
1665 4246 1804 4335 placere
1824 4265 1971 4339 propter
1994 4275 2078 4342 pro-

9 4364 18 4481 Ι
59 4366 137 4442 pent
151 4348 318 4419 admixtis
335 4347 450 4436 pravis
465 4345 705 4436 opinionibus.
751 4342 1040 4415 Recensuiusti-
1092 4343 1295 4412 missionem
1321 4358 1434 4414 terrae
1465 4343 1620 4417 Canaan.
1686 4342 1783 4416 Haec
1810 4353 1997 4440 promissio
2032 4356 2078 4423 de

60 4478 133 4522 vam
147 4451 359 4522 sententiam
377 4462 508 4537 textus,
527 4472 632 4540 quem
649 4468 793 4537 prorsus
808 4459 1041 4535 corrumpunt
1092 4441 1232 4536 Spiritu
1246 4458 1367 4515 sacruto
1383 4446 1487 4535 longe
1504 4446 1701 4532 antecellit,
1726 4450 1788 4540 qui
1811 4452 1919 4522 ilectit
1943 4469 2079 4524 mentes

61 4556 264 4648 interpretes
277 4551 391 4641 ignari
407 4549 590 4618 doctrinae
604 4544 809 4637 Evangelii,
836 4549 896 4641 qni
916 4561 1040 4638 putant
1064 4620 1067 4625 ,
1091 4550 1135 4613 ad
1155 4541 1409 4636 Evangelium,
1435 4571 1500 4617 nec
1515 4547 1601 4618 sinit
1624 4572 1681 4617 eas
1703 4551 1865 4623 intricari
1886 4558 2077 4641 erroribus,

9 4670 11 4675 '
59 4658 125 4728 esse
141 4655 350 4728 concionem
369 4652 473 4740 legis,
500 4652 599 4720 etsie
616 4666 797 4720 enarrant:
822 4648 861 4720 Si
884 4652 964 4742 quis
983 4650 1041 4717 di-
1091 4650 1150 4715 sed
1177 4647 1295 4716 incoat
1315 4670 1444 4718 novam
1465 4648 1599 4729 lucem,
1631 4650 1804 4722 iusticiam
1831 4670 1867 4725 et
1890 4658 1996 4726 vitam
2011 4654 2079 4752 {ae-

58 4761 215 4850 ligitare,
231 4779 428 4826 sermonem
447 4777 563 4821 meum
580 4754 752 4835 servabit,
771 4753 806 4820 id
824 4764 893 4836 est,
913 4751 942 4818 si
959 4752 1038 4841 quis
1064 4798 1067 4845 Ι
1091 4764 1246 4831 ternam,
1283 4761 1317 4818 et
1346 4762 1517 4821 sustentat
1544 4775 1585 4821 ac
1609 4754 1812 4827 consolatur
1833 4759 2012 4830 eredentes
2037 4763 2075 4828 iu

1064 4852 1067 4883 l

1227 2166 1445 2246 Paracletus
1461 2181 1583 2244 autem
1600 2175 1756 2274 spiritus
1775 2181 1954 2259 veritam.

58 4862 326 4946 estotocorde,
359 4881 398 4924 ex
421 4868 494 4924 tota
516 4855 654 4938 anima,
688 4868 722 4924 et
745 4853 882 4924 omnib.
904 4850 1040 4921 viribus
1091 4851 1260 4919 omnibns
1274 4851 1467 4922 aerumnis.

9 4972 15 5033 ς
57 4965 168 5056 affigit
192 4961 329 5042 Deum,
364 4958 395 5024 is
429 4971 545 5026 servat
578 4957 710 5043 legem,
751 4955 780 5022 is
809 4955 923 5045 placet
950 4952 1037 5023 Deo.
1192 4949 1263 5021 Sed
1295 4952 1386 5019 illud
1418 4967 1471 5023 est
1502 4954 1698 5026 dolendum
1733 4971 1768 5028 et
1806 4961 2078 5051 deplorandum,

56 5063 146 5138 llaec
168 5063 348 5135 enarratio
370 5059 485 5127 aliena
507 5072 575 5142 est,
608 5081 673 5124 nec
700 5057 852 5146 pertinet
874 5057 917 5124 ad
944 5052 1039 5124 lnmc
1091 5055 1186 5144 quod
1202 5054 1362 5122 nosdnri
1388 5068 1421 5124 et
1442 5057 1534 5124 caeci
1556 5082 1629 5127 saon
1656 5084 1842 5130 movemur
1864 5077 1933 5131 tam
1958 5067 2077 5153 ampla

55 5160 197 5242 totum,
231 5160 396 5236 Christus
412 5173 511 5230 vocat
525 5183 724 5228 sermonem
739 5181 863 5240 suum,
888 5183 961 5226 non
980 5180 1038 5226 so·
1063 5162 1066 5169 “
1089 5155 1342 5245 promissione:
1368 5153 1554 5231 Humanae
1570 5173 1705 5230 mentes
1722 5178 1869 5252 propter
1882 5167 2078 5236 naturalem

55 5272 117 5342 lam
133 5272 272 5360 legem,
297 5268 357 5333 sed
374 5277 487 5334 totum
503 5259 758 5347 Evangelium,
792 5261 917 5342 idest,
954 5283 1037 5346 pro-
1090 5257 1345 5342 diffidentiam,
1388 5268 1422 5328 et
1442 5259 1620 5330 absterriti
1642 5263 1738 5349 lege,
1771 5286 1995 5356 nequaquam
2021 5295 2077 5337 as·
2189 5344 2195 5358 ,

52 5374 256 5445 ,piatonem
275 5366 407 5459 gratiae
432 5379 467 5435 et
489 5365 582 5435 vitae
602 5378 783 5447 aeternae,
808 5383 914 5455 quarn
938 5361 1038 5433 Deus
1091 5358 1296 5431 sentiuntur
1310 5373 1444 5432 tantam
1458 5381 1532 5432 esse
1549 5362 1745 5435 bonitatem
1762 5360 1848 5448 Dei,
1881 5382 1921 5438 ut
1938 5393 2005 5441 nos
2020 5397 2080 5441 va·
