4522 5782
159 156 237 276 ,39
332 204 365 241 .·
754 182 1263 267 rumorosorum
1289 184 1591 269 expuenda,
1632 242 1636 247 -
1674 198 1679 207 ·
1715 210 1765 233 ’·
1929 202 2016 270 122².
2118 190 2191 277 rie

162 370 297 440 stianus
313 366 417 456 longe
433 365 536 435 aliter
552 363 684 434 sentire
698 363 821 442 debet,
848 363 909 455 qiri
929 363 992 431 scit
1006 384 1148 431 causam
1173 388 1177 395 ·
1203 377 1321 432 torum
1355 363 1468 430 iustos
1496 387 1591 452 esse,
1638 380 1672 436 et
1698 372 1827 440 mereri
1862 373 1972 444 vitam
2004 384 2192 446 aeternum.

100 516 114 560 s
163 469 378 541 infirmitatis
400 469 438 537 in
460 481 613 559 utroque
644 490 728 534 sexu
757 489 831 533 esse
856 481 1003 535 naturae
1027 488 1151 533 corru-
1204 461 1306 536 Nihil
1323 466 1451 533 deiide
1468 465 1505 533 in
1523 463 1731 551 Christum,
1756 471 2192 569 nibildeauxilioSpiri·

165 575 342 667 ptionem,
368 583 542 641 ettamen
566 582 710 659 propter
732 567 844 636 Deum
869 568 968 636 sexui
990 568 1152 636 tribuen·
1185 569 1294 651 ,ritus
1316 568 1428 636 sancti
1452 570 1611 642 docebat.
1665 570 1761 642 Haec
1776 576 1909 666 Pelagii
1932 580 2100 647 doctriua
2122 603 2190 649 uon

167 668 544 755 dumessebonorem‚
570 670 1154 742 etculuDeusuonlrustcacon-
1205 669 1424 756 evangelica,
1461 675 1520 739 secl
1549 670 1794 763 philosophica
1817 695 1914 761 erat,
1948 682 2042 751 sieut
2073 706 2192 772 prope·

167 777 298 847 diderit
316 771 566 856 buncsexum,
591 774 851 862 agnoscendum
874 794 947 851 esse
970 795 1059 861 opus
1074 769 1153 849 Dei,
1206 774 1351 839 modum
1379 768 1667 843 scholasticorum
1694 781 1879 850 ductorum
1903 785 2080 853 sententia
2106 784 2191 853 ideis

170 895 205 950 et
230 879 494 948 ordinationem
518 877 675 945 divinam
699 875 1029 963 magnifaciendam.
1082 870 1155 941 Nec
1207 874 1304 952 vult,
1331 875 1398 941 nisi
1416 879 1511 967 quod
1537 873 1572 944 hi
1589 879 1723 970 aliquid
1740 899 1888 953 assuunt
1903 886 2190 974 superstitionum

172 996 222 1052 est
245 980 365 1050 minor
378 979 782 1049 infirmitasanimorum
801 978 838 1044 in
858 977 962 1059 viris,
986 976 1024 1043 in
1046 996 1155 1061 nego·
1207 977 1494 1048 monasticarum.
1546 976 1592 1049 Et
1607 1005 1702 1049 rrirnc
1720 1008 1841 1054 rursus
1856 987 1959 1057 mrim
1981 987 2191 1059 delabuntur

170 1084 233 1155 tiis
250 1107 340 1176 quae
355 1083 442 1152 vicis
456 1079 638 1149 commissa
654 1093 747 1148 sunt.
800 1073 1155 1148 Christianusautem
1180 1084 1184 1245 1
1209 1079 1246 1146 in
1281 1078 1473 1166 opiniones
1505 1079 1740 1170 Pelagianos,
1780 1090 1864 1181 quia
1889 1104 1972 1161 sunt
1995 1090 2191 1181 plausibiles

172 1199 318 1278 propter
332 1183 447 1253 Deum
461 1184 528 1251 lert
544 1197 577 1250 et
594 1182 730 1271 mitigat
746 1181 1024 1250 imbecillitatem
1042 1180 1078 1248 in
1099 1202 1157 1248 so-
1208 1179 1354 1253 rationi.

173 1289 237 1358 ciis
256 1283 362 1356 buius
384 1287 477 1356 vitae
489 1284 664 1353 divinitus
682 1284 876 1373 adirructis,
903 1298 936 1351 et
951 1279 1157 1350 cohaeredi·
1181 1274 1185 1427 .
1298 1282 1519 1369 Augustinus
1536 1284 1643 1374 igitur
1659 1310 1722 1356 sua
1738 1303 1851 1359 aetate
1866 1290 2070 1361 doctrinam
2080 1287 2190 1361 Evan-

172 1393 240 1459 bus
255 1405 416 1468 aeternae
435 1387 585 1477 gloriae,
612 1400 645 1456 et
662 1387 727 1455 scit
745 1386 858 1455 Deum
883 1386 990 1467 velle,
1016 1398 1056 1453 ut
1080 1383 1159 1451 illas
1210 1384 1292 1474 gelii
1315 1387 1359 1453 de
1382 1386 1491 1471 gratia
1530 1403 1563 1457 et
1586 1389 1654 1456 lide
1684 1389 1720 1457 iu
1746 1387 1929 1461 Christum
1964 1417 2057 1480 pene
2091 1396 2192 1462 estin·

174 1514 354 1574 curemus,
377 1505 546 1582 tanquam
569 1503 702 1580 partem
724 1488 863 1575 generis
885 1484 1051 1570 humaui,
1084 1509 1158 1554 non
1211 1501 1300 1556 ctam
1326 1487 1495 1572 restituit,
1521 1504 1556 1558 et
1579 1514 1700 1560 rursus
1726 1496 1896 1568 accendit.
1950 1492 2112 1585 Propter
2136 1492 2192 1566 hoc

174 1593 411 1682 despiciamus
427 1592 601 1661 diabolica
626 1591 803 1678 superbia.
856 1587 952 1658 Haec
972 1603 1076 1680 atque
1090 1589 1158 1655 alia
1183 1636 1186 1701 Ι
1210 1589 1420 1659 beneficium
1435 1587 1591 1659 Ecclesia
1608 1593 1639 1659 ei
1660 1593 1851 1683 plurimum
1874 1594 2003 1671 debet.'
2042 1596 2100 1666 De
2122 1623 2192 1688 pec·

173 1698 212 1764 in
227 1693 320 1766 hanc
342 1695 550 1764 sententiam
567 1694 604 1761 in
620 1689 823 1763 Christiana
840 1693 1080 1781 disputatione
1096 1715 1159 1778 po·
1212 1704 1289 1761 cato
1312 1690 1459 1779 originis
1481 1694 1595 1764 multo
1618 1694 1778 1784 loquitur
1794 1699 1919 1768 maiori
1937 1700 2190 1792 perspicuitate,

174 1801 246 1867 tius
269 1798 418 1866 dicenda
447 1808 565 1875 erant,
592 1818 698 1885 quam
725 1796 786 1865 illa
811 1794 974 1864 scurrilia
999 1792 1158 1885 convicia
1212 1817 1319 1885 quam
1338 1794 1463 1861 caeteri
1482 1818 1617 1868 omues.
1665 1795 1876 1870 Distinctius
1896 1802 2005 1872 etiam
2022 1819 2057 1872 et
2075 1804 2207 1873 rectius

176 1922 277 1971 sexus
296 1915 330 1969 et
347 1899 489 1968 divinae
502 1898 749 1967 ordinationis.
1184 1894 1188 1983 l
1212 1895 1373 1986 loquitur
1396 1898 1439 1963 de
1462 1897 1575 1966 libero
1604 1900 1774 1983 arbitrio,
1808 1906 1902 1994 quod
1931 1904 2073 1975 viribus
2096 1904 2192 1973 liberi

276 1999 331 2071 De
365 2001 569 2068 discrimine
607 1999 769 2069 ciborum
804 1998 924 2068 laudat
954 1999 1044 2066 ritus
1084 1997 1161 2064 sine
1184 1986 1188 2055 l
1212 1998 1352 2067 arbitrii
1372 1992 1536 2067 homiues
1552 2000 1664 2068 facere
1682 2003 1817 2092 possint
1843 2020 1986 2073 externa
2009 2006 2096 2093 legis
2116 2032 2193 2098 ope-

163 2107 285 2175 ‘verbo
311 2102 377 2171 Dei
404 2102 603 2183 institutos,
639 2114 808 2193 tauquam
832 2102 947 2169 cultus
967 2097 1056 2183 Dei,
1086 2100 1159 2167 icoo
1213 2123 1272 2182 ra,
1296 2113 1330 2169 et
1346 2094 1492 2170 honesta
1511 2126 1617 2189 opera
1633 2105 1771 2189 civilia,
1799 2109 1857 2173 sed
1875 2108 1950 2176 sine
1968 2107 2109 2199 Spiritu
2121 2133 2195 2178 ssu-

175 2222 344 2299 tanquam
367 2205 628 2296 perlectionem.
695 2201 862 2272 Ridicula
890 2227 958 2271 vox
980 2204 1160 2294 est'quarn
1185 2216 1268 2271 -cto
1283 2203 1510 2290 nonpossint
1535 2198 1664 2273 habere
1693 2223 1808 2275 cnutus
1832 2209 2057 2298 spirituales,
2083 2234 2194 2280 verum

174 2311 295 2402 ponit:
328 2308 367 2378 Si
392 2308 445 2374 vis
473 2307 644 2394 perlectus
670 2327 764 2389 esse,
799 2306 933 2374 bonum
962 2318 1013 2374 est
1035 2304 1160 2372 vinum
1214 2303 1380 2372 timorem
1396 2302 1481 2387 Dei,
1507 2330 1624 2374 veram
1641 2309 1825 2390 fiduciam,
1852 2336 1971 2379 veram
1990 2313 2193 2399 patientiam,

176 2437 250 2481 non
269 2411 407 2488 bibere,
429 2423 622 2477 etcarnem
637 2431 710 2476 non
733 2410 966 2489 manducare,
993 2407 1056 2476 ubi
1072 2406 1162 2474 male
1212 2400 1282 2473 hoc
1302 2420 1371 2483 est,
1395 2407 1607 2492 novitatem,
1640 2436 1746 2504 quam
1775 2427 1913 2503 oportet
1930 2414 2030 2485 iniis
2047 2416 2193 2499 existere,

178 2512 324 2582 detorsit
352 2510 486 2580 dictum
512 2508 631 2591 Pauli,
664 2509 724 2600 'qm
748 2534 827 2578 cum
850 2509 985 2602 inquit:
1020 2505 1161 2575 Bonum
1215 2507 1279 2600 qui
1306 2522 1388 2577 sunt
1412 2510 1583 2580 salvandi.

91 2614 96 2624 ’
179 2630 230 2686 est
255 2638 395 2683 tarnem
425 2636 498 2679 non
530 2614 652 2694 edere,
693 2615 810 2693 addit,
852 2611 880 2679 si
908 2612 1008 2679 fratri
1038 2624 1162 2679 noceat
1317 2608 1445 2678 'l’radit
1462 2613 1756 2682 utilediscrimen
1773 2616 1894 2685 literae
1911 2630 1944 2686 et
1962 2616 2121 2709 spiritus,
2136 2621 2192 2687 do·

177 2716 388 2807 exemplum.
447 2711 536 2784 Cum
559 2729 676 2782 autem
700 2738 838 2781 necesse
861 2716 906 2783 sit
929 2713 1017 2782 tales
1039 2734 1160 2800 super·
1214 2723 1270 2780 cel
1286 2713 1329 2779 de
1346 2713 1494 2800 gratuita
1514 2719 1739 2799 remissione,
1766 2734 1886 2787 monet
1908 2724 2094 2812 quomodo
2113 2720 2192 2790 Part·

68 2850 73 2863 ¹
179 2818 340 2888 stitiones
372 2817 409 2884 in
435 2811 592 2884 Ecclesia
621 2810 852 2904 reprehendi,
894 2816 1038 2906 pariunt
1067 2815 1161 2881 enim
1215 2814 1271 2882 lus
1295 2814 1550 2902 intelligendus
1574 2820 1638 2900 sit,
1678 2843 1757 2886 cum
1788 2820 1922 2912 inquit:
1955 2818 2009 2891 Ex
2039 2824 2221 2915 operibuq

179 2919 417 2990 eliosmultos
440 2939 594 3007 errores,
631 2921 824 3006 prudenter
847 2920 892 2988 de
914 2918 985 2986 illis
1008 2918 1163 2985 inconsi—
1216 2916 1304 3004 legis
1325 2940 1429 2984 nemo
1453 2918 1679 3009 iustificatur,
1713 2925 1808 3012 quod
1839 2923 2005 2993 videlicet
2030 2948 2105 2993 nou
2127 2942 2195 2994 tan·

180 3021 746 3092 deratedictisiudicandumest.
1216 3019 1295 3088 lum
1329 3018 1492 3091 detrabat
1532 3021 1816 3090 iustificationem
1858 3027 2098 3108 ceremoniis,
2144 3028 2196 3097 ard

282 3119 1164 3212 ludialogocontcaPelagiumrectedisputatre-
1188 3122 1192 3201 l
1215 3120 1321 3189 etiam
1359 3123 1554 3190 moralibus
1597 3127 1774 3211 operibus.
1848 3124 1925 3196 Hac
1960 3120 2221 3221 admonitiuuel

1181 1252 1184 1269 l

2210 2982 2221 3035 l

170 3227 410 3296 novationem
432 3248 505 3293 nun
526 3224 602 3291 lieri
631 3239 769 3291 tautum
793 3224 929 3291 viribus
948 3224 1049 3292 liberi
1070 3222 1165 3289 arbi·
1188 3210 1192 3273 l
1217 3223 1321 3289 valde
1351 3247 1441 3311 opus
1474 3225 1542 3292 luit
1569 3223 1756 3295 Ecclesiae.
1839 3226 1930 3298 Nam
1964 3225 2143 3320 Origenes
2168 3243 2195 3300 et

180 3328 263 3413 trii,
290 3329 349 3395 sed
368 3320 458 3417 opus
474 3348 547 3394 esse
563 3326 695 3393 auxilio
711 3325 867 3416 Spiritus
883 3327 1005 3396 sancti.
1056 3323 1165 3395 Recte
1217 3325 1321 3393 multi
1343 3348 1423 3392 eum
1445 3326 1555 3395 secuti
1581 3342 1780 3417 sparserant
1802 3331 1925 3398 falsam
1944 3332 2195 3423 interpretatiu-

183 3430 288 3500 etiam
310 3442 414 3514 negat
439 3441 579 3496 sanctos
602 3451 676 3495 esse
704 3427 780 3493 sine
806 3440 966 3515 peccato,
1008 3441 1043 3496 et
1067 3427 1166 3518 potiit
1219 3450 1299 3494 nem
1315 3428 1353 3494 in
1371 3423 1545 3509 Ecclesia,
1572 3442 1708 3497 tantum
1724 3432 1933 3500 ceremoniis
1948 3432 2093 3504 detralti
2110 3436 2197 3505 iusti·

182 3531 413 3599 memorabile
436 3531 586 3598 dictum:
613 3528 718 3598 'l'unc
743 3530 824 3597 iusti
849 3551 989 3611 suiuus,
1024 3532 1167 3620 quando
1219 3528 1439 3611 ficationem,
1466 3545 1498 3599 et
1520 3531 1694 3600 brixerant
1718 3529 1880 3603 bomines
1904 3534 1973 3624 legi
1995 3537 2197 3617 satisfacere,

184 3654 250 3702 nos
266 3646 464 3722 peccatores
478 3654 551 3700 esse
567 3632 729 3713 fatemur,
756 3648 788 3701 et
805 3632 940 3700 iusticia
958 3647 1075 3699 nostra
1093 3655 1167 3698 nun
1220 3644 1255 3699 et
1283 3633 1393 3698 iustos
1417 3655 1493 3699 esse
1524 3649 1668 3722 propter
1689 3659 1807 3722 opera.
1874 3635 1959 3706 ldeo
1984 3638 2198 3728 Airgustiuut

172 3759 226 3804 ex
250 3736 394 3827 proprio
415 3735 563 3815 merito,
592 3739 650 3801 sed
676 3757 717 3801 ex
740 3732 803 3801 Dei
820 3734 1058 3802 misericordia
1084 3758 1169 3800 con·
1192 3763 1197 3873 Ι
1221 3733 1352 3801 diserte
1373 3729 1464 3801 hauc
1490 3736 1731 3826 quaestionem
1752 3752 1879 3808 tractat
1902 3739 1939 3807 in
1965 3740 2062 3808 libro
2079 3742 2198 3832 despi-

184 3837 301 3926 lingit.
353 3835 422 3908 Sed
447 3851 565 3927 postea
588 3860 660 3905 non
685 3837 767 3904 satis
789 3835 892 3904 dicit:
928 3849 1169 3922 peccatasan-
1222 3836 1293 3903 ritu
1317 3848 1350 3902 et
1375 3834 1496 3917 litera,
1537 3855 1570 3906 et
1603 3837 1755 3910 affirmat
1783 3839 1933 3909 Paulum
1960 3844 2199 3913 universaliter

185 3953 322 4008 etorum
347 3938 511 4026 intelligit
534 3941 578 4006 de
602 3938 798 4007 actualibus
823 3937 988 4025 pcccatis,
1014 3937 1168 4007 utllam-
1221 3935 1320 4027 loqui
1346 3937 1450 4003 etiam
1473 3940 1518 4006 de
1546 3939 1759 4023 moralibus,
1796 3966 1876 4010 cum
1905 3959 2011 4032 negat
2040 3970 2111 4014 nos
2139 3947 2198 4031 lege

174 4041 253 4110 'mis
268 4041 481 4123 libidinum,
507 4055 563 4108 aut
582 4040 787 4107 iracundiae
805 4055 839 4109 et
854 4039 1044 4108 similibus.
1089 4037 1168 4106 Nou
1221 4039 1334 4108 iustos
1358 4062 1443 4108 esse.
1501 4042 1586 4109 ltcm
1611 4057 1714 4132 negat
1738 4039 2198 4136 bomineslegisutislacere

139 4227 143 4233 ⁵
186 4142 354 4230 intelligit
370 4146 414 4212 de
429 4142 598 4210 interiore.
614 4156 649 4210 et
666 4155 832 4232 perpetua
850 4142 1090 4223 dubitatione,
1117 4164 1171 4208 se-
1222 4138 1327 4212 Rom.
1354 4142 1467 4230 capite
1483 4142 1518 4216 8.
1978 4165 1980 4169 ¹

187 4244 352 4320 curitate,
384 4245 678 4329 concupiscentia.
738 4243 886 4311 Constat
908 4243 1017 4330 igitur
1041 4241 1172 4311 irrrtltos
1323 4240 1426 4310 Hanc
1442 4243 1721 4314 admonitionem
1738 4247 2016 4336 Augustini,'et
2040 4249 2138 4324 bunc
2153 4253 2197 4321 lo·

186 4367 259 4414 este
275 4346 466 4438 inscriptis
482 4343 693 4439 Hieronymi
709 4369 781 4414 non
797 4346 940 4434 exiguos
954 4347 1084 4437 lapsus.
1222 4367 1302 4413 cum
1318 4346 1430 4434 ipsius
1449 4347 1642 4436 plurimum
1659 4350 1765 4419 refert
1783 4351 2002 4433 meminisse,
2028 4357 2113 4449 quia
2128 4376 2195 4424 cun

77 4443 85 4451 ”
1222 4447 1313 4515 ratio
1336 4472 1408 4516 non
1438 4448 1521 4517 satis
1550 4451 1739 4539 perspiciat
1768 4454 2054 4540 magnitudinem
2080 4452 2195 4545 peceati

1223 4550 1390 4636 originis,
1415 4564 1447 4618 et
1465 4552 1636 4619 naturalis
1659 4556 1915 4643 corruptionis,
1942 4557 2049 4627 facile
2073 4557 2194 4627 delabi·

289 4649 509 4740 Augustinus
531 4649 660 4717 multas
683 4647 896 4716 necessarias
913 4653 1170 4722 controversias
1221 4665 1281 4719 tur
1299 4655 1341 4719 ad
1363 4651 1442 4719 illas
1459 4655 1665 4740 opiniones,
1692 4669 1732 4725 ut
1758 4671 1856 4742 putet
1880 4658 1945 4745 legi
1970 4662 2150 4742 satislieri,
2167 4656 2221 4726 el‘

184 4751 365 4832 tractavit,
396 4751 564 4821 rclutavit
588 4749 777 4828 Arrianus,
812 4747 1061 4845 Manichaeos,
1094 4752 1168 4822 Do·
1222 4747 1383 4822 homiues
1406 4771 1551 4845 propter
1567 4780 1671 4844 opera
1690 4756 1801 4826 iustos
1823 4783 1907 4826 esse.
1961 4760 2221 4852 ltaeregiune.

182 4854 328 4924 natistas
354 4867 389 4924 et
410 4850 627 4941 Pelagianos.
680 4850 768 4921 Nam
794 4852 1009 4940 irrepserant
1032 4854 1099 4921 iam
1129 4857 1167 4926 in
1219 4857 1431 4923 obscuratur
1445 4871 1478 4922 et
1497 4858 1673 4926 amittitur
1692 4860 1828 4928 iusticia
1852 4861 1935 4930 fidei
1953 4876 1988 4934 et
2008 4891 2090 4936 vera
2110 4884 2193 4933 exer·
2216 4846 2221 4911 l

181 4953 375 5026 Ecclesiam
392 4951 658 5046 philosophicae
675 4955 875 5045 opiniones,
902 4979 988 5046 qiras
1005 4954 1167 5039 Pelagius
1218 4957 1299 5024 citia
1329 4957 1526 5046 spiritualia
1560 4960 1803 5046 excutiuntur,
1836 4964 1968 5036 scilicet
1999 4992 2085 5037 vera
2105 4916 2221 5045 lovel

180 5058 422 5147 confirmavit,
450 5055 683 5143 Evangelium
711 5056 968 5125 transformans
989 5059 1025 5124 in
1047 5055 1163 5147 philo·
1218 5060 1327 5141 catio,
1356 5085 1460 5148 quaro
1477 5075 1613 5149 oportet
1632 5062 1697 5130 niti
1714 5065 1786 5131 sola
1803 5063 2062 5143 misericordia.
2108 5066 2191 5139 Sicut

171 5156 359 5249 ‘topliiam,
392 5160 627 5229 contendebat
652 5160 746 5226 enim
770 5151 861 5222 nihil
887 5182 960 5226 esse
985 5179 1163 5250 peccatum
1216 5184 1312 5229 rriirtc
1346 5163 1552 5230 deridemur
1578 5165 1623 5230 ab
1650 5166 1878 5247 adversariis,
1911 5172 1973 5261 qui
1998 5172 2124 5240 volunt
2150 5167 2191 5232 tl·

169 5262 347 5350 originis,
384 5255 644 5355 bomin‘es'legi
670 5259 734 5326 Dei
759 5257 956 5326 satisfacere
979 5286 1097 5349 posse,
1129 5279 1164 5335 et
1215 5265 1292 5332 deri
1327 5264 1600 5353 prudentiores,
1642 5291 1683 5334 ac
1717 5268 1957 5338 vociferantur
1992 5297 2061 5343 reos
2090 5273 2189 5360 inepte

176 5359 238 5430 illa
258 5370 402 5433 externa
417 5361 763 5434 obedientienereri
782 5360 1024 5433 remissionem
1040 5388 1161 5455 pecca-
1214 5390 1430 5458 exaggerare.
1450 5366 1721 5454 infirmitatem,
1763 5385 1798 5442 et
1827 5370 1982 5445 ridicule
2020 5368 2186 5451 detrahet·

537 4511 591 4584 De
614 4512 827 4601 Augustino.
