<?xml version="1.0" encoding="UTF-8"?>
<!DOCTYPE html PUBLIC "-//W3C//DTD XHTML 1.0 Transitional//EN"
    "http://www.w3.org/TR/xhtml1/DTD/xhtml1-transitional.dtd">
<html xmlns="http://www.w3.org/1999/xhtml" xml:lang="en" lang="en">
 <head>
  <title>
</title>
<meta http-equiv="Content-Type" content="text/html;charset=utf-8" />
  <meta name='ocr-system' content='tesseract 3.04.00' />
  <meta name='ocr-capabilities' content='ocr_page ocr_carea ocr_par ocr_line ocrx_word'/>
</head>
<body>
  <div class='ocr_page' id='page_1' title='image "./corpusreformato01melagoog/corpusreformato01melagoog_0367.png"; bbox 0 0 4522 5782; ppageno 0'>
   <div class='ocr_carea' id='block_1_1' title="bbox 188 151 2234 303">
    <p class='ocr_par' dir='ltr' id='par_1_1' title="bbox 188 151 2234 303">
     <span class='ocr_line' id='line_1_1' title="bbox 188 151 2234 303; baseline -0.007 -38"><span class='ocrx_word' id='word_1_1' title='bbox 188 174 277 265; x_wconf 80' lang='lat' dir='ltr'>ter:-</span> <span class='ocrx_word' id='word_1_2' title='bbox 372 192 491 265; x_wconf 84' lang='grc' dir='ltr'>,·.;.ῑ,</span> <span class='ocrx_word' id='word_1_3' title='bbox 650 244 656 255; x_wconf 94' lang='grc'>.</span> <span class='ocrx_word' id='word_1_4' title='bbox 786 155 914 257; x_wconf 66' lang='lat' dir='ltr'>tutta</span> <span class='ocrx_word' id='word_1_5' title='bbox 937 151 1293 255; x_wconf 68' lang='lat' dir='ltr'>nan-acuum</span> <span class='ocrx_word' id='word_1_6' title='bbox 1319 152 1621 255; x_wconf 62' lang='lat' dir='ltr'><strong>EXEGEUCA·</strong></span> <span class='ocrx_word' id='word_1_7' title='bbox 1757 266 1761 277; x_wconf 48' lang='grc'>,</span> <span class='ocrx_word' id='word_1_8' title='bbox 1863 186 1897 257; x_wconf 79' lang='lat' dir='ltr'>e</span> <span class='ocrx_word' id='word_1_9' title='bbox 1948 182 2050 256; x_wconf 66' lang='lat' dir='ltr'>‚terr</span> <span class='ocrx_word' id='word_1_10' title='bbox 2149 168 2234 303; x_wconf 80' lang='lat' dir='ltr'>tut</span> 
     </span>
    </p>
   </div>
   <div class='ocr_carea' id='block_1_2' title="bbox 166 328 2234 645">
    <p class='ocr_par' dir='ltr' id='par_1_2' title="bbox 166 328 2234 645">
     <span class='ocr_line' id='line_1_2' title="bbox 191 328 2234 445; baseline 0.012 -49"><span class='ocrx_word' id='word_1_11' title='bbox 191 353 244 445; x_wconf 60' lang='grc' dir='ltr'>,μ</span> <span class='ocrx_word' id='word_1_12' title='bbox 260 342 473 424; x_wconf 61' lang='lat' dir='ltr'>mamis,</span> <span class='ocrx_word' id='word_1_13' title='bbox 496 353 538 425; x_wconf 71' lang='lat' dir='ltr'>nt</span> <span class='ocrx_word' id='word_1_14' title='bbox 558 347 682 410; x_wconf 87' lang='lat' dir='ltr'>contra</span> <span class='ocrx_word' id='word_1_15' title='bbox 705 331 971 415; x_wconf 72' lang='lat' dir='ltr'>ordinationem</span> <span class='ocrx_word' id='word_1_16' title='bbox 985 328 1053 403; x_wconf 88' lang='lat' dir='ltr'>Dei</span> <span class='ocrx_word' id='word_1_17' title='bbox 1076 355 1181 425; x_wconf 89' lang='lat' dir='ltr'>appe.</span> <span class='ocrx_word' id='word_1_18' title='bbox 1240 331 1351 403; x_wconf 89' lang='lat' dir='ltr'>multa</span> <span class='ocrx_word' id='word_1_19' title='bbox 1376 332 1568 413; x_wconf 80' lang='lat' dir='ltr'>reformare</span> <span class='ocrx_word' id='word_1_20' title='bbox 1589 334 1629 403; x_wconf 91' lang='lat' dir='ltr'>iu</span> <span class='ocrx_word' id='word_1_21' title='bbox 1652 333 1815 409; x_wconf 88' lang='lat' dir='ltr'>doctriua</span> <span class='ocrx_word' id='word_1_22' title='bbox 1839 337 1895 415; x_wconf 80' lang='lat' dir='ltr'>vet</span> <span class='ocrx_word' id='word_1_23' title='bbox 1925 329 2033 421; x_wconf 48' lang='lat' dir='ltr'>ritib}</span> <span class='ocrx_word' id='word_1_24' title='bbox 2046 358 2234 426; x_wconf 65' lang='lat' dir='ltr'>sumatur.</span> 
     </span>
     <span class='ocr_line' id='line_1_3' title="bbox 192 432 2233 540; baseline 0.005 -29"><span class='ocrx_word' id='word_1_25' title='bbox 192 463 273 539; x_wconf 64' lang='lat' dir='ltr'>[pne</span> <span class='ocrx_word' id='word_1_26' title='bbox 295 448 400 540; x_wconf 86' lang='lat' dir='ltr'>impii</span> <span class='ocrx_word' id='word_1_27' title='bbox 423 446 664 536; x_wconf 87' lang='lat' dir='ltr'>voluptatem,</span> <span class='ocrx_word' id='word_1_28' title='bbox 689 451 867 532; x_wconf 87' lang='lat' dir='ltr'>quaeruut</span> <span class='ocrx_word' id='word_1_29' title='bbox 889 459 975 528; x_wconf 88' lang='lat' dir='ltr'>opes</span> <span class='ocrx_word' id='word_1_30' title='bbox 999 448 1034 507; x_wconf 90' lang='lat' dir='ltr'>et</span> <span class='ocrx_word' id='word_1_31' title='bbox 1057 444 1183 537; x_wconf 64' lang='lat' dir='ltr'>poten7</span> <span class='ocrx_word' id='word_1_32' title='bbox 1238 432 1312 502; x_wconf 82' lang='lat' dir='ltr'>Aut</span> <span class='ocrx_word' id='word_1_33' title='bbox 1336 459 1354 503; x_wconf 89' lang='lat' dir='ltr'>e</span> <span class='ocrx_word' id='word_1_34' title='bbox 1375 434 1541 524; x_wconf 79' lang='lat' dir='ltr'>regione,</span> <span class='ocrx_word' id='word_1_35' title='bbox 1568 461 1647 506; x_wconf 88' lang='lat' dir='ltr'>cum</span> <span class='ocrx_word' id='word_1_36' title='bbox 1664 439 1827 509; x_wconf 91' lang='lat' dir='ltr'>doctores</span> <span class='ocrx_word' id='word_1_37' title='bbox 1842 448 2233 525; x_wconf 76' lang='lat' dir='ltr'>extrasuumoificitun</span> 
     </span>
     <span class='ocr_line' id='line_1_4' title="bbox 166 534 2232 645; baseline 0.033 -90"><span class='ocrx_word' id='word_1_38' title='bbox 166 534 281 645; x_wconf 49' lang='grc' dir='ltr'>,Μ</span> <span class='ocrx_word' id='word_1_39' title='bbox 303 548 446 635; x_wconf 48' lang='grc' dir='ltr'>ἰωή,</span> <span class='ocrx_word' id='word_1_40' title='bbox 470 546 605 630; x_wconf 53' lang='grc' dir='ltr'>Μὴ,</span> <span class='ocrx_word' id='word_1_41' title='bbox 628 541 773 630; x_wconf 54' lang='lat' dir='ltr'>sugium</span> <span class='ocrx_word' id='word_1_42' title='bbox 793 563 965 612; x_wconf 58' lang='lat' dir='ltr'>erucem„</span> <span class='ocrx_word' id='word_1_43' title='bbox 999 536 1184 614; x_wconf 55' lang='lat' dir='ltr'>&#39;ratmu-</span> <span class='ocrx_word' id='word_1_44' title='bbox 1237 535 1358 609; x_wconf 86' lang='lat' dir='ltr'>civilia</span> <span class='ocrx_word' id='word_1_45' title='bbox 1380 537 1523 627; x_wconf 81' lang='lat' dir='ltr'>negotia</span> <span class='ocrx_word' id='word_1_46' title='bbox 1545 539 1589 611; x_wconf 92' lang='lat' dir='ltr'>ad</span> <span class='ocrx_word' id='word_1_47' title='bbox 1613 562 1712 610; x_wconf 86' lang='lat' dir='ltr'>suam</span> <span class='ocrx_word' id='word_1_48' title='bbox 1735 555 1942 632; x_wconf 88' lang='lat' dir='ltr'>potestatem</span> <span class='ocrx_word' id='word_1_49' title='bbox 1968 562 2160 636; x_wconf 81' lang='lat' dir='ltr'>revocant,</span> <span class='ocrx_word' id='word_1_50' title='bbox 2200 568 2232 624; x_wconf 89' lang='lat' dir='ltr'>et</span> 
     </span>
    </p>
   </div>
   <div class='ocr_carea' id='block_1_3' title="bbox 162 632 2253 2368">
    <p class='ocr_par' dir='ltr' id='par_1_3' title="bbox 162 632 2253 2368">
     <span class='ocr_line' id='line_1_5' title="bbox 191 632 2229 749; baseline -0.003 -26"><span class='ocrx_word' id='word_1_51' title='bbox 191 656 358 749; x_wconf 88' lang='lat' dir='ltr'>piditates</span> <span class='ocrx_word' id='word_1_52' title='bbox 398 653 561 733; x_wconf 86' lang='lat' dir='ltr'>damnat,</span> <span class='ocrx_word' id='word_1_53' title='bbox 602 667 693 739; x_wconf 87' lang='lat' dir='ltr'>quae</span> <span class='ocrx_word' id='word_1_54' title='bbox 733 653 954 736; x_wconf 89' lang='lat' dir='ltr'>occuparunt</span> <span class='ocrx_word' id='word_1_55' title='bbox 993 640 1183 723; x_wconf 80' lang='lat' dir='ltr'>maximam</span> <span class='ocrx_word' id='word_1_56' title='bbox 1239 632 1372 710; x_wconf 89' lang='lat' dir='ltr'>habeut</span> <span class='ocrx_word' id='word_1_57' title='bbox 1389 640 1540 711; x_wconf 87' lang='lat' dir='ltr'>alterum</span> <span class='ocrx_word' id='word_1_58' title='bbox 1559 644 1682 732; x_wconf 89' lang='lat' dir='ltr'>pedem</span> <span class='ocrx_word' id='word_1_59' title='bbox 1699 642 1737 710; x_wconf 92' lang='lat' dir='ltr'>in</span> <span class='ocrx_word' id='word_1_60' title='bbox 1754 640 1874 730; x_wconf 89' lang='lat' dir='ltr'>Curia,</span> <span class='ocrx_word' id='word_1_61' title='bbox 1887 646 2043 723; x_wconf 85' lang='lat' dir='ltr'>alterum</span> <span class='ocrx_word' id='word_1_62' title='bbox 2057 640 2229 726; x_wconf 69' lang='lat' dir='ltr'>infacta.</span> 
     </span>
     <span class='ocr_line' id='line_1_6' title="bbox 191 739 2228 848; baseline -0.001 -19"><span class='ocrx_word' id='word_1_63' title='bbox 191 756 322 829; x_wconf 87' lang='lat' dir='ltr'>mundi</span> <span class='ocrx_word' id='word_1_64' title='bbox 350 764 501 848; x_wconf 90' lang='lat' dir='ltr'>partem.</span> <span class='ocrx_word' id='word_1_65' title='bbox 559 747 660 822; x_wconf 88' lang='lat' dir='ltr'>Sicut</span> <span class='ocrx_word' id='word_1_66' title='bbox 688 744 850 815; x_wconf 83' lang='lat' dir='ltr'>videmus</span> <span class='ocrx_word' id='word_1_67' title='bbox 881 744 1016 835; x_wconf 87' lang='lat' dir='ltr'>ubique</span> <span class='ocrx_word' id='word_1_68' title='bbox 1045 741 1185 812; x_wconf 89' lang='lat' dir='ltr'>animos</span> <span class='ocrx_word' id='word_1_69' title='bbox 1238 741 1304 811; x_wconf 88' lang='lat' dir='ltr'>sia.</span> <span class='ocrx_word' id='word_1_70' title='bbox 1355 740 1458 813; x_wconf 88' lang='lat' dir='ltr'>Sicut</span> <span class='ocrx_word' id='word_1_71' title='bbox 1480 739 1738 834; x_wconf 71' lang='lat' dir='ltr'>Aristophanes</span> <span class='ocrx_word' id='word_1_72' title='bbox 1760 745 1901 819; x_wconf 88' lang='lat' dir='ltr'>dicebat</span> <span class='ocrx_word' id='word_1_73' title='bbox 1921 750 1967 822; x_wconf 86' lang='lat' dir='ltr'>dc</span> <span class='ocrx_word' id='word_1_74' title='bbox 1989 750 2146 841; x_wconf 83' lang='lat' dir='ltr'>Cleone,</span> <span class='ocrx_word' id='word_1_75' title='bbox 2169 751 2228 827; x_wconf 79' lang='lat' dir='ltr'>ha-</span> 
     </span>
     <span class='ocr_line' id='line_1_7' title="bbox 192 843 2226 942; baseline -0.001 -11"><span class='ocrx_word' id='word_1_76' title='bbox 192 854 382 931; x_wconf 89' lang='lat' dir='ltr'>hominum</span> <span class='ocrx_word' id='word_1_77' title='bbox 398 857 523 926; x_wconf 90' lang='lat' dir='ltr'>ardere</span> <span class='ocrx_word' id='word_1_78' title='bbox 538 851 625 920; x_wconf 90' lang='lat' dir='ltr'>alios</span> <span class='ocrx_word' id='word_1_79' title='bbox 642 848 722 919; x_wconf 90' lang='lat' dir='ltr'>aliis</span> <span class='ocrx_word' id='word_1_80' title='bbox 737 845 1008 938; x_wconf 85' lang='lat' dir='ltr'>cupiditatibus,</span> <span class='ocrx_word' id='word_1_81' title='bbox 1025 843 1185 928; x_wconf 89' lang='lat' dir='ltr'>avaritia,</span> <span class='ocrx_word' id='word_1_82' title='bbox 1239 843 1323 911; x_wconf 90' lang='lat' dir='ltr'>bere</span> <span class='ocrx_word' id='word_1_83' title='bbox 1349 866 1429 913; x_wconf 89' lang='lat' dir='ltr'>eum</span> <span class='ocrx_word' id='word_1_84' title='bbox 1452 843 1605 916; x_wconf 87' lang='lat' dir='ltr'>alterurn</span> <span class='ocrx_word' id='word_1_85' title='bbox 1628 848 1753 938; x_wconf 89' lang='lat' dir='ltr'>pedem</span> <span class='ocrx_word' id='word_1_86' title='bbox 1777 848 1818 917; x_wconf 89' lang='lat' dir='ltr'>in</span> <span class='ocrx_word' id='word_1_87' title='bbox 1840 851 1983 942; x_wconf 85' lang='lat' dir='ltr'>castris,</span> <span class='ocrx_word' id='word_1_88' title='bbox 2020 856 2174 931; x_wconf 86' lang='lat' dir='ltr'>alterum</span> <span class='ocrx_word' id='word_1_89' title='bbox 2193 860 2226 931; x_wconf 93' lang='lat' dir='ltr'>iu</span> 
     </span>
     <span class='ocr_line' id='line_1_8' title="bbox 193 942 1421 1048; baseline -0.013 -17"><span class='ocrx_word' id='word_1_90' title='bbox 193 961 412 1048; x_wconf 71' lang='lat' dir='ltr'>ambitione,</span> <span class='ocrx_word' id='word_1_91' title='bbox 445 954 678 1041; x_wconf 88' lang='lat' dir='ltr'>libidinibus,</span> <span class='ocrx_word' id='word_1_92' title='bbox 719 963 755 1018; x_wconf 87' lang='lat' dir='ltr'>et</span> <span class='ocrx_word' id='word_1_93' title='bbox 773 961 926 1041; x_wconf 83' lang='lat' dir='ltr'>¹propter</span> <span class='ocrx_word' id='word_1_94' title='bbox 950 942 1014 1017; x_wconf 83' lang='lat' dir='ltr'>has</span> <span class='ocrx_word' id='word_1_95' title='bbox 1037 946 1185 1028; x_wconf 79' lang='lat' dir='ltr'>miscere</span> <span class='ocrx_word' id='word_1_96' title='bbox 1240 944 1421 1015; x_wconf 82' lang='lat' dir='ltr'>concione.</span> 
     </span>
     <span class='ocr_line' id='line_1_9' title="bbox 194 1045 2223 1155; baseline 0.001 -22"><span class='ocrx_word' id='word_1_97' title='bbox 194 1063 318 1133; x_wconf 90' lang='lat' dir='ltr'>orbem</span> <span class='ocrx_word' id='word_1_98' title='bbox 352 1073 527 1132; x_wconf 89' lang='lat' dir='ltr'>terrarum</span> <span class='ocrx_word' id='word_1_99' title='bbox 561 1050 792 1137; x_wconf 73' lang='lat' dir='ltr'>tumultibus,</span> <span class='ocrx_word' id='word_1_100' title='bbox 831 1050 1019 1140; x_wconf 82' lang='lat' dir='ltr'>caedibus,</span> <span class='ocrx_word' id='word_1_101' title='bbox 1062 1048 1187 1135; x_wconf 89' lang='lat' dir='ltr'>bellis,</span> <span class='ocrx_word' id='word_1_102' title='bbox 1340 1045 1503 1117; x_wconf 89' lang='lat' dir='ltr'>Primum</span> <span class='ocrx_word' id='word_1_103' title='bbox 1520 1045 1629 1139; x_wconf 86' lang='lat' dir='ltr'>igitur</span> <span class='ocrx_word' id='word_1_104' title='bbox 1644 1051 1912 1137; x_wconf 86' lang='lat' dir='ltr'>meminerimus</span> <span class='ocrx_word' id='word_1_105' title='bbox 1928 1051 1987 1129; x_wconf 91' lang='lat' dir='ltr'>hic</span> <span class='ocrx_word' id='word_1_106' title='bbox 2005 1060 2172 1155; x_wconf 87' lang='lat' dir='ltr'>praecipi,</span> <span class='ocrx_word' id='word_1_107' title='bbox 2185 1086 2223 1135; x_wconf 84' lang='lat' dir='ltr'>ne</span> 
     </span>
     <span class='ocr_line' id='line_1_10' title="bbox 195 1149 2253 1256; baseline 0.002 -23"><span class='ocrx_word' id='word_1_108' title='bbox 195 1165 286 1236; x_wconf 91' lang='lat' dir='ltr'>sicut</span> <span class='ocrx_word' id='word_1_109' title='bbox 301 1161 508 1256; x_wconf 85' lang='lat' dir='ltr'>quotidiana</span> <span class='ocrx_word' id='word_1_110' title='bbox 523 1156 596 1229; x_wconf 85' lang='lat' dir='ltr'>vita</span> <span class='ocrx_word' id='word_1_111' title='bbox 614 1167 773 1233; x_wconf 89' lang='lat' dir='ltr'>testatur,</span> <span class='ocrx_word' id='word_1_112' title='bbox 787 1167 820 1226; x_wconf 89' lang='lat' dir='ltr'>et</span> <span class='ocrx_word' id='word_1_113' title='bbox 839 1149 1008 1224; x_wconf 80' lang='lat' dir='ltr'>historiae</span> <span class='ocrx_word' id='word_1_114' title='bbox 1024 1150 1185 1221; x_wconf 89' lang='lat' dir='ltr'>omnium</span> <span class='ocrx_word' id='word_1_115' title='bbox 1240 1151 1494 1220; x_wconf 77' lang='lat' dir='ltr'>conturbemus</span> <span class='ocrx_word' id='word_1_116' title='bbox 1516 1151 1760 1239; x_wconf 80' lang='lat' dir='ltr'>vocatiouem,</span> <span class='ocrx_word' id='word_1_117' title='bbox 1786 1156 1849 1225; x_wconf 87' lang='lat' dir='ltr'>sed</span> <span class='ocrx_word' id='word_1_118' title='bbox 1865 1173 1903 1233; x_wconf 91' lang='lat' dir='ltr'>ut</span> <span class='ocrx_word' id='word_1_119' title='bbox 1918 1161 2053 1250; x_wconf 83' lang='lat' dir='ltr'>singuli</span> <span class='ocrx_word' id='word_1_120' title='bbox 2069 1187 2154 1235; x_wconf 89' lang='lat' dir='ltr'>suae</span> <span class='ocrx_word' id='word_1_121' title='bbox 2167 1191 2221 1237; x_wconf 83' lang='lat' dir='ltr'>ro-</span> <span class='ocrx_word' id='word_1_122' title='bbox 2251 1164 2253 1211; x_wconf 67' lang='lat'>³</span> 
     </span>
     <span class='ocr_line' id='line_1_11' title="bbox 193 1250 2220 1360; baseline 0.007 -43"><span class='ocrx_word' id='word_1_123' title='bbox 193 1278 407 1360; x_wconf 55' lang='lat' dir='ltr'>tempofflm,</span> <span class='ocrx_word' id='word_1_124' title='bbox 609 1290 616 1299; x_wconf 89' lang='lat'>-</span> <span class='ocrx_word' id='word_1_125' title='bbox 1240 1250 1390 1321; x_wconf 90' lang='lat' dir='ltr'>cationis</span> <span class='ocrx_word' id='word_1_126' title='bbox 1407 1251 1521 1323; x_wconf 86' lang='lat' dir='ltr'>officia</span> <span class='ocrx_word' id='word_1_127' title='bbox 1539 1252 1729 1344; x_wconf 88' lang='lat' dir='ltr'>diligenter</span> <span class='ocrx_word' id='word_1_128' title='bbox 1749 1256 1893 1335; x_wconf 88' lang='lat' dir='ltr'>faciant.</span> <span class='ocrx_word' id='word_1_129' title='bbox 1944 1263 2114 1337; x_wconf 87' lang='lat' dir='ltr'>Alterum</span> <span class='ocrx_word' id='word_1_130' title='bbox 2133 1290 2220 1359; x_wconf 82' lang='lat' dir='ltr'>pese-</span> 
     </span>
     <span class='ocr_line' id='line_1_12' title="bbox 297 1353 2220 1459; baseline 0.001 -22"><span class='ocrx_word' id='word_1_131' title='bbox 297 1362 453 1437; x_wconf 84' lang='lat' dir='ltr'>Ecoutrs</span> <span class='ocrx_word' id='word_1_132' title='bbox 474 1375 591 1434; x_wconf 84' lang='lat' dir='ltr'>eutem</span> <span class='ocrx_word' id='word_1_133' title='bbox 608 1358 706 1429; x_wconf 91' lang='lat' dir='ltr'>iubet</span> <span class='ocrx_word' id='word_1_134' title='bbox 722 1355 888 1427; x_wconf 87' lang='lat' dir='ltr'>renovari</span> <span class='ocrx_word' id='word_1_135' title='bbox 905 1368 1042 1440; x_wconf 89' lang='lat' dir='ltr'>mente,</span> <span class='ocrx_word' id='word_1_136' title='bbox 1068 1353 1187 1440; x_wconf 86' lang='lat' dir='ltr'>idest,</span> <span class='ocrx_word' id='word_1_137' title='bbox 1240 1367 1381 1443; x_wconf 90' lang='lat' dir='ltr'>ceptum</span> <span class='ocrx_word' id='word_1_138' title='bbox 1403 1366 1500 1425; x_wconf 88' lang='lat' dir='ltr'>vetat</span> <span class='ocrx_word' id='word_1_139' title='bbox 1526 1353 1682 1426; x_wconf 89' lang='lat' dir='ltr'>iudicare</span> <span class='ocrx_word' id='word_1_140' title='bbox 1705 1375 1828 1432; x_wconf 88' lang='lat' dir='ltr'>contra</span> <span class='ocrx_word' id='word_1_141' title='bbox 1852 1366 2106 1457; x_wconf 87' lang='lat' dir='ltr'>praescriptam</span> <span class='ocrx_word' id='word_1_142' title='bbox 2128 1392 2220 1459; x_wconf 83' lang='lat' dir='ltr'>regu-</span> 
     </span>
     <span class='ocr_line' id='line_1_13' title="bbox 194 1450 2219 1545; baseline 0.002 -7"><span class='ocrx_word' id='word_1_143' title='bbox 194 1469 293 1540; x_wconf 90' lang='lat' dir='ltr'>iubet</span> <span class='ocrx_word' id='word_1_144' title='bbox 311 1491 376 1537; x_wconf 92' lang='lat' dir='ltr'>nos</span> <span class='ocrx_word' id='word_1_145' title='bbox 392 1467 497 1538; x_wconf 89' lang='lat' dir='ltr'>aliter</span> <span class='ocrx_word' id='word_1_146' title='bbox 514 1464 665 1545; x_wconf 89' lang='lat' dir='ltr'>sentire,</span> <span class='ocrx_word' id='word_1_147' title='bbox 694 1460 783 1530; x_wconf 87' lang='lat' dir='ltr'>alias</span> <span class='ocrx_word' id='word_1_148' title='bbox 802 1459 953 1530; x_wconf 81' lang='lat' dir='ltr'>noticias</span> <span class='ocrx_word' id='word_1_149' title='bbox 968 1461 1012 1529; x_wconf 92' lang='lat' dir='ltr'>de</span> <span class='ocrx_word' id='word_1_150' title='bbox 1026 1455 1126 1544; x_wconf 89' lang='lat' dir='ltr'>Deo,</span> <span class='ocrx_word' id='word_1_151' title='bbox 1153 1470 1187 1526; x_wconf 92' lang='lat' dir='ltr'>et</span> <span class='ocrx_word' id='word_1_152' title='bbox 1239 1454 1329 1534; x_wconf 91' lang='lat' dir='ltr'>lam,</span> <span class='ocrx_word' id='word_1_153' title='bbox 1356 1450 1505 1541; x_wconf 86' lang='lat' dir='ltr'>hocest,</span> <span class='ocrx_word' id='word_1_154' title='bbox 1538 1470 1661 1531; x_wconf 85' lang='lat' dir='ltr'>contra</span> <span class='ocrx_word' id='word_1_155' title='bbox 1685 1462 1834 1535; x_wconf 86' lang='lat' dir='ltr'>verbum</span> <span class='ocrx_word' id='word_1_156' title='bbox 1858 1463 1927 1536; x_wconf 90' lang='lat' dir='ltr'>Dei</span> <span class='ocrx_word' id='word_1_157' title='bbox 1954 1481 1988 1537; x_wconf 89' lang='lat' dir='ltr'>et</span> <span class='ocrx_word' id='word_1_158' title='bbox 2009 1468 2152 1542; x_wconf 87' lang='lat' dir='ltr'>saniora</span> <span class='ocrx_word' id='word_1_159' title='bbox 2173 1473 2219 1542; x_wconf 86' lang='lat' dir='ltr'>iu·</span> 
     </span>
     <span class='ocr_line' id='line_1_14' title="bbox 194 1556 2222 1667; baseline 0.002 -27"><span class='ocrx_word' id='word_1_160' title='bbox 194 1571 283 1640; x_wconf 87' lang='lat' dir='ltr'>alios</span> <span class='ocrx_word' id='word_1_161' title='bbox 299 1570 446 1639; x_wconf 85' lang='lat' dir='ltr'>affectus</span> <span class='ocrx_word' id='word_1_162' title='bbox 462 1566 668 1656; x_wconf 87' lang='lat' dir='ltr'>concipere,</span> <span class='ocrx_word' id='word_1_163' title='bbox 695 1561 862 1632; x_wconf 84' lang='lat' dir='ltr'>videlicet</span> <span class='ocrx_word' id='word_1_164' title='bbox 878 1583 1002 1629; x_wconf 90' lang='lat' dir='ltr'>verum</span> <span class='ocrx_word' id='word_1_165' title='bbox 1021 1560 1185 1629; x_wconf 90' lang='lat' dir='ltr'>timorem</span> <span class='ocrx_word' id='word_1_166' title='bbox 1239 1556 1343 1628; x_wconf 90' lang='lat' dir='ltr'>dicia.</span> <span class='ocrx_word' id='word_1_167' title='bbox 1396 1557 1498 1643; x_wconf 86' lang='lat' dir='ltr'>Sicut</span> <span class='ocrx_word' id='word_1_168' title='bbox 1523 1558 1637 1653; x_wconf 84' lang='lat' dir='ltr'>aliqui</span> <span class='ocrx_word' id='word_1_169' title='bbox 1665 1575 1839 1638; x_wconf 87' lang='lat' dir='ltr'>tumentes</span> <span class='ocrx_word' id='word_1_170' title='bbox 1871 1568 1971 1641; x_wconf 92' lang='lat' dir='ltr'>inani</span> <span class='ocrx_word' id='word_1_171' title='bbox 2001 1573 2222 1667; x_wconf 79' lang='lat' dir='ltr'>persuasione</span> 
     </span>
     <span class='ocr_line' id='line_1_15' title="bbox 193 1659 2218 1763; baseline 0.002 -21"><span class='ocrx_word' id='word_1_172' title='bbox 193 1669 263 1742; x_wconf 89' lang='lat' dir='ltr'>Dei</span> <span class='ocrx_word' id='word_1_173' title='bbox 292 1684 327 1742; x_wconf 95' lang='lat' dir='ltr'>et</span> <span class='ocrx_word' id='word_1_174' title='bbox 352 1693 470 1740; x_wconf 88' lang='lat' dir='ltr'>veram</span> <span class='ocrx_word' id='word_1_175' title='bbox 490 1669 615 1761; x_wconf 80' lang='lat' dir='ltr'>fidem,</span> <span class='ocrx_word' id='word_1_176' title='bbox 650 1680 692 1737; x_wconf 89' lang='lat' dir='ltr'>ut</span> <span class='ocrx_word' id='word_1_177' title='bbox 714 1661 1186 1763; x_wconf 54' lang='lat' dir='ltr'>anteferamus‘voluntatem</span> <span class='ocrx_word' id='word_1_178' title='bbox 1238 1659 1427 1748; x_wconf 86' lang='lat' dir='ltr'>singularis</span> <span class='ocrx_word' id='word_1_179' title='bbox 1441 1660 1653 1752; x_wconf 85' lang='lat' dir='ltr'>sapientiae,</span> <span class='ocrx_word' id='word_1_180' title='bbox 1677 1680 1799 1739; x_wconf 89' lang='lat' dir='ltr'>serunt</span> <span class='ocrx_word' id='word_1_181' title='bbox 1815 1693 1924 1741; x_wconf 87' lang='lat' dir='ltr'>novas</span> <span class='ocrx_word' id='word_1_182' title='bbox 1939 1670 2151 1761; x_wconf 84' lang='lat' dir='ltr'>opiniones,</span> <span class='ocrx_word' id='word_1_183' title='bbox 2166 1675 2218 1745; x_wconf 89' lang='lat' dir='ltr'>iu·</span> 
     </span>
     <span class='ocr_line' id='line_1_16' title="bbox 191 1760 2219 1863; baseline 0.003 -22"><span class='ocrx_word' id='word_1_184' title='bbox 191 1760 261 1845; x_wconf 85' lang='lat' dir='ltr'>Dei</span> <span class='ocrx_word' id='word_1_185' title='bbox 293 1771 426 1841; x_wconf 88' lang='lat' dir='ltr'>nostris</span> <span class='ocrx_word' id='word_1_186' title='bbox 448 1769 713 1860; x_wconf 82' lang='lat' dir='ltr'>cupiditatibus.</span> <span class='ocrx_word' id='word_1_187' title='bbox 1239 1760 1391 1832; x_wconf 89' lang='lat' dir='ltr'>stitouut</span> <span class='ocrx_word' id='word_1_188' title='bbox 1414 1786 1527 1832; x_wconf 91' lang='lat' dir='ltr'>novos</span> <span class='ocrx_word' id='word_1_189' title='bbox 1547 1765 1680 1853; x_wconf 87' lang='lat' dir='ltr'>cultus,</span> <span class='ocrx_word' id='word_1_190' title='bbox 1706 1769 1901 1843; x_wconf 84' lang='lat' dir='ltr'>offundunt</span> <span class='ocrx_word' id='word_1_191' title='bbox 1925 1772 2117 1863; x_wconf 86' lang='lat' dir='ltr'>caliginem</span> <span class='ocrx_word' id='word_1_192' title='bbox 2138 1777 2219 1847; x_wconf 83' lang='lat' dir='ltr'>reris</span> 
     </span>
     <span class='ocr_line' id='line_1_17' title="bbox 296 1862 2216 1971; baseline 0.004 -28"><span class='ocrx_word' id='word_1_193' title='bbox 296 1871 381 1943; x_wconf 92' lang='lat' dir='ltr'>ldeo</span> <span class='ocrx_word' id='word_1_194' title='bbox 400 1873 516 1943; x_wconf 79' lang='lat' dir='ltr'>addite</span> <span class='ocrx_word' id='word_1_195' title='bbox 551 1867 599 1940; x_wconf 88' lang='lat' dir='ltr'>Ut</span> <span class='ocrx_word' id='word_1_196' title='bbox 615 1865 828 1958; x_wconf 85' lang='lat' dir='ltr'>agnoscatis,</span> <span class='ocrx_word' id='word_1_197' title='bbox 851 1887 942 1959; x_wconf 87' lang='lat' dir='ltr'>quae</span> <span class='ocrx_word' id='word_1_198' title='bbox 960 1862 1006 1935; x_wconf 91' lang='lat' dir='ltr'>sit</span> <span class='ocrx_word' id='word_1_199' title='bbox 1020 1865 1185 1934; x_wconf 85' lang='lat' dir='ltr'>voluntas</span> <span class='ocrx_word' id='word_1_200' title='bbox 1238 1875 1272 1932; x_wconf 91' lang='lat' dir='ltr'>et</span> <span class='ocrx_word' id='word_1_201' title='bbox 1296 1865 1502 1935; x_wconf 89' lang='lat' dir='ltr'>necessariis</span> <span class='ocrx_word' id='word_1_202' title='bbox 1525 1866 1693 1941; x_wconf 87' lang='lat' dir='ltr'>articulis.</span> <span class='ocrx_word' id='word_1_203' title='bbox 1755 1869 1860 1943; x_wconf 91' lang='lat' dir='ltr'>Hanc</span> <span class='ocrx_word' id='word_1_204' title='bbox 1885 1875 2074 1947; x_wconf 80' lang='lat' dir='ltr'>audaciam</span> <span class='ocrx_word' id='word_1_205' title='bbox 2098 1877 2216 1971; x_wconf 86' lang='lat' dir='ltr'>inpri-</span> 
     </span>
     <span class='ocr_line' id='line_1_18' title="bbox 193 1964 2216 2065; baseline 0.001 -21"><span class='ocrx_word' id='word_1_206' title='bbox 193 1973 264 2049; x_wconf 84' lang='lat' dir='ltr'>Dei</span> <span class='ocrx_word' id='word_1_207' title='bbox 286 1976 380 2046; x_wconf 89' lang='lat' dir='ltr'>bona</span> <span class='ocrx_word' id='word_1_208' title='bbox 404 1988 469 2045; x_wconf 90' lang='lat' dir='ltr'>etc.</span> <span class='ocrx_word' id='word_1_209' title='bbox 522 1970 563 2041; x_wconf 82' lang='lat' dir='ltr'>lel</span> <span class='ocrx_word' id='word_1_210' title='bbox 587 1973 681 2040; x_wconf 90' lang='lat' dir='ltr'>enim</span> <span class='ocrx_word' id='word_1_211' title='bbox 706 1967 914 2059; x_wconf 90' lang='lat' dir='ltr'>simpliciter</span> <span class='ocrx_word' id='word_1_212' title='bbox 931 1967 1111 2057; x_wconf 92' lang='lat' dir='ltr'>intelligo,</span> <span class='ocrx_word' id='word_1_213' title='bbox 1139 1970 1184 2037; x_wconf 89' lang='lat' dir='ltr'>dc</span> <span class='ocrx_word' id='word_1_214' title='bbox 1239 1964 1305 2033; x_wconf 86' lang='lat' dir='ltr'>mis</span> <span class='ocrx_word' id='word_1_215' title='bbox 1327 1967 1596 2039; x_wconf 79' lang='lat' dir='ltr'>meminerimus</span> <span class='ocrx_word' id='word_1_216' title='bbox 1620 1965 1679 2043; x_wconf 91' lang='lat' dir='ltr'>hic</span> <span class='ocrx_word' id='word_1_217' title='bbox 1703 1969 1905 2064; x_wconf 84' lang='lat' dir='ltr'>prohiberi,</span> <span class='ocrx_word' id='word_1_218' title='bbox 1939 2000 2021 2046; x_wconf 91' lang='lat' dir='ltr'>cum</span> <span class='ocrx_word' id='word_1_219' title='bbox 2046 1978 2158 2065; x_wconf 86' lang='lat' dir='ltr'>iubet,</span> <span class='ocrx_word' id='word_1_220' title='bbox 2180 1995 2216 2052; x_wconf 89' lang='lat' dir='ltr'>ut</span> 
     </span>
     <span class='ocr_line' id='line_1_19' title="bbox 162 2069 2214 2169; baseline 0.003 -23"><span class='ocrx_word' id='word_1_221' title='bbox 162 2079 379 2159; x_wconf 79' lang='lat' dir='ltr'>,voluntate</span> <span class='ocrx_word' id='word_1_222' title='bbox 397 2075 466 2147; x_wconf 89' lang='lat' dir='ltr'>Dei</span> <span class='ocrx_word' id='word_1_223' title='bbox 491 2075 670 2166; x_wconf 91' lang='lat' dir='ltr'>proposita</span> <span class='ocrx_word' id='word_1_224' title='bbox 693 2071 733 2139; x_wconf 95' lang='lat' dir='ltr'>in</span> <span class='ocrx_word' id='word_1_225' title='bbox 755 2070 949 2162; x_wconf 89' lang='lat' dir='ltr'>praeceptis</span> <span class='ocrx_word' id='word_1_226' title='bbox 975 2083 1008 2140; x_wconf 92' lang='lat' dir='ltr'>et</span> <span class='ocrx_word' id='word_1_227' title='bbox 1030 2070 1183 2161; x_wconf 85' lang='lat' dir='ltr'>promis·</span> <span class='ocrx_word' id='word_1_228' title='bbox 1238 2069 1482 2162; x_wconf 80' lang='lat' dir='ltr'>unusquisque</span> <span class='ocrx_word' id='word_1_229' title='bbox 1499 2088 1664 2160; x_wconf 88' lang='lat' dir='ltr'>agnoscat</span> <span class='ocrx_word' id='word_1_230' title='bbox 1680 2099 1881 2147; x_wconf 91' lang='lat' dir='ltr'>mensuram</span> <span class='ocrx_word' id='word_1_231' title='bbox 1904 2078 1960 2148; x_wconf 90' lang='lat' dir='ltr'>sui</span> <span class='ocrx_word' id='word_1_232' title='bbox 1976 2080 2085 2168; x_wconf 92' lang='lat' dir='ltr'>doni,</span> <span class='ocrx_word' id='word_1_233' title='bbox 2112 2082 2214 2169; x_wconf 89' lang='lat' dir='ltr'>idest,</span> 
     </span>
     <span class='ocr_line' id='line_1_20' title="bbox 195 2170 2253 2275; baseline 0.002 -25"><span class='ocrx_word' id='word_1_234' title='bbox 195 2180 369 2250; x_wconf 85' lang='lat' dir='ltr'>sionibus.</span> <span class='ocrx_word' id='word_1_235' title='bbox 424 2176 525 2247; x_wconf 89' lang='lat' dir='ltr'>lubet</span> <span class='ocrx_word' id='word_1_236' title='bbox 540 2175 633 2243; x_wconf 92' lang='lat' dir='ltr'>enim</span> <span class='ocrx_word' id='word_1_237' title='bbox 652 2175 699 2243; x_wconf 91' lang='lat' dir='ltr'>ita</span> <span class='ocrx_word' id='word_1_238' title='bbox 717 2173 955 2255; x_wconf 90' lang='lat' dir='ltr'>renovari,ut</span> <span class='ocrx_word' id='word_1_239' title='bbox 970 2195 1099 2242; x_wconf 90' lang='lat' dir='ltr'>novam</span> <span class='ocrx_word' id='word_1_240' title='bbox 1115 2196 1184 2240; x_wconf 92' lang='lat' dir='ltr'>no·</span> <span class='ocrx_word' id='word_1_241' title='bbox 1237 2170 1473 2242; x_wconf 73' lang='lat' dir='ltr'>revocationi</span> <span class='ocrx_word' id='word_1_242' title='bbox 1496 2196 1578 2243; x_wconf 90' lang='lat' dir='ltr'>suae</span> <span class='ocrx_word' id='word_1_243' title='bbox 1601 2177 1838 2268; x_wconf 90' lang='lat' dir='ltr'>obtemperet,</span> <span class='ocrx_word' id='word_1_244' title='bbox 1864 2191 1899 2251; x_wconf 91' lang='lat' dir='ltr'>et</span> <span class='ocrx_word' id='word_1_245' title='bbox 1923 2184 2212 2275; x_wconf 79' lang='lat' dir='ltr'>nonsumatsibi</span> <span class='ocrx_word' id='word_1_246' title='bbox 2251 2253 2253 2263; x_wconf 79' lang='grc'>,</span> 
     </span>
     <span class='ocr_line' id='line_1_21' title="bbox 193 2270 2211 2368; baseline 0.002 -15"><span class='ocrx_word' id='word_1_247' title='bbox 193 2282 317 2353; x_wconf 90' lang='lat' dir='ltr'>ticiam</span> <span class='ocrx_word' id='word_1_248' title='bbox 341 2282 385 2348; x_wconf 90' lang='lat' dir='ltr'>de</span> <span class='ocrx_word' id='word_1_249' title='bbox 408 2275 485 2347; x_wconf 89' lang='lat' dir='ltr'>Deo</span> <span class='ocrx_word' id='word_1_250' title='bbox 510 2277 770 2368; x_wconf 88' lang='lat' dir='ltr'>concipiamus,</span> <span class='ocrx_word' id='word_1_251' title='bbox 805 2286 840 2343; x_wconf 90' lang='lat' dir='ltr'>et</span> <span class='ocrx_word' id='word_1_252' title='bbox 855 2274 1047 2343; x_wconf 87' lang='lat' dir='ltr'>induamus</span> <span class='ocrx_word' id='word_1_253' title='bbox 1071 2296 1184 2343; x_wconf 86' lang='lat' dir='ltr'>novos</span> <span class='ocrx_word' id='word_1_254' title='bbox 1237 2270 1411 2343; x_wconf 90' lang='lat' dir='ltr'>iudicium</span> <span class='ocrx_word' id='word_1_255' title='bbox 1437 2281 1713 2368; x_wconf 90' lang='lat' dir='ltr'>supramodum</span> <span class='ocrx_word' id='word_1_256' title='bbox 1745 2282 1801 2352; x_wconf 90' lang='lat' dir='ltr'>sui</span> <span class='ocrx_word' id='word_1_257' title='bbox 1837 2280 1943 2367; x_wconf 86' lang='lat' dir='ltr'>doni,</span> <span class='ocrx_word' id='word_1_258' title='bbox 1984 2307 2062 2355; x_wconf 92' lang='lat' dir='ltr'>non</span> <span class='ocrx_word' id='word_1_259' title='bbox 2093 2286 2211 2359; x_wconf 81' lang='lat' dir='ltr'>incerte</span> 
     </span>
    </p>
   </div>
   <div class='ocr_carea' id='block_1_4' title="bbox 79 2373 1400 2465">
    <p class='ocr_par' dir='ltr' id='par_1_4' title="bbox 79 2373 1400 2465">
     <span class='ocr_line' id='line_1_22' title="bbox 79 2373 1400 2465; baseline -0.007 -10"><span class='ocrx_word' id='word_1_260' title='bbox 79 2394 81 2399; x_wconf 85' lang='grc'><strong>’</strong></span> <span class='ocrx_word' id='word_1_261' title='bbox 194 2383 360 2465; x_wconf 86' lang='lat' dir='ltr'>affectus,</span> <span class='ocrx_word' id='word_1_262' title='bbox 386 2380 549 2449; x_wconf 83' lang='lat' dir='ltr'>videlicet</span> <span class='ocrx_word' id='word_1_263' title='bbox 572 2402 695 2448; x_wconf 88' lang='lat' dir='ltr'>verum</span> <span class='ocrx_word' id='word_1_264' title='bbox 719 2376 882 2446; x_wconf 90' lang='lat' dir='ltr'>timorem</span> <span class='ocrx_word' id='word_1_265' title='bbox 905 2373 973 2444; x_wconf 87' lang='lat' dir='ltr'>Dei</span> <span class='ocrx_word' id='word_1_266' title='bbox 999 2390 1034 2447; x_wconf 91' lang='lat' dir='ltr'>et</span> <span class='ocrx_word' id='word_1_267' title='bbox 1064 2399 1183 2444; x_wconf 87' lang='lat' dir='ltr'>veram</span> <span class='ocrx_word' id='word_1_268' title='bbox 1237 2374 1400 2446; x_wconf 79' lang='lat' dir='ltr'>affirmet.</span> 
     </span>
    </p>
   </div>
   <div class='ocr_carea' id='block_1_5' title="bbox 194 2475 2211 2989">
    <p class='ocr_par' dir='ltr' id='par_1_5' title="bbox 194 2475 2211 2989">
     <span class='ocr_line' id='line_1_23' title="bbox 194 2475 2210 2571; baseline 0.003 -16"><span class='ocrx_word' id='word_1_269' title='bbox 194 2486 319 2567; x_wconf 77' lang='lat' dir='ltr'>fidem,</span> <span class='ocrx_word' id='word_1_270' title='bbox 335 2495 369 2552; x_wconf 90' lang='lat' dir='ltr'>et</span> <span class='ocrx_word' id='word_1_271' title='bbox 385 2476 423 2550; x_wconf 94' lang='lat' dir='ltr'>hi</span> <span class='ocrx_word' id='word_1_272' title='bbox 439 2480 583 2552; x_wconf 80' lang='lat' dir='ltr'>affectus</span> <span class='ocrx_word' id='word_1_273' title='bbox 599 2490 743 2549; x_wconf 83' lang='lat' dir='ltr'>exerant</span> <span class='ocrx_word' id='word_1_274' title='bbox 758 2501 794 2547; x_wconf 92' lang='lat' dir='ltr'>se</span> <span class='ocrx_word' id='word_1_275' title='bbox 809 2477 848 2546; x_wconf 93' lang='lat' dir='ltr'>in</span> <span class='ocrx_word' id='word_1_276' title='bbox 863 2478 961 2546; x_wconf 90' lang='lat' dir='ltr'>omni</span> <span class='ocrx_word' id='word_1_277' title='bbox 977 2499 1103 2566; x_wconf 82' lang='lat' dir='ltr'>genere</span> <span class='ocrx_word' id='word_1_278' title='bbox 1117 2478 1184 2547; x_wconf 92' lang='lat' dir='ltr'>bo·</span> <span class='ocrx_word' id='word_1_279' title='bbox 1319 2475 1450 2548; x_wconf 89' lang='lat' dir='ltr'>Paulus</span> <span class='ocrx_word' id='word_1_280' title='bbox 1465 2493 1566 2551; x_wconf 91' lang='lat' dir='ltr'>vocat</span> <span class='ocrx_word' id='word_1_281' title='bbox 1581 2505 1782 2553; x_wconf 89' lang='lat' dir='ltr'>mensuram</span> <span class='ocrx_word' id='word_1_282' title='bbox 1800 2484 1894 2571; x_wconf 85' lang='lat' dir='ltr'>fidei,</span> <span class='ocrx_word' id='word_1_283' title='bbox 1909 2510 2114 2559; x_wconf 87' lang='lat' dir='ltr'>mensuram</span> <span class='ocrx_word' id='word_1_284' title='bbox 2128 2488 2210 2571; x_wconf 83' lang='lat' dir='ltr'>doni,</span> 
     </span>
     <span class='ocr_line' id='line_1_24' title="bbox 194 2578 2211 2678; baseline 0.003 -21"><span class='ocrx_word' id='word_1_285' title='bbox 194 2608 325 2657; x_wconf 88' lang='lat' dir='ltr'>norum</span> <span class='ocrx_word' id='word_1_286' title='bbox 344 2606 514 2674; x_wconf 89' lang='lat' dir='ltr'>operum,</span> <span class='ocrx_word' id='word_1_287' title='bbox 540 2595 574 2654; x_wconf 89' lang='lat' dir='ltr'>et</span> <span class='ocrx_word' id='word_1_288' title='bbox 591 2579 865 2659; x_wconf 86' lang='lat' dir='ltr'>afflictionibus,</span> <span class='ocrx_word' id='word_1_289' title='bbox 882 2578 1046 2649; x_wconf 90' lang='lat' dir='ltr'>videlicet</span> <span class='ocrx_word' id='word_1_290' title='bbox 1062 2579 1128 2664; x_wconf 92' lang='lat' dir='ltr'>ita,</span> <span class='ocrx_word' id='word_1_291' title='bbox 1145 2578 1186 2651; x_wconf 87' lang='lat' dir='ltr'>si</span> <span class='ocrx_word' id='word_1_292' title='bbox 1237 2581 1332 2668; x_wconf 89' lang='lat' dir='ltr'>quod</span> <span class='ocrx_word' id='word_1_293' title='bbox 1349 2579 1386 2647; x_wconf 92' lang='lat' dir='ltr'>in</span> <span class='ocrx_word' id='word_1_294' title='bbox 1405 2581 1473 2649; x_wconf 85' lang='lat' dir='ltr'>fide</span> <span class='ocrx_word' id='word_1_295' title='bbox 1489 2585 1642 2652; x_wconf 80' lang='lat' dir='ltr'>exerceri</span> <span class='ocrx_word' id='word_1_296' title='bbox 1658 2587 1780 2672; x_wconf 92' lang='lat' dir='ltr'>dehet,</span> <span class='ocrx_word' id='word_1_297' title='bbox 1800 2601 1831 2657; x_wconf 92' lang='lat' dir='ltr'>et</span> <span class='ocrx_word' id='word_1_298' title='bbox 1850 2589 2031 2678; x_wconf 88' lang='lat' dir='ltr'>perfidem</span> <span class='ocrx_word' id='word_1_299' title='bbox 2048 2594 2167 2673; x_wconf 82' lang='lat' dir='ltr'>datur,</span> <span class='ocrx_word' id='word_1_300' title='bbox 2179 2604 2211 2663; x_wconf 93' lang='lat' dir='ltr'>ut</span> 
     </span>
     <span class='ocr_line' id='line_1_25' title="bbox 194 2678 2209 2779; baseline 0.001 -20"><span class='ocrx_word' id='word_1_301' title='bbox 194 2678 1184 2775; x_wconf 75' lang='lat' dir='ltr'>iuafflictionibusintelligamusDeoplacereobedien·</span> <span class='ocrx_word' id='word_1_302' title='bbox 1236 2680 1274 2748; x_wconf 95' lang='lat' dir='ltr'>in</span> <span class='ocrx_word' id='word_1_303' title='bbox 1299 2682 1452 2753; x_wconf 87' lang='lat' dir='ltr'>exercitu</span> <span class='ocrx_word' id='word_1_304' title='bbox 1474 2685 1565 2753; x_wconf 88' lang='lat' dir='ltr'>alius</span> <span class='ocrx_word' id='word_1_305' title='bbox 1587 2700 1640 2757; x_wconf 89' lang='lat' dir='ltr'>est</span> <span class='ocrx_word' id='word_1_306' title='bbox 1663 2690 1754 2772; x_wconf 85' lang='lat' dir='ltr'>dux,</span> <span class='ocrx_word' id='word_1_307' title='bbox 1792 2690 1882 2758; x_wconf 90' lang='lat' dir='ltr'>alius</span> <span class='ocrx_word' id='word_1_308' title='bbox 1907 2692 2096 2779; x_wconf 88' lang='lat' dir='ltr'>tribunus,</span> <span class='ocrx_word' id='word_1_309' title='bbox 2134 2695 2209 2763; x_wconf 85' lang='lat' dir='ltr'>alius</span> 
     </span>
     <span class='ocr_line' id='line_1_26' title="bbox 194 2783 2210 2879; baseline 0.003 -20"><span class='ocrx_word' id='word_1_310' title='bbox 194 2790 300 2873; x_wconf 90' lang='lat' dir='ltr'>tiam,</span> <span class='ocrx_word' id='word_1_311' title='bbox 325 2800 360 2858; x_wconf 91' lang='lat' dir='ltr'>et</span> <span class='ocrx_word' id='word_1_312' title='bbox 382 2800 565 2879; x_wconf 90' lang='lat' dir='ltr'>propterea</span> <span class='ocrx_word' id='word_1_313' title='bbox 587 2784 827 2859; x_wconf 88' lang='lat' dir='ltr'>sustineamus</span> <span class='ocrx_word' id='word_1_314' title='bbox 846 2784 1010 2865; x_wconf 87' lang='lat' dir='ltr'>adversa,</span> <span class='ocrx_word' id='word_1_315' title='bbox 1037 2808 1103 2856; x_wconf 90' lang='lat' dir='ltr'>nec</span> <span class='ocrx_word' id='word_1_316' title='bbox 1124 2785 1183 2854; x_wconf 84' lang='lat' dir='ltr'>fu·</span> <span class='ocrx_word' id='word_1_317' title='bbox 1237 2797 1415 2875; x_wconf 84' lang='lat' dir='ltr'>quaestor.</span> <span class='ocrx_word' id='word_1_318' title='bbox 1448 2783 1500 2854; x_wconf 90' lang='lat' dir='ltr'>lta</span> <span class='ocrx_word' id='word_1_319' title='bbox 1517 2783 1733 2859; x_wconf 84' lang='lat' dir='ltr'>inEcclesiis</span> <span class='ocrx_word' id='word_1_320' title='bbox 1747 2790 1808 2860; x_wconf 89' lang='lat' dir='ltr'>alii</span> <span class='ocrx_word' id='word_1_321' title='bbox 1824 2793 1987 2865; x_wconf 89' lang='lat' dir='ltr'>doctores</span> <span class='ocrx_word' id='word_1_322' title='bbox 2002 2790 2136 2867; x_wconf 90' lang='lat' dir='ltr'>habent</span> <span class='ocrx_word' id='word_1_323' title='bbox 2149 2820 2210 2866; x_wconf 86' lang='lat' dir='ltr'>ms·</span> 
     </span>
     <span class='ocr_line' id='line_1_27' title="bbox 195 2884 2209 2989; baseline 0.005 -31"><span class='ocrx_word' id='word_1_324' title='bbox 195 2892 331 2983; x_wconf 79' lang='lat' dir='ltr'>giemus</span> <span class='ocrx_word' id='word_1_325' title='bbox 353 2912 505 2960; x_wconf 88' lang='lat' dir='ltr'>crucem.</span> <span class='ocrx_word' id='word_1_326' title='bbox 1236 2884 1311 2954; x_wconf 89' lang='lat' dir='ltr'>iora</span> <span class='ocrx_word' id='word_1_327' title='bbox 1329 2886 1423 2956; x_wconf 90' lang='lat' dir='ltr'>dona</span> <span class='ocrx_word' id='word_1_328' title='bbox 1438 2886 1531 2960; x_wconf 90' lang='lat' dir='ltr'>aliis.</span> <span class='ocrx_word' id='word_1_329' title='bbox 1580 2887 1665 2960; x_wconf 91' lang='lat' dir='ltr'>ldeo</span> <span class='ocrx_word' id='word_1_330' title='bbox 1679 2905 1797 2980; x_wconf 88' lang='lat' dir='ltr'>postea</span> <span class='ocrx_word' id='word_1_331' title='bbox 1814 2895 1914 2966; x_wconf 87' lang='lat' dir='ltr'>addit</span> <span class='ocrx_word' id='word_1_332' title='bbox 1929 2894 2064 2968; x_wconf 87' lang='lat' dir='ltr'>Paulus</span> <span class='ocrx_word' id='word_1_333' title='bbox 2080 2921 2209 2989; x_wconf 79' lang='lat' dir='ltr'>enumc-</span> 
     </span>
    </p>
   </div>
   <div class='ocr_carea' id='block_1_6' title="bbox 69 2993 2253 5322">
    <p class='ocr_par' dir='ltr' id='par_1_6' title="bbox 69 2993 2253 5322">
     <span class='ocr_line' id='line_1_28' title="bbox 245 2993 2209 3164; baseline -0.012 -71"><span class='ocrx_word' id='word_1_334' title='bbox 245 3056 345 3133; x_wconf 51' lang='lat' dir='ltr'><em>Dico</em></span> <span class='ocrx_word' id='word_1_335' title='bbox 360 3055 536 3157; x_wconf 42' lang='lat' dir='ltr'>,disper</span> <span class='ocrx_word' id='word_1_336' title='bbox 546 3054 733 3153; x_wconf 53' lang='lat' dir='ltr'>granam,</span> <span class='ocrx_word' id='word_1_337' title='bbox 752 3077 847 3154; x_wconf 64' lang='lat' dir='ltr'>qm</span> <span class='ocrx_word' id='word_1_338' title='bbox 861 3049 1133 3127; x_wconf 46' lang='lat' dir='ltr'>dammim·</span> <span class='ocrx_word' id='word_1_339' title='bbox 1235 3000 1492 3164; x_wconf 51' lang='lat' dir='ltr'>pptrsplpclrpgdpt</span> <span class='ocrx_word' id='word_1_340' title='bbox 1515 2993 1646 3080; x_wconf 77' lang='lat' dir='ltr'>ungule</span> <span class='ocrx_word' id='word_1_341' title='bbox 1669 3011 1897 3068; x_wconf 72' lang='lat' dir='ltr'>memmerunt</span> <span class='ocrx_word' id='word_1_342' title='bbox 1920 3020 2004 3070; x_wconf 89' lang='lat' dir='ltr'>suae</span> <span class='ocrx_word' id='word_1_343' title='bbox 2029 3015 2209 3073; x_wconf 75' lang='lat' dir='ltr'>vocatione</span> 
     </span>
     <span class='ocr_line' id='line_1_29' title="bbox 299 3189 1833 3286; baseline -0.013 -22"><span class='ocrx_word' id='word_1_344' title='bbox 299 3192 397 3265; x_wconf 90' lang='lat' dir='ltr'>luter</span> <span class='ocrx_word' id='word_1_345' title='bbox 412 3194 583 3277; x_wconf 88' lang='lat' dir='ltr'>virtutes,</span> <span class='ocrx_word' id='word_1_346' title='bbox 601 3216 690 3286; x_wconf 90' lang='lat' dir='ltr'>quae</span> <span class='ocrx_word' id='word_1_347' title='bbox 707 3191 750 3261; x_wconf 93' lang='lat' dir='ltr'>ad</span> <span class='ocrx_word' id='word_1_348' title='bbox 767 3189 1022 3275; x_wconf 87' lang='lat' dir='ltr'>ministerium,</span> <span class='ocrx_word' id='word_1_349' title='bbox 1038 3213 1099 3263; x_wconf 88' lang='lat' dir='ltr'>seu</span> <span class='ocrx_word' id='word_1_350' title='bbox 1117 3214 1183 3281; x_wconf 92' lang='lat' dir='ltr'>gu·</span> <span class='ocrx_word' id='word_1_351' title='bbox 1594 3263 1600 3279; x_wconf 43' lang='grc' dir='ltr'>Ι</span> <span class='ocrx_word' id='word_1_352' title='bbox 1825 3265 1833 3282; x_wconf 92' lang='lat'>.</span> 
     </span>
     <span class='ocr_line' id='line_1_30' title="bbox 194 3259 1906 3383; baseline -0.013 -12"><span class='ocrx_word' id='word_1_353' title='bbox 194 3297 459 3382; x_wconf 87' lang='lat' dir='ltr'>bernatiouem,</span> <span class='ocrx_word' id='word_1_354' title='bbox 499 3319 561 3366; x_wconf 89' lang='lat' dir='ltr'>seu</span> <span class='ocrx_word' id='word_1_355' title='bbox 601 3292 944 3364; x_wconf 85' lang='lat' dir='ltr'>administrationem</span> <span class='ocrx_word' id='word_1_356' title='bbox 983 3294 1182 3383; x_wconf 85' lang='lat' dir='ltr'>pertinent,</span> <span class='ocrx_word' id='word_1_357' title='bbox 1552 3259 1637 3333; x_wconf 67' lang='lat'>3¹⁹⁶</span> <span class='ocrx_word' id='word_1_358' title='bbox 1660 3260 1906 3364; x_wconf 69' lang='lat' dir='ltr'>P70Ph⁶lmm0</span> 
     </span>
     <span class='ocr_line' id='line_1_31' title="bbox 196 3388 2206 3497; baseline 0.003 -27"><span class='ocrx_word' id='word_1_359' title='bbox 196 3402 289 3470; x_wconf 89' lang='lat' dir='ltr'>duae</span> <span class='ocrx_word' id='word_1_360' title='bbox 312 3411 396 3469; x_wconf 87' lang='lat' dir='ltr'>sunt</span> <span class='ocrx_word' id='word_1_361' title='bbox 420 3397 647 3489; x_wconf 84' lang='lat' dir='ltr'>praecipuae:</span> <span class='ocrx_word' id='word_1_362' title='bbox 687 3391 901 3465; x_wconf 87' lang='lat' dir='ltr'>Obedientia</span> <span class='ocrx_word' id='word_1_363' title='bbox 923 3395 961 3463; x_wconf 90' lang='lat' dir='ltr'>in</span> <span class='ocrx_word' id='word_1_364' title='bbox 985 3396 1183 3482; x_wconf 87' lang='lat' dir='ltr'>vocatione,</span> <span class='ocrx_word' id='word_1_365' title='bbox 1323 3388 1365 3461; x_wconf 90' lang='lat' dir='ltr'>ln</span> <span class='ocrx_word' id='word_1_366' title='bbox 1382 3395 1647 3467; x_wconf 90' lang='lat' dir='ltr'>enumeratione</span> <span class='ocrx_word' id='word_1_367' title='bbox 1662 3402 1871 3490; x_wconf 91' lang='lat' dir='ltr'>praescribit</span> <span class='ocrx_word' id='word_1_368' title='bbox 1888 3401 2103 3496; x_wconf 87' lang='lat' dir='ltr'>quibusdam</span> <span class='ocrx_word' id='word_1_369' title='bbox 2120 3427 2206 3497; x_wconf 83' lang='lat' dir='ltr'>regu·</span> 
     </span>
     <span class='ocr_line' id='line_1_32' title="bbox 197 3492 2205 3599; baseline 0.002 -28"><span class='ocrx_word' id='word_1_370' title='bbox 197 3499 497 3571; x_wconf 89' lang='lat' dir='ltr'>etinindicaudo</span> <span class='ocrx_word' id='word_1_371' title='bbox 519 3520 583 3568; x_wconf 91' lang='lat' dir='ltr'>seu</span> <span class='ocrx_word' id='word_1_372' title='bbox 607 3496 849 3581; x_wconf 91' lang='lat' dir='ltr'>instituendo,</span> <span class='ocrx_word' id='word_1_373' title='bbox 877 3498 1181 3568; x_wconf 87' lang='lat' dir='ltr'>uoncliscederea</span> <span class='ocrx_word' id='word_1_374' title='bbox 1233 3493 1302 3578; x_wconf 91' lang='lat' dir='ltr'>las,</span> <span class='ocrx_word' id='word_1_375' title='bbox 1326 3507 1366 3565; x_wconf 90' lang='lat' dir='ltr'>ut</span> <span class='ocrx_word' id='word_1_376' title='bbox 1383 3496 1426 3563; x_wconf 90' lang='lat' dir='ltr'>de</span> <span class='ocrx_word' id='word_1_377' title='bbox 1441 3492 1639 3590; x_wconf 89' lang='lat' dir='ltr'>Prophetis.</span> <span class='ocrx_word' id='word_1_378' title='bbox 1689 3500 1873 3590; x_wconf 88' lang='lat' dir='ltr'>Significat</span> <span class='ocrx_word' id='word_1_379' title='bbox 1893 3519 2012 3577; x_wconf 88' lang='lat' dir='ltr'>autem</span> <span class='ocrx_word' id='word_1_380' title='bbox 2031 3503 2205 3599; x_wconf 84' lang='lat' dir='ltr'>Prophetis</span> 
     </span>
     <span class='ocr_line' id='line_1_33' title="bbox 196 3596 2204 3695; baseline 0.002 -23"><span class='ocrx_word' id='word_1_381' title='bbox 196 3601 411 3695; x_wconf 86' lang='lat' dir='ltr'>praescripta</span> <span class='ocrx_word' id='word_1_382' title='bbox 436 3600 556 3689; x_wconf 89' lang='lat' dir='ltr'>regula</span> <span class='ocrx_word' id='word_1_383' title='bbox 581 3622 642 3668; x_wconf 89' lang='lat' dir='ltr'>seu</span> <span class='ocrx_word' id='word_1_384' title='bbox 666 3600 844 3669; x_wconf 89' lang='lat' dir='ltr'>mandato.</span> <span class='ocrx_word' id='word_1_385' title='bbox 913 3596 1034 3687; x_wconf 88' lang='lat' dir='ltr'>Quare</span> <span class='ocrx_word' id='word_1_386' title='bbox 1057 3602 1101 3669; x_wconf 91' lang='lat' dir='ltr'>de</span> <span class='ocrx_word' id='word_1_387' title='bbox 1125 3596 1181 3670; x_wconf 90' lang='lat' dir='ltr'>his</span> <span class='ocrx_word' id='word_1_388' title='bbox 1232 3596 1506 3689; x_wconf 87' lang='lat' dir='ltr'>revelationem,</span> <span class='ocrx_word' id='word_1_389' title='bbox 1542 3623 1604 3670; x_wconf 91' lang='lat' dir='ltr'>seu</span> <span class='ocrx_word' id='word_1_390' title='bbox 1630 3605 1886 3691; x_wconf 85' lang='lat' dir='ltr'>praedictiones</span> <span class='ocrx_word' id='word_1_391' title='bbox 1908 3608 1953 3677; x_wconf 91' lang='lat' dir='ltr'>de</span> <span class='ocrx_word' id='word_1_392' title='bbox 1976 3609 2126 3691; x_wconf 82' lang='lat' dir='ltr'>suturis,</span> <span class='ocrx_word' id='word_1_393' title='bbox 2155 3633 2204 3680; x_wconf 87' lang='lat' dir='ltr'>seu</span> 
     </span>
     <span class='ocr_line' id='line_1_34' title="bbox 195 3699 2204 3801; baseline 0.004 -27"><span class='ocrx_word' id='word_1_394' title='bbox 195 3704 337 3774; x_wconf 88' lang='lat' dir='ltr'>duabus</span> <span class='ocrx_word' id='word_1_395' title='bbox 353 3702 543 3775; x_wconf 79' lang='lat' dir='ltr'>virtutibus</span> <span class='ocrx_word' id='word_1_396' title='bbox 560 3700 663 3771; x_wconf 89' lang='lat' dir='ltr'>initio</span> <span class='ocrx_word' id='word_1_397' title='bbox 681 3700 967 3786; x_wconf 87' lang='lat' dir='ltr'>concionatur,ct</span> <span class='ocrx_word' id='word_1_398' title='bbox 983 3701 1030 3771; x_wconf 89' lang='lat' dir='ltr'>ita</span> <span class='ocrx_word' id='word_1_399' title='bbox 1046 3702 1182 3794; x_wconf 88' lang='lat' dir='ltr'>iuquit:</span> <span class='ocrx_word' id='word_1_400' title='bbox 1233 3699 1558 3789; x_wconf 83' lang='lat' dir='ltr'>interpretationem</span> <span class='ocrx_word' id='word_1_401' title='bbox 1581 3705 1794 3797; x_wconf 87' lang='lat' dir='ltr'>scripturae,</span> <span class='ocrx_word' id='word_1_402' title='bbox 1821 3711 1905 3801; x_wconf 86' lang='lat' dir='ltr'>quia</span> <span class='ocrx_word' id='word_1_403' title='bbox 1928 3712 1972 3780; x_wconf 93' lang='lat' dir='ltr'>ad</span> <span class='ocrx_word' id='word_1_404' title='bbox 1998 3705 2092 3781; x_wconf 88' lang='lat' dir='ltr'>hanc</span> <span class='ocrx_word' id='word_1_405' title='bbox 2113 3713 2204 3782; x_wconf 85' lang='lat' dir='ltr'>etiam</span> 
     </span>
     <span class='ocr_line' id='line_1_35' title="bbox 195 3803 2205 3906; baseline -0 -31"><span class='ocrx_word' id='word_1_406' title='bbox 195 3804 310 3879; x_wconf 89' lang='lat' dir='ltr'>Nemo</span> <span class='ocrx_word' id='word_1_407' title='bbox 326 3818 535 3894; x_wconf 86' lang='lat' dir='ltr'>arroganter</span> <span class='ocrx_word' id='word_1_408' title='bbox 551 3805 596 3873; x_wconf 91' lang='lat' dir='ltr'>de</span> <span class='ocrx_word' id='word_1_409' title='bbox 608 3826 645 3872; x_wconf 88' lang='lat' dir='ltr'>se</span> <span class='ocrx_word' id='word_1_410' title='bbox 659 3803 796 3887; x_wconf 89' lang='lat' dir='ltr'>sentiat,</span> <span class='ocrx_word' id='word_1_411' title='bbox 810 3803 847 3871; x_wconf 90' lang='lat' dir='ltr'>id</span> <span class='ocrx_word' id='word_1_412' title='bbox 863 3816 926 3886; x_wconf 89' lang='lat' dir='ltr'>est,</span> <span class='ocrx_word' id='word_1_413' title='bbox 942 3827 1046 3873; x_wconf 89' lang='lat' dir='ltr'>nemo</span> <span class='ocrx_word' id='word_1_414' title='bbox 1061 3827 1180 3872; x_wconf 88' lang='lat' dir='ltr'>erum·</span> <span class='ocrx_word' id='word_1_415' title='bbox 1232 3823 1321 3889; x_wconf 91' lang='lat' dir='ltr'>opus</span> <span class='ocrx_word' id='word_1_416' title='bbox 1347 3816 1398 3873; x_wconf 91' lang='lat' dir='ltr'>est</span> <span class='ocrx_word' id='word_1_417' title='bbox 1422 3803 1539 3896; x_wconf 91' lang='lat' dir='ltr'>aliqua</span> <span class='ocrx_word' id='word_1_418' title='bbox 1565 3806 1790 3878; x_wconf 89' lang='lat' dir='ltr'>revelatione.</span> <span class='ocrx_word' id='word_1_419' title='bbox 1845 3809 1934 3879; x_wconf 91' lang='lat' dir='ltr'>Nam</span> <span class='ocrx_word' id='word_1_420' title='bbox 1956 3813 2043 3906; x_wconf 85' lang='lat' dir='ltr'>quid</span> <span class='ocrx_word' id='word_1_421' title='bbox 2069 3838 2148 3884; x_wconf 71' lang='lat' dir='ltr'>vera</span> <span class='ocrx_word' id='word_1_422' title='bbox 2169 3812 2205 3883; x_wconf 72' lang='lat' dir='ltr'>sit</span> 
     </span>
     <span class='ocr_line' id='line_1_36' title="bbox 196 3902 2203 4005; baseline 0.001 -26"><span class='ocrx_word' id='word_1_423' title='bbox 196 3920 259 3998; x_wconf 88' lang='lat' dir='ltr'>pat</span> <span class='ocrx_word' id='word_1_424' title='bbox 276 3920 374 3977; x_wconf 85' lang='lat' dir='ltr'>extra</span> <span class='ocrx_word' id='word_1_425' title='bbox 396 3930 496 3977; x_wconf 87' lang='lat' dir='ltr'>suam</span> <span class='ocrx_word' id='word_1_426' title='bbox 520 3904 761 3985; x_wconf 84' lang='lat' dir='ltr'>vocationem,</span> <span class='ocrx_word' id='word_1_427' title='bbox 795 3917 829 3974; x_wconf 92' lang='lat' dir='ltr'>et</span> <span class='ocrx_word' id='word_1_428' title='bbox 853 3918 1060 3993; x_wconf 87' lang='lat' dir='ltr'>arroganter</span> <span class='ocrx_word' id='word_1_429' title='bbox 1082 3905 1180 3975; x_wconf 89' lang='lat' dir='ltr'>aliud</span> <span class='ocrx_word' id='word_1_430' title='bbox 1232 3902 1329 3987; x_wconf 83' lang='lat' dir='ltr'>fides,</span> <span class='ocrx_word' id='word_1_431' title='bbox 1347 3917 1382 3975; x_wconf 86' lang='lat' dir='ltr'>et</span> <span class='ocrx_word' id='word_1_432' title='bbox 1399 3929 1480 3974; x_wconf 90' lang='lat' dir='ltr'>vera</span> <span class='ocrx_word' id='word_1_433' title='bbox 1497 3908 1691 3979; x_wconf 90' lang='lat' dir='ltr'>consolatio</span> <span class='ocrx_word' id='word_1_434' title='bbox 1707 3913 1952 3997; x_wconf 89' lang='lat' dir='ltr'>conscientiae,</span> <span class='ocrx_word' id='word_1_435' title='bbox 1969 3929 2004 3986; x_wconf 91' lang='lat' dir='ltr'>et</span> <span class='ocrx_word' id='word_1_436' title='bbox 2020 3937 2103 3985; x_wconf 86' lang='lat' dir='ltr'>vera</span> <span class='ocrx_word' id='word_1_437' title='bbox 2117 3916 2203 4005; x_wconf 85' lang='lat' dir='ltr'>agni·</span> 
     </span>
     <span class='ocr_line' id='line_1_37' title="bbox 197 4003 2202 4101; baseline -0.003 -22"><span class='ocrx_word' id='word_1_438' title='bbox 197 4009 385 4100; x_wconf 90' lang='lat' dir='ltr'>suscipiat,</span> <span class='ocrx_word' id='word_1_439' title='bbox 411 4032 516 4101; x_wconf 90' lang='lat' dir='ltr'>qnam</span> <span class='ocrx_word' id='word_1_440' title='bbox 541 4007 696 4099; x_wconf 90' lang='lat' dir='ltr'>postulat</span> <span class='ocrx_word' id='word_1_441' title='bbox 716 4006 771 4076; x_wconf 91' lang='lat' dir='ltr'>sui</span> <span class='ocrx_word' id='word_1_442' title='bbox 795 4005 905 4075; x_wconf 79' lang='lat' dir='ltr'>officii</span> <span class='ocrx_word' id='word_1_443' title='bbox 923 4008 1025 4077; x_wconf 90' lang='lat' dir='ltr'>ratio.</span> <span class='ocrx_word' id='word_1_444' title='bbox 1076 4008 1180 4076; x_wconf 90' lang='lat' dir='ltr'>Item:</span> <span class='ocrx_word' id='word_1_445' title='bbox 1231 4003 1281 4072; x_wconf 89' lang='lat' dir='ltr'>tio</span> <span class='ocrx_word' id='word_1_446' title='bbox 1298 4007 1449 4094; x_wconf 89' lang='lat' dir='ltr'>peccati,</span> <span class='ocrx_word' id='word_1_447' title='bbox 1477 4031 1581 4078; x_wconf 91' lang='lat' dir='ltr'>nemo</span> <span class='ocrx_word' id='word_1_448' title='bbox 1599 4008 1765 4101; x_wconf 88' lang='lat' dir='ltr'>intelligit</span> <span class='ocrx_word' id='word_1_449' title='bbox 1774 4015 1855 4096; x_wconf 74' lang='lat' dir='ltr'>sine</span> <span class='ocrx_word' id='word_1_450' title='bbox 1872 4016 1996 4086; x_wconf 84' lang='lat' dir='ltr'>divino</span> <span class='ocrx_word' id='word_1_451' title='bbox 2013 4030 2125 4093; x_wconf 72' lang='lat' dir='ltr'>motu,</span> <span class='ocrx_word' id='word_1_452' title='bbox 2164 4014 2202 4088; x_wconf 70' lang='lat' dir='ltr'>Et</span> 
     </span>
     <span class='ocr_line' id='line_1_38' title="bbox 196 4099 1908 4200; baseline 0.004 -20"><span class='ocrx_word' id='word_1_453' title='bbox 196 4109 311 4180; x_wconf 88' lang='lat' dir='ltr'>Nemo</span> <span class='ocrx_word' id='word_1_454' title='bbox 340 4101 545 4200; x_wconf 77' lang='lat' dir='ltr'>arroganter</span> <span class='ocrx_word' id='word_1_455' title='bbox 568 4110 662 4180; x_wconf 87' lang='lat' dir='ltr'>ausit</span> <span class='ocrx_word' id='word_1_456' title='bbox 683 4108 840 4177; x_wconf 88' lang='lat' dir='ltr'>iudicare</span> <span class='ocrx_word' id='word_1_457' title='bbox 871 4108 916 4176; x_wconf 88' lang='lat' dir='ltr'>de</span> <span class='ocrx_word' id='word_1_458' title='bbox 941 4109 1180 4198; x_wconf 87' lang='lat' dir='ltr'>dogmatibus,</span> <span class='ocrx_word' id='word_1_459' title='bbox 1231 4099 1365 4176; x_wconf 88' lang='lat' dir='ltr'>habent</span> <span class='ocrx_word' id='word_1_460' title='bbox 1381 4109 1442 4177; x_wconf 89' lang='lat' dir='ltr'>alii</span> <span class='ocrx_word' id='word_1_461' title='bbox 1461 4122 1577 4179; x_wconf 91' lang='lat' dir='ltr'>motus</span> <span class='ocrx_word' id='word_1_462' title='bbox 1592 4110 1803 4185; x_wconf 88' lang='lat' dir='ltr'>illustriores</span> <span class='ocrx_word' id='word_1_463' title='bbox 1819 4117 1908 4186; x_wconf 89' lang='lat' dir='ltr'>aliis.</span> 
     </span>
     <span class='ocr_line' id='line_1_39' title="bbox 83 4206 2200 4310; baseline 0.001 -28"><span class='ocrx_word' id='word_1_464' title='bbox 83 4232 86 4239; x_wconf 86' lang='lat'>&#39;</span> <span class='ocrx_word' id='word_1_465' title='bbox 197 4227 318 4283; x_wconf 92' lang='lat' dir='ltr'>contra</span> <span class='ocrx_word' id='word_1_466' title='bbox 343 4213 508 4282; x_wconf 90' lang='lat' dir='ltr'>traditam</span> <span class='ocrx_word' id='word_1_467' title='bbox 535 4210 713 4300; x_wconf 91' lang='lat' dir='ltr'>regulam,</span> <span class='ocrx_word' id='word_1_468' title='bbox 746 4223 806 4280; x_wconf 91' lang='lat' dir='ltr'>aut</span> <span class='ocrx_word' id='word_1_469' title='bbox 832 4230 946 4278; x_wconf 88' lang='lat' dir='ltr'>serere</span> <span class='ocrx_word' id='word_1_470' title='bbox 970 4234 1080 4279; x_wconf 91' lang='lat' dir='ltr'>novas</span> <span class='ocrx_word' id='word_1_471' title='bbox 1101 4211 1179 4302; x_wconf 92' lang='lat' dir='ltr'>opi·</span> <span class='ocrx_word' id='word_1_472' title='bbox 1329 4206 1504 4304; x_wconf 85' lang='lat' dir='ltr'>Praecipit</span> <span class='ocrx_word' id='word_1_473' title='bbox 1529 4212 1657 4300; x_wconf 86' lang='lat' dir='ltr'>igitur,</span> <span class='ocrx_word' id='word_1_474' title='bbox 1694 4229 1734 4284; x_wconf 88' lang='lat' dir='ltr'>ut</span> <span class='ocrx_word' id='word_1_475' title='bbox 1756 4217 2001 4310; x_wconf 89' lang='lat' dir='ltr'>interpretatio</span> <span class='ocrx_word' id='word_1_476' title='bbox 2026 4223 2125 4292; x_wconf 83' lang='lat' dir='ltr'>verbi</span> <span class='ocrx_word' id='word_1_477' title='bbox 2144 4218 2200 4292; x_wconf 82' lang='lat' dir='ltr'>Del</span> 
     </span>
     <span class='ocr_line' id='line_1_40' title="bbox 195 4307 2253 4413; baseline 0.005 -32"><span class='ocrx_word' id='word_1_478' title='bbox 195 4313 342 4396; x_wconf 87' lang='lat' dir='ltr'>niones,</span> <span class='ocrx_word' id='word_1_479' title='bbox 377 4326 439 4383; x_wconf 87' lang='lat' dir='ltr'>aut</span> <span class='ocrx_word' id='word_1_480' title='bbox 465 4312 649 4382; x_wconf 88' lang='lat' dir='ltr'>instituere</span> <span class='ocrx_word' id='word_1_481' title='bbox 675 4334 787 4380; x_wconf 86' lang='lat' dir='ltr'>novos</span> <span class='ocrx_word' id='word_1_482' title='bbox 814 4311 947 4394; x_wconf 87' lang='lat' dir='ltr'>cultus,</span> <span class='ocrx_word' id='word_1_483' title='bbox 986 4311 1180 4382; x_wconf 87' lang='lat' dir='ltr'>iulatuatus</span> <span class='ocrx_word' id='word_1_484' title='bbox 1229 4307 1274 4376; x_wconf 91' lang='lat' dir='ltr'>sit</span> <span class='ocrx_word' id='word_1_485' title='bbox 1289 4311 1513 4402; x_wconf 83' lang='lat' dir='ltr'>analoga‚id</span> <span class='ocrx_word' id='word_1_486' title='bbox 1533 4329 1599 4398; x_wconf 90' lang='lat' dir='ltr'>est,</span> <span class='ocrx_word' id='word_1_487' title='bbox 1623 4321 1847 4389; x_wconf 90' lang='lat' dir='ltr'>consentiens</span> <span class='ocrx_word' id='word_1_488' title='bbox 1863 4320 1962 4405; x_wconf 86' lang='lat' dir='ltr'>fidei,</span> <span class='ocrx_word' id='word_1_489' title='bbox 1991 4317 2060 4392; x_wconf 89' lang='lat' dir='ltr'>hoc</span> <span class='ocrx_word' id='word_1_490' title='bbox 2075 4339 2141 4408; x_wconf 90' lang='lat' dir='ltr'>est,</span> <span class='ocrx_word' id='word_1_491' title='bbox 2164 4345 2200 4391; x_wconf 87' lang='lat' dir='ltr'>ne</span> <span class='ocrx_word' id='word_1_492' title='bbox 2242 4350 2253 4413; x_wconf 48' lang='grc' dir='ltr'>ᾗ·</span> 
     </span>
     <span class='ocr_line' id='line_1_41' title="bbox 195 4410 2253 4512; baseline 0.005 -30"><span class='ocrx_word' id='word_1_493' title='bbox 195 4416 423 4502; x_wconf 89' lang='lat' dir='ltr'>persuasione</span> <span class='ocrx_word' id='word_1_494' title='bbox 438 4436 585 4503; x_wconf 89' lang='lat' dir='ltr'>maguae</span> <span class='ocrx_word' id='word_1_495' title='bbox 601 4414 793 4506; x_wconf 88' lang='lat' dir='ltr'>sapientiae</span> <span class='ocrx_word' id='word_1_496' title='bbox 809 4424 870 4484; x_wconf 88' lang='lat' dir='ltr'>aut</span> <span class='ocrx_word' id='word_1_497' title='bbox 884 4413 1096 4493; x_wconf 88' lang='lat' dir='ltr'>sanctitatis,</span> <span class='ocrx_word' id='word_1_498' title='bbox 1120 4437 1179 4484; x_wconf 90' lang='lat' dir='ltr'>su·</span> <span class='ocrx_word' id='word_1_499' title='bbox 1228 4410 1383 4483; x_wconf 90' lang='lat' dir='ltr'>discedat</span> <span class='ocrx_word' id='word_1_500' title='bbox 1406 4417 1451 4484; x_wconf 90' lang='lat' dir='ltr'>ab</span> <span class='ocrx_word' id='word_1_501' title='bbox 1473 4416 1629 4487; x_wconf 89' lang='lat' dir='ltr'>articulis</span> <span class='ocrx_word' id='word_1_502' title='bbox 1654 4418 1754 4504; x_wconf 86' lang='lat' dir='ltr'>fidei,</span> <span class='ocrx_word' id='word_1_503' title='bbox 1779 4446 1823 4491; x_wconf 89' lang='lat' dir='ltr'>ne</span> <span class='ocrx_word' id='word_1_504' title='bbox 1844 4423 2022 4512; x_wconf 80' lang='lat' dir='ltr'>extinguat</span> <span class='ocrx_word' id='word_1_505' title='bbox 2041 4427 2197 4496; x_wconf 85' lang='lat' dir='ltr'>noticiam</span> <span class='ocrx_word' id='word_1_506' title='bbox 2250 4432 2253 4437; x_wconf 86' lang='lat'>&#39;</span> 
     </span>
     <span class='ocr_line' id='line_1_42' title="bbox 194 4511 2253 4606; baseline 0 -20"><span class='ocrx_word' id='word_1_507' title='bbox 194 4516 603 4606; x_wconf 85' lang='lat' dir='ltr'>pramodumsuidoni.</span> <span class='ocrx_word' id='word_1_508' title='bbox 1227 4535 1344 4580; x_wconf 90' lang='lat' dir='ltr'>veram</span> <span class='ocrx_word' id='word_1_509' title='bbox 1363 4511 1516 4602; x_wconf 91' lang='lat' dir='ltr'>Christi,</span> <span class='ocrx_word' id='word_1_510' title='bbox 1544 4530 1578 4588; x_wconf 93' lang='lat' dir='ltr'>et</span> <span class='ocrx_word' id='word_1_511' title='bbox 1594 4518 1696 4588; x_wconf 86' lang='lat' dir='ltr'>fidem</span> <span class='ocrx_word' id='word_1_512' title='bbox 1715 4522 1752 4589; x_wconf 95' lang='lat' dir='ltr'>in</span> <span class='ocrx_word' id='word_1_513' title='bbox 1768 4519 1962 4598; x_wconf 89' lang='lat' dir='ltr'>Christum.</span> <span class='ocrx_word' id='word_1_514' title='bbox 2016 4522 2117 4598; x_wconf 79' lang='lat' dir='ltr'>Sicut</span> <span class='ocrx_word' id='word_1_515' title='bbox 2139 4527 2198 4596; x_wconf 82' lang='lat' dir='ltr'>ini.</span> <span class='ocrx_word' id='word_1_516' title='bbox 2245 4514 2253 4525; x_wconf 82' lang='grc'><em>“</em></span> 
     </span>
     <span class='ocr_line' id='line_1_43' title="bbox 279 4613 2253 4714; baseline -0.003 -26"><span class='ocrx_word' id='word_1_517' title='bbox 279 4613 481 4714; x_wconf 89' lang='lat' dir='ltr'>Utrumque</span> <span class='ocrx_word' id='word_1_518' title='bbox 495 4631 613 4688; x_wconf 90' lang='lat' dir='ltr'>autem</span> <span class='ocrx_word' id='word_1_519' title='bbox 629 4627 852 4707; x_wconf 89' lang='lat' dir='ltr'>praeceptum</span> <span class='ocrx_word' id='word_1_520' title='bbox 868 4615 1102 4687; x_wconf 88' lang='lat' dir='ltr'>necessarium</span> <span class='ocrx_word' id='word_1_521' title='bbox 1116 4630 1179 4700; x_wconf 89' lang='lat' dir='ltr'>est,</span> <span class='ocrx_word' id='word_1_522' title='bbox 1226 4614 1276 4684; x_wconf 92' lang='lat' dir='ltr'>tio</span> <span class='ocrx_word' id='word_1_523' title='bbox 1290 4615 1335 4684; x_wconf 92' lang='lat' dir='ltr'>ab</span> <span class='ocrx_word' id='word_1_524' title='bbox 1355 4618 1513 4688; x_wconf 88' lang='lat' dir='ltr'>articulis</span> <span class='ocrx_word' id='word_1_525' title='bbox 1532 4620 1613 4689; x_wconf 85' lang='lat' dir='ltr'>fidei</span> <span class='ocrx_word' id='word_1_526' title='bbox 1634 4621 1868 4696; x_wconf 87' lang='lat' dir='ltr'>discesserunt</span> <span class='ocrx_word' id='word_1_527' title='bbox 1882 4623 2020 4712; x_wconf 70' lang='lat' dir='ltr'>Elaion,</span> <span class='ocrx_word' id='word_1_528' title='bbox 2048 4627 2198 4700; x_wconf 52' lang='lat' dir='ltr'>Samon.</span> <span class='ocrx_word' id='word_1_529' title='bbox 2251 4698 2253 4705; x_wconf 28' lang='grc' dir='ltr'>Ι</span> 
     </span>
     <span class='ocr_line' id='line_1_44' title="bbox 192 4712 2253 4815; baseline 0.004 -27"><span class='ocrx_word' id='word_1_530' title='bbox 192 4718 345 4788; x_wconf 85' lang='lat' dir='ltr'>maxime</span> <span class='ocrx_word' id='word_1_531' title='bbox 366 4720 405 4787; x_wconf 96' lang='lat' dir='ltr'>in</span> <span class='ocrx_word' id='word_1_532' title='bbox 430 4714 606 4802; x_wconf 85' lang='lat' dir='ltr'>Ecclesia,</span> <span class='ocrx_word' id='word_1_533' title='bbox 647 4731 687 4788; x_wconf 87' lang='lat' dir='ltr'>ut</span> <span class='ocrx_word' id='word_1_534' title='bbox 712 4719 808 4787; x_wconf 90' lang='lat' dir='ltr'>euim</span> <span class='ocrx_word' id='word_1_535' title='bbox 833 4719 1035 4791; x_wconf 89' lang='lat' dir='ltr'>civitatibus</span> <span class='ocrx_word' id='word_1_536' title='bbox 1062 4723 1176 4792; x_wconf 76' lang='lat' dir='ltr'>reolv-</span> <span class='ocrx_word' id='word_1_537' title='bbox 1224 4712 1397 4801; x_wconf 63' lang='lat' dir='ltr'>tenu&#39;s,et</span> <span class='ocrx_word' id='word_1_538' title='bbox 1413 4721 1567 4815; x_wconf 88' lang='lat' dir='ltr'>alii,qui</span> <span class='ocrx_word' id='word_1_539' title='bbox 1583 4727 1843 4800; x_wconf 89' lang='lat' dir='ltr'>contenderunt</span> <span class='ocrx_word' id='word_1_540' title='bbox 1858 4729 1895 4797; x_wconf 91' lang='lat' dir='ltr'>in</span> <span class='ocrx_word' id='word_1_541' title='bbox 1912 4724 2056 4801; x_wconf 86' lang='lat' dir='ltr'>Christo</span> <span class='ocrx_word' id='word_1_542' title='bbox 2074 4745 2197 4803; x_wconf 88' lang='lat' dir='ltr'>tantum</span> <span class='ocrx_word' id='word_1_543' title='bbox 2245 4722 2253 4751; x_wconf 68' lang='lat'>⁷</span> 
     </span>
     <span class='ocr_line' id='line_1_45' title="bbox 192 4812 2205 4926; baseline 0.003 -33"><span class='ocrx_word' id='word_1_544' title='bbox 192 4812 442 4914; x_wconf 75' lang='grc' dir='ltr'><em>πραγμοσύνη</em></span> <span class='ocrx_word' id='word_1_545' title='bbox 465 4820 661 4910; x_wconf 89' lang='lat' dir='ltr'>plurimum</span> <span class='ocrx_word' id='word_1_546' title='bbox 684 4832 806 4902; x_wconf 90' lang='lat' dir='ltr'>uocet,</span> <span class='ocrx_word' id='word_1_547' title='bbox 841 4843 921 4890; x_wconf 84' lang='lat' dir='ltr'>cunr</span> <span class='ocrx_word' id='word_1_548' title='bbox 945 4820 1111 4910; x_wconf 88' lang='lat' dir='ltr'>ingerunt</span> <span class='ocrx_word' id='word_1_549' title='bbox 1138 4845 1174 4892; x_wconf 89' lang='lat' dir='ltr'>se</span> <span class='ocrx_word' id='word_1_550' title='bbox 1224 4840 1296 4889; x_wconf 87' lang='lat' dir='ltr'>esse</span> <span class='ocrx_word' id='word_1_551' title='bbox 1321 4833 1482 4891; x_wconf 88' lang='lat' dir='ltr'>naturam</span> <span class='ocrx_word' id='word_1_552' title='bbox 1506 4818 1711 4898; x_wconf 88' lang='lat' dir='ltr'>humanam.</span> <span class='ocrx_word' id='word_1_553' title='bbox 1774 4826 1913 4901; x_wconf 89' lang='lat' dir='ltr'>Deinde</span> <span class='ocrx_word' id='word_1_554' title='bbox 1937 4830 2105 4918; x_wconf 85' lang='lat' dir='ltr'>Arriani,</span> <span class='ocrx_word' id='word_1_555' title='bbox 2144 4830 2205 4926; x_wconf 84' lang='lat' dir='ltr'>qui¹</span> 
     </span>
     <span class='ocr_line' id='line_1_46' title="bbox 190 4917 2211 5014; baseline 0.005 -22"><span class='ocrx_word' id='word_1_556' title='bbox 190 4923 322 5014; x_wconf 89' lang='lat' dir='ltr'>privati</span> <span class='ocrx_word' id='word_1_557' title='bbox 336 4917 500 4992; x_wconf 88' lang='lat' dir='ltr'>homines</span> <span class='ocrx_word' id='word_1_558' title='bbox 515 4922 686 5010; x_wconf 85' lang='lat' dir='ltr'>negotiis,</span> <span class='ocrx_word' id='word_1_559' title='bbox 713 4934 747 4991; x_wconf 92' lang='lat' dir='ltr'>et</span> <span class='ocrx_word' id='word_1_560' title='bbox 760 4921 960 5014; x_wconf 89' lang='lat' dir='ltr'>impediunt</span> <span class='ocrx_word' id='word_1_561' title='bbox 974 4924 1174 4994; x_wconf 90' lang='lat' dir='ltr'>ordinarias</span> <span class='ocrx_word' id='word_1_562' title='bbox 1222 4937 1441 5008; x_wconf 87' lang='lat' dir='ltr'>negaverunt</span> <span class='ocrx_word' id='word_1_563' title='bbox 1463 4925 1575 4994; x_wconf 88' lang='lat' dir='ltr'>filium</span> <span class='ocrx_word' id='word_1_564' title='bbox 1590 4922 1657 4996; x_wconf 92' lang='lat' dir='ltr'>Dei</span> <span class='ocrx_word' id='word_1_565' title='bbox 1672 4942 1798 5001; x_wconf 90' lang='lat' dir='ltr'>natura</span> <span class='ocrx_word' id='word_1_566' title='bbox 1816 4930 1931 5003; x_wconf 90' lang='lat' dir='ltr'>Deum</span> <span class='ocrx_word' id='word_1_567' title='bbox 1949 4957 2034 5007; x_wconf 88' lang='lat' dir='ltr'>esse.</span> <span class='ocrx_word' id='word_1_568' title='bbox 2087 4934 2211 5006; x_wconf 69' lang='lat' dir='ltr'>Mani.</span> 
     </span>
     <span class='ocr_line' id='line_1_47' title="bbox 190 5015 2198 5118; baseline 0.007 -24"><span class='ocrx_word' id='word_1_569' title='bbox 190 5026 366 5111; x_wconf 91' lang='lat' dir='ltr'>actiones,</span> <span class='ocrx_word' id='word_1_570' title='bbox 388 5024 478 5094; x_wconf 87' lang='lat' dir='ltr'>sicut</span> <span class='ocrx_word' id='word_1_571' title='bbox 493 5023 650 5109; x_wconf 89' lang='lat' dir='ltr'>Marius,</span> <span class='ocrx_word' id='word_1_572' title='bbox 676 5019 828 5109; x_wconf 90' lang='lat' dir='ltr'>Brutus,</span> <span class='ocrx_word' id='word_1_573' title='bbox 850 5037 884 5095; x_wconf 89' lang='lat' dir='ltr'>et</span> <span class='ocrx_word' id='word_1_574' title='bbox 904 5024 964 5093; x_wconf 89' lang='lat' dir='ltr'>alii</span> <span class='ocrx_word' id='word_1_575' title='bbox 981 5026 1173 5099; x_wconf 90' lang='lat' dir='ltr'>turbabant</span> <span class='ocrx_word' id='word_1_576' title='bbox 1203 5015 1340 5102; x_wconf 82' lang='lat' dir='ltr'>&#39;chaei,</span> <span class='ocrx_word' id='word_1_577' title='bbox 1365 5027 1427 5117; x_wconf 90' lang='lat' dir='ltr'>qui</span> <span class='ocrx_word' id='word_1_578' title='bbox 1451 5027 1628 5098; x_wconf 84' lang='lat' dir='ltr'>finxerunt</span> <span class='ocrx_word' id='word_1_579' title='bbox 1650 5030 1739 5101; x_wconf 85' lang='lat' dir='ltr'>duos</span> <span class='ocrx_word' id='word_1_580' title='bbox 1757 5034 1862 5118; x_wconf 91' lang='lat' dir='ltr'>deos,</span> <span class='ocrx_word' id='word_1_581' title='bbox 1897 5048 1930 5104; x_wconf 84' lang='lat' dir='ltr'>et</span> <span class='ocrx_word' id='word_1_582' title='bbox 1945 5036 2198 5117; x_wconf 85' lang='lat' dir='ltr'>damnaverunt</span> 
     </span>
     <span class='ocr_line' id='line_1_48' title="bbox 188 5123 2213 5228; baseline 0.008 -34"><span class='ocrx_word' id='word_1_583' title='bbox 188 5127 349 5217; x_wconf 88' lang='lat' dir='ltr'>rempub.</span> <span class='ocrx_word' id='word_1_584' title='bbox 400 5124 451 5198; x_wconf 90' lang='lat' dir='ltr'>lta</span> <span class='ocrx_word' id='word_1_585' title='bbox 467 5127 505 5197; x_wconf 91' lang='lat' dir='ltr'>in</span> <span class='ocrx_word' id='word_1_586' title='bbox 522 5123 676 5198; x_wconf 81' lang='lat' dir='ltr'>Ecclesia</span> <span class='ocrx_word' id='word_1_587' title='bbox 691 5126 815 5216; x_wconf 91' lang='lat' dir='ltr'>ingens</span> <span class='ocrx_word' id='word_1_588' title='bbox 832 5127 1026 5214; x_wconf 90' lang='lat' dir='ltr'>periculum</span> <span class='ocrx_word' id='word_1_589' title='bbox 1043 5127 1170 5210; x_wconf 83' lang='lat' dir='ltr'>existit,</span> <span class='ocrx_word' id='word_1_590' title='bbox 1219 5124 1445 5214; x_wconf 88' lang='lat' dir='ltr'>coniugium,</span> <span class='ocrx_word' id='word_1_591' title='bbox 1477 5128 1625 5215; x_wconf 90' lang='lat' dir='ltr'>iudicia,</span> <span class='ocrx_word' id='word_1_592' title='bbox 1661 5153 1760 5201; x_wconf 89' lang='lat' dir='ltr'>esum</span> <span class='ocrx_word' id='word_1_593' title='bbox 1784 5137 1958 5212; x_wconf 89' lang='lat' dir='ltr'>carnium.</span> <span class='ocrx_word' id='word_1_594' title='bbox 2019 5136 2075 5209; x_wconf 91' lang='lat' dir='ltr'>lta</span> <span class='ocrx_word' id='word_1_595' title='bbox 2098 5140 2213 5228; x_wconf 54' lang='lat' dir='ltr'>finan,</span> 
     </span>
     <span class='ocr_line' id='line_1_49' title="bbox 69 5221 2201 5322; baseline 0.003 -26"><span class='ocrx_word' id='word_1_596' title='bbox 69 5258 73 5263; x_wconf 66' lang='grc'><strong>’</strong></span> <span class='ocrx_word' id='word_1_597' title='bbox 187 5250 267 5296; x_wconf 91' lang='lat' dir='ltr'>cum</span> <span class='ocrx_word' id='word_1_598' title='bbox 286 5229 398 5322; x_wconf 82' lang='lat' dir='ltr'>aliqtri</span> <span class='ocrx_word' id='word_1_599' title='bbox 414 5230 470 5299; x_wconf 86' lang='lat' dir='ltr'>vel</span> <span class='ocrx_word' id='word_1_600' title='bbox 486 5231 594 5300; x_wconf 89' lang='lat' dir='ltr'>stulto</span> <span class='ocrx_word' id='word_1_601' title='bbox 618 5229 713 5312; x_wconf 86' lang='lat' dir='ltr'>zelo,</span> <span class='ocrx_word' id='word_1_602' title='bbox 740 5228 797 5297; x_wconf 89' lang='lat' dir='ltr'>vel</span> <span class='ocrx_word' id='word_1_603' title='bbox 814 5228 893 5297; x_wconf 90' lang='lat' dir='ltr'>aliis</span> <span class='ocrx_word' id='word_1_604' title='bbox 915 5229 1168 5319; x_wconf 87' lang='lat' dir='ltr'>cupiditatibus</span> <span class='ocrx_word' id='word_1_605' title='bbox 1217 5241 1301 5297; x_wconf 90' lang='lat' dir='ltr'>runt</span> <span class='ocrx_word' id='word_1_606' title='bbox 1316 5221 1480 5302; x_wconf 87' lang='lat' dir='ltr'>homines</span> <span class='ocrx_word' id='word_1_607' title='bbox 1493 5254 1566 5304; x_wconf 87' lang='lat' dir='ltr'>non</span> <span class='ocrx_word' id='word_1_608' title='bbox 1584 5233 1663 5322; x_wconf 82' lang='lat' dir='ltr'>fide,</span> <span class='ocrx_word' id='word_1_609' title='bbox 1673 5236 1733 5308; x_wconf 86' lang='lat' dir='ltr'>sed</span> <span class='ocrx_word' id='word_1_610' title='bbox 1750 5235 1879 5311; x_wconf 88' lang='lat' dir='ltr'>talibus</span> <span class='ocrx_word' id='word_1_611' title='bbox 1895 5240 2201 5314; x_wconf 80' lang='lat' dir='ltr'>observationibus</span> 
     </span>
    </p>
   </div>
   <div class='ocr_carea' id='block_1_7' title="bbox 184 5326 1547 5429">
    <p class='ocr_par' dir='ltr' id='par_1_7' title="bbox 184 5326 1547 5429">
     <span class='ocr_line' id='line_1_50' title="bbox 184 5326 1547 5429; baseline 0.008 -37"><span class='ocrx_word' id='word_1_612' title='bbox 184 5326 321 5401; x_wconf 85' lang='lat' dir='ltr'>incitati</span> <span class='ocrx_word' id='word_1_613' title='bbox 334 5377 369 5417; x_wconf 76' lang='lat'>,.</span> <span class='ocrx_word' id='word_1_614' title='bbox 387 5345 483 5403; x_wconf 85' lang='lat' dir='ltr'>extra</span> <span class='ocrx_word' id='word_1_615' title='bbox 506 5332 726 5405; x_wconf 83' lang='lat' dir='ltr'>vocationem</span> <span class='ocrx_word' id='word_1_616' title='bbox 752 5351 852 5403; x_wconf 87' lang='lat' dir='ltr'>suam</span> <span class='ocrx_word' id='word_1_617' title='bbox 877 5344 1087 5425; x_wconf 89' lang='lat' dir='ltr'>erumpunt,</span> <span class='ocrx_word' id='word_1_618' title='bbox 1132 5343 1168 5429; x_wconf 82' lang='lat' dir='ltr'>et</span> <span class='ocrx_word' id='word_1_619' title='bbox 1216 5330 1329 5403; x_wconf 89' lang='lat' dir='ltr'>iustos</span> <span class='ocrx_word' id='word_1_620' title='bbox 1354 5352 1438 5404; x_wconf 83' lang='lat' dir='ltr'>esse.</span> <span class='ocrx_word' id='word_1_621' title='bbox 1544 5396 1547 5403; x_wconf 89' lang='lat'>.</span> 
     </span>
    </p>
   </div>
   <div class='ocr_carea' id='block_1_8' title="bbox 0 0 2266 5782">
    <p class='ocr_par' dir='ltr' id='par_1_8' title="bbox 0 0 2266 5782">
     <span class='ocr_line' id='line_1_51' title="bbox 0 0 2266 5782; baseline 0 0"><span class='ocrx_word' id='word_1_622' title='bbox 0 0 2266 5782; x_wconf 95' lang='lat' dir='ltr'> </span> 
     </span>
    </p>
   </div>
  </div>
 </body>
</html>
