<?xml version="1.0" encoding="UTF-8"?>
<!DOCTYPE html PUBLIC "-//W3C//DTD XHTML 1.0 Transitional//EN"
    "http://www.w3.org/TR/xhtml1/DTD/xhtml1-transitional.dtd">
<html xmlns="http://www.w3.org/1999/xhtml" xml:lang="en" lang="en">
 <head>
  <title>
</title>
<meta http-equiv="Content-Type" content="text/html;charset=utf-8" />
  <meta name='ocr-system' content='tesseract 3.04.00' />
  <meta name='ocr-capabilities' content='ocr_page ocr_carea ocr_par ocr_line ocrx_word'/>
</head>
<body>
  <div class='ocr_page' id='page_1' title='image "./corpusreformato01melagoog/corpusreformato01melagoog_0096.png"; bbox 0 0 4522 5782; ppageno 0'>
   <div class='ocr_carea' id='block_1_1' title="bbox 64 206 2220 321">
    <p class='ocr_par' dir='ltr' id='par_1_1' title="bbox 64 206 2220 321">
     <span class='ocr_line' id='line_1_1' title="bbox 64 206 2220 321; baseline 0.008 -16"><span class='ocrx_word' id='word_1_1' title='bbox 64 222 140 305; x_wconf 82' lang='lat' dir='ltr'><strong>sss</strong></span> <span class='ocrx_word' id='word_1_2' title='bbox 474 228 558 307; x_wconf 76' lang='lat' dir='ltr'><strong>xta</strong></span> <span class='ocrx_word' id='word_1_3' title='bbox 607 224 909 307; x_wconf 78' lang='lat' dir='ltr'><strong>ruaaaarto</strong></span> <span class='ocrx_word' id='word_1_4' title='bbox 936 206 1436 306; x_wconf 62' lang='lat' dir='ltr'><strong>runvauossroauurs.</strong></span> <span class='ocrx_word' id='word_1_5' title='bbox 1485 224 1592 303; x_wconf 80' lang='lat' dir='ltr'><strong>car.</strong></span> <span class='ocrx_word' id='word_1_6' title='bbox 1620 228 1702 305; x_wconf 75' lang='lat' dir='ltr'><strong>aar.</strong></span> <span class='ocrx_word' id='word_1_7' title='bbox 2022 242 2095 321; x_wconf 82' lang='lat' dir='ltr'><strong>sss</strong></span> <span class='ocrx_word' id='word_1_8' title='bbox 2217 278 2220 283; x_wconf 91' lang='lat'>·</span> 
     </span>
    </p>
   </div>
   <div class='ocr_carea' id='block_1_2' title="bbox 61 400 2181 1212">
    <p class='ocr_par' dir='ltr' id='par_1_2' title="bbox 61 400 2181 1212">
     <span class='ocr_line' id='line_1_2' title="bbox 65 400 2181 494; baseline 0.006 -20"><span class='ocrx_word' id='word_1_9' title='bbox 65 400 174 475; x_wconf 72' lang='lat' dir='ltr'><strong>Vetus</strong></span> <span class='ocrx_word' id='word_1_10' title='bbox 204 414 456 477; x_wconf 84' lang='lat' dir='ltr'><strong>testamentum</strong></span> <span class='ocrx_word' id='word_1_11' title='bbox 484 416 624 477; x_wconf 93' lang='lat' dir='ltr'><strong>tantum</strong></span> <span class='ocrx_word' id='word_1_12' title='bbox 657 418 708 477; x_wconf 90' lang='lat' dir='ltr'><strong>est</strong></span> <span class='ocrx_word' id='word_1_13' title='bbox 729 404 964 476; x_wconf 86' lang='lat' dir='ltr'><strong>ministerium</strong></span> <span class='ocrx_word' id='word_1_14' title='bbox 989 406 1056 475; x_wconf 90' lang='lat' dir='ltr'><strong>do·</strong></span> <span class='ocrx_word' id='word_1_15' title='bbox 1109 401 1283 494; x_wconf 90' lang='lat' dir='ltr'><strong>populus,</strong></span> <span class='ocrx_word' id='word_1_16' title='bbox 1309 415 1446 472; x_wconf 93' lang='lat' dir='ltr'><strong>utnon</strong></span> <span class='ocrx_word' id='word_1_17' title='bbox 1471 401 1580 492; x_wconf 85' lang='lat' dir='ltr'><strong>possit</strong></span> <span class='ocrx_word' id='word_1_18' title='bbox 1603 418 1827 478; x_wconf 73' lang='lat' dir='ltr'><strong>contemnere</strong></span> <span class='ocrx_word' id='word_1_19' title='bbox 1850 404 1948 482; x_wconf 92' lang='lat' dir='ltr'><strong>bunc</strong></span> <span class='ocrx_word' id='word_1_20' title='bbox 1970 414 2093 487; x_wconf 90' lang='lat' dir='ltr'><strong>docto·</strong></span> <span class='ocrx_word' id='word_1_21' title='bbox 2174 456 2181 469; x_wconf 91' lang='lat'>·</span> 
     </span>
     <span class='ocr_line' id='line_1_3' title="bbox 63 505 2091 604; baseline 0.005 -27"><span class='ocrx_word' id='word_1_22' title='bbox 63 506 194 577; x_wconf 86' lang='lat' dir='ltr'><strong>ctrinae</strong></span> <span class='ocrx_word' id='word_1_23' title='bbox 211 506 318 598; x_wconf 88' lang='lat' dir='ltr'><strong>legis,</strong></span> <span class='ocrx_word' id='word_1_24' title='bbox 344 508 432 578; x_wconf 92' lang='lat' dir='ltr'><strong>etin</strong></span> <span class='ocrx_word' id='word_1_25' title='bbox 453 506 516 577; x_wconf 88' lang='lat' dir='ltr'><strong>illo</strong></span> <span class='ocrx_word' id='word_1_26' title='bbox 543 508 675 600; x_wconf 92' lang='lat' dir='ltr'><strong>populo</strong></span> <span class='ocrx_word' id='word_1_27' title='bbox 701 509 848 601; x_wconf 88' lang='lat' dir='ltr'><strong>politiae</strong></span> <span class='ocrx_word' id='word_1_28' title='bbox 861 506 1054 599; x_wconf 90' lang='lat' dir='ltr'><strong>Mosaicae,</strong></span> <span class='ocrx_word' id='word_1_29' title='bbox 1107 529 1201 584; x_wconf 90' lang='lat' dir='ltr'><strong>rem,</strong></span> <span class='ocrx_word' id='word_1_30' title='bbox 1228 505 1362 572; x_wconf 86' lang='lat' dir='ltr'><strong>etiamsi</strong></span> <span class='ocrx_word' id='word_1_31' title='bbox 1380 505 1523 573; x_wconf 87' lang='lat' dir='ltr'><strong>videbat</strong></span> <span class='ocrx_word' id='word_1_32' title='bbox 1538 528 1617 574; x_wconf 77' lang='lat' dir='ltr'><strong>earm</strong></span> <span class='ocrx_word' id='word_1_33' title='bbox 1635 507 1671 574; x_wconf 91' lang='lat' dir='ltr'><strong>in</strong></span> <span class='ocrx_word' id='word_1_34' title='bbox 1687 510 1770 579; x_wconf 94' lang='lat' dir='ltr'><strong>odio</strong></span> <span class='ocrx_word' id='word_1_35' title='bbox 1787 534 1860 582; x_wconf 90' lang='lat' dir='ltr'><strong>esse</strong></span> <span class='ocrx_word' id='word_1_36' title='bbox 1882 516 1976 604; x_wconf 89' lang='lat' dir='ltr'><strong>apud</strong></span> <span class='ocrx_word' id='word_1_37' title='bbox 1996 516 2091 587; x_wconf 90' lang='lat' dir='ltr'><strong>Pon-</strong></span> 
     </span>
     <span class='ocr_line' id='line_1_4' title="bbox 62 602 2090 704; baseline 0.006 -26"><span class='ocrx_word' id='word_1_38' title='bbox 62 630 150 702; x_wconf 83' lang='lat' dir='ltr'><strong>quss</strong></span> <span class='ocrx_word' id='word_1_39' title='bbox 171 603 330 679; x_wconf 87' lang='lat' dir='ltr'><strong>babebat</strong></span> <span class='ocrx_word' id='word_1_40' title='bbox 352 610 603 701; x_wconf 72' lang='lat' dir='ltr'><strong>promissiones</strong></span> <span class='ocrx_word' id='word_1_41' title='bbox 626 612 846 702; x_wconf 84' lang='lat' dir='ltr'><strong>corporales,</strong></span> <span class='ocrx_word' id='word_1_42' title='bbox 880 633 945 678; x_wconf 89' lang='lat' dir='ltr'><strong>nec</strong></span> <span class='ocrx_word' id='word_1_43' title='bbox 968 634 1054 678; x_wconf 88' lang='lat' dir='ltr'><strong>con·</strong></span> <span class='ocrx_word' id='word_1_44' title='bbox 1108 606 1218 675; x_wconf 85' lang='lat' dir='ltr'><strong>tifices</strong></span> <span class='ocrx_word' id='word_1_45' title='bbox 1234 620 1267 676; x_wconf 95' lang='lat' dir='ltr'><strong>et</strong></span> <span class='ocrx_word' id='word_1_46' title='bbox 1277 602 1505 691; x_wconf 88' lang='lat' dir='ltr'><strong>Pharisaeos,</strong></span> <span class='ocrx_word' id='word_1_47' title='bbox 1531 608 1591 675; x_wconf 88' lang='lat' dir='ltr'><strong>sed</strong></span> <span class='ocrx_word' id='word_1_48' title='bbox 1609 608 1745 679; x_wconf 90' lang='lat' dir='ltr'><strong>diversa</strong></span> <span class='ocrx_word' id='word_1_49' title='bbox 1760 626 1844 684; x_wconf 80' lang='lat' dir='ltr'><strong>snm</strong></span> <span class='ocrx_word' id='word_1_50' title='bbox 1860 614 2002 704; x_wconf 89' lang='lat' dir='ltr'><strong>iudicia,</strong></span> <span class='ocrx_word' id='word_1_51' title='bbox 2028 621 2090 690; x_wconf 89' lang='lat' dir='ltr'><strong>alii</strong></span> 
     </span>
     <span class='ocr_line' id='line_1_5' title="bbox 64 708 2089 802; baseline 0.005 -21"><span class='ocrx_word' id='word_1_52' title='bbox 64 710 293 781; x_wconf 82' lang='lat' dir='ltr'><strong>tinuatur-de</strong></span> <span class='ocrx_word' id='word_1_53' title='bbox 314 713 521 781; x_wconf 81' lang='lat' dir='ltr'><strong>remissione</strong></span> <span class='ocrx_word' id='word_1_54' title='bbox 541 724 763 801; x_wconf 92' lang='lat' dir='ltr'><strong>peccatorum</strong></span> <span class='ocrx_word' id='word_1_55' title='bbox 789 712 961 802; x_wconf 90' lang='lat' dir='ltr'><strong>gratuita,</strong></span> <span class='ocrx_word' id='word_1_56' title='bbox 987 734 1054 779; x_wconf 88' lang='lat' dir='ltr'><strong>nec</strong></span> <span class='ocrx_word' id='word_1_57' title='bbox 1106 708 1263 780; x_wconf 92' lang='lat' dir='ltr'><strong>sentiunt</strong></span> <span class='ocrx_word' id='word_1_58' title='bbox 1281 731 1354 777; x_wconf 89' lang='lat' dir='ltr'><strong>esse</strong></span> <span class='ocrx_word' id='word_1_59' title='bbox 1370 708 1513 801; x_wconf 89' lang='lat' dir='ltr'><strong>quidem</strong></span> <span class='ocrx_word' id='word_1_60' title='bbox 1535 710 1761 781; x_wconf 76' lang='lat' dir='ltr'><strong>excellentem</strong></span> <span class='ocrx_word' id='word_1_61' title='bbox 1787 717 1988 801; x_wconf 90' lang='lat' dir='ltr'><strong>doctorem,</strong></span> <span class='ocrx_word' id='word_1_62' title='bbox 2015 746 2089 792; x_wconf 92' lang='lat' dir='ltr'><strong>non</strong></span> 
     </span>
     <span class='ocr_line' id='line_1_6' title="bbox 62 804 2091 907; baseline 0.006 -27"><span class='ocrx_word' id='word_1_63' title='bbox 62 812 239 905; x_wconf 86' lang='lat' dir='ltr'><strong>promittit</strong></span> <span class='ocrx_word' id='word_1_64' title='bbox 269 827 330 883; x_wconf 87' lang='lat' dir='ltr'><strong>aut</strong></span> <span class='ocrx_word' id='word_1_65' title='bbox 357 815 470 884; x_wconf 85' lang='lat' dir='ltr'><strong>adfert</strong></span> <span class='ocrx_word' id='word_1_66' title='bbox 492 813 666 907; x_wconf 91' lang='lat' dir='ltr'><strong>Spiritum</strong></span> <span class='ocrx_word' id='word_1_67' title='bbox 688 827 866 896; x_wconf 88' lang='lat' dir='ltr'><strong>sanctum,</strong></span> <span class='ocrx_word' id='word_1_68' title='bbox 904 826 1047 882; x_wconf 90' lang='lat' dir='ltr'><strong>econtra</strong></span> <span class='ocrx_word' id='word_1_69' title='bbox 1104 809 1309 879; x_wconf 82' lang='lat' dir='ltr'><strong>inferiorem</strong></span> <span class='ocrx_word' id='word_1_70' title='bbox 1336 804 1543 901; x_wconf 72' lang='lat' dir='ltr'><strong>Prophetis,</strong></span> <span class='ocrx_word' id='word_1_71' title='bbox 1582 814 1640 879; x_wconf 92' lang='lat' dir='ltr'><strong>sed</strong></span> <span class='ocrx_word' id='word_1_72' title='bbox 1664 837 1738 882; x_wconf 92' lang='lat' dir='ltr'><strong>non</strong></span> <span class='ocrx_word' id='word_1_73' title='bbox 1760 818 2020 906; x_wconf 87' lang='lat' dir='ltr'><strong>assentiuntur,</strong></span> <span class='ocrx_word' id='word_1_74' title='bbox 2049 836 2091 896; x_wconf 87' lang='lat' dir='ltr'><strong>ut</strong></span> 
     </span>
     <span class='ocr_line' id='line_1_7' title="bbox 62 909 2091 1017; baseline 0.001 -34"><span class='ocrx_word' id='word_1_75' title='bbox 62 914 142 983; x_wconf 79' lang='lat' dir='ltr'><strong>nusi</strong></span> <span class='ocrx_word' id='word_1_76' title='bbox 160 917 367 985; x_wconf 76' lang='lat' dir='ltr'><strong>testamenti</strong></span> <span class='ocrx_word' id='word_1_77' title='bbox 381 916 618 985; x_wconf 89' lang='lat' dir='ltr'><strong>ministerium</strong></span> <span class='ocrx_word' id='word_1_78' title='bbox 643 916 744 985; x_wconf 78' lang='lat' dir='ltr'><strong>affert</strong></span> <span class='ocrx_word' id='word_1_79' title='bbox 761 928 796 985; x_wconf 90' lang='lat' dir='ltr'><strong>et</strong></span> <span class='ocrx_word' id='word_1_80' title='bbox 810 909 951 984; x_wconf 88' lang='lat' dir='ltr'><strong>exhibet</strong></span> <span class='ocrx_word' id='word_1_81' title='bbox 967 938 1050 1003; x_wconf 87' lang='lat' dir='ltr'><strong>pro.</strong></span> <span class='ocrx_word' id='word_1_82' title='bbox 1103 914 1247 981; x_wconf 90' lang='lat' dir='ltr'><strong>credant</strong></span> <span class='ocrx_word' id='word_1_83' title='bbox 1264 934 1335 981; x_wconf 89' lang='lat' dir='ltr'><strong>esse</strong></span> <span class='ocrx_word' id='word_1_84' title='bbox 1353 910 1532 996; x_wconf 87' lang='lat' dir='ltr'><strong>Messiam,</strong></span> <span class='ocrx_word' id='word_1_85' title='bbox 1555 912 1681 983; x_wconf 82' lang='lat' dir='ltr'><strong>offensi</strong></span> <span class='ocrx_word' id='word_1_86' title='bbox 1697 910 1825 985; x_wconf 90' lang='lat' dir='ltr'><strong>humili</strong></span> <span class='ocrx_word' id='word_1_87' title='bbox 1840 921 1967 1009; x_wconf 87' lang='lat' dir='ltr'><strong>specie,</strong></span> <span class='ocrx_word' id='word_1_88' title='bbox 1993 927 2091 1017; x_wconf 85' lang='lat' dir='ltr'><strong>quod</strong></span> 
     </span>
     <span class='ocr_line' id='line_1_8' title="bbox 61 1013 2088 1114; baseline 0.003 -31"><span class='ocrx_word' id='word_1_89' title='bbox 61 1016 268 1084; x_wconf 86' lang='lat' dir='ltr'><strong>missionem</strong></span> <span class='ocrx_word' id='word_1_90' title='bbox 295 1019 339 1086; x_wconf 89' lang='lat' dir='ltr'><strong>de</strong></span> <span class='ocrx_word' id='word_1_91' title='bbox 362 1017 569 1087; x_wconf 85' lang='lat' dir='ltr'><strong>remissione</strong></span> <span class='ocrx_word' id='word_1_92' title='bbox 590 1031 832 1108; x_wconf 90' lang='lat' dir='ltr'><strong>peccatorum,</strong></span> <span class='ocrx_word' id='word_1_93' title='bbox 879 1030 913 1086; x_wconf 92' lang='lat' dir='ltr'><strong>et</strong></span> <span class='ocrx_word' id='word_1_94' title='bbox 937 1017 1051 1084; x_wconf 87' lang='lat' dir='ltr'><strong>dona·</strong></span> <span class='ocrx_word' id='word_1_95' title='bbox 1103 1027 1177 1084; x_wconf 89' lang='lat' dir='ltr'><strong>erat</strong></span> <span class='ocrx_word' id='word_1_96' title='bbox 1191 1026 1291 1083; x_wconf 88' lang='lat' dir='ltr'><strong>ortus</strong></span> <span class='ocrx_word' id='word_1_97' title='bbox 1308 1037 1381 1083; x_wconf 92' lang='lat' dir='ltr'><strong>non</strong></span> <span class='ocrx_word' id='word_1_98' title='bbox 1397 1037 1436 1082; x_wconf 85' lang='lat' dir='ltr'><strong>ex</strong></span> <span class='ocrx_word' id='word_1_99' title='bbox 1453 1013 1582 1083; x_wconf 88' lang='lat' dir='ltr'><strong>celebri</strong></span> <span class='ocrx_word' id='word_1_100' title='bbox 1606 1016 1726 1113; x_wconf 83' lang='lat' dir='ltr'><strong>aliqua</strong></span> <span class='ocrx_word' id='word_1_101' title='bbox 1749 1019 1880 1090; x_wconf 87' lang='lat' dir='ltr'><strong>familia</strong></span> <span class='ocrx_word' id='word_1_102' title='bbox 1903 1037 2088 1114; x_wconf 84' lang='lat' dir='ltr'><strong>potentum</strong></span> 
     </span>
     <span class='ocr_line' id='line_1_9' title="bbox 61 1115 2090 1212; baseline 0.004 -25"><span class='ocrx_word' id='word_1_103' title='bbox 61 1115 153 1187; x_wconf 90' lang='lat' dir='ltr'><strong>tione</strong></span> <span class='ocrx_word' id='word_1_104' title='bbox 193 1129 359 1187; x_wconf 84' lang='lat' dir='ltr'><strong>aeternae</strong></span> <span class='ocrx_word' id='word_1_105' title='bbox 386 1119 544 1189; x_wconf 82' lang='lat' dir='ltr'><strong>iustitiae</strong></span> <span class='ocrx_word' id='word_1_106' title='bbox 570 1134 605 1190; x_wconf 94' lang='lat' dir='ltr'><strong>et</strong></span> <span class='ocrx_word' id='word_1_107' title='bbox 638 1120 749 1203; x_wconf 86' lang='lat' dir='ltr'><strong>vitae,</strong></span> <span class='ocrx_word' id='word_1_108' title='bbox 790 1118 1051 1212; x_wconf 85' lang='lat' dir='ltr'><strong>quaeuffertur</strong></span> <span class='ocrx_word' id='word_1_109' title='bbox 1102 1128 1161 1184; x_wconf 91' lang='lat' dir='ltr'><strong>aut</strong></span> <span class='ocrx_word' id='word_1_110' title='bbox 1176 1115 1373 1200; x_wconf 92' lang='lat' dir='ltr'><strong>nobilium,</strong></span> <span class='ocrx_word' id='word_1_111' title='bbox 1398 1116 1458 1184; x_wconf 91' lang='lat' dir='ltr'><strong>sed</strong></span> <span class='ocrx_word' id='word_1_112' title='bbox 1481 1138 1521 1185; x_wconf 83' lang='lat' dir='ltr'><strong>ex</strong></span> <span class='ocrx_word' id='word_1_113' title='bbox 1542 1115 1673 1204; x_wconf 91' lang='lat' dir='ltr'><strong>ignotis</strong></span> <span class='ocrx_word' id='word_1_114' title='bbox 1694 1122 1921 1210; x_wconf 87' lang='lat' dir='ltr'><strong>parentibus,</strong></span> <span class='ocrx_word' id='word_1_115' title='bbox 1946 1127 1990 1194; x_wconf 92' lang='lat' dir='ltr'><strong>de</strong></span> <span class='ocrx_word' id='word_1_116' title='bbox 2015 1152 2090 1197; x_wconf 91' lang='lat' dir='ltr'><strong>me-</strong></span> 
     </span>
    </p>
   </div>
   <div class='ocr_carea' id='block_1_3' title="bbox 61 1216 2207 1314">
    <p class='ocr_par' dir='ltr' id='par_1_3' title="bbox 61 1216 2207 1314">
     <span class='ocr_line' id='line_1_10' title="bbox 61 1216 2207 1314; baseline 0.004 -26"><span class='ocrx_word' id='word_1_117' title='bbox 61 1218 228 1289; x_wconf 84' lang='lat' dir='ltr'><strong>nmnibus</strong></span> <span class='ocrx_word' id='word_1_118' title='bbox 261 1221 325 1312; x_wconf 90' lang='lat' dir='ltr'><strong>qui</strong></span> <span class='ocrx_word' id='word_1_119' title='bbox 353 1223 520 1305; x_wconf 89' lang='lat' dir='ltr'><strong>credunt,</strong></span> <span class='ocrx_word' id='word_1_120' title='bbox 555 1245 631 1290; x_wconf 89' lang='lat' dir='ltr'><strong>non</strong></span> <span class='ocrx_word' id='word_1_121' title='bbox 652 1235 798 1312; x_wconf 90' lang='lat' dir='ltr'><strong>propter</strong></span> <span class='ocrx_word' id='word_1_122' title='bbox 822 1222 954 1309; x_wconf 88' lang='lat' dir='ltr'><strong>legem,</strong></span> <span class='ocrx_word' id='word_1_123' title='bbox 990 1221 1049 1287; x_wconf 91' lang='lat' dir='ltr'><strong>sed</strong></span> <span class='ocrx_word' id='word_1_124' title='bbox 1101 1216 1159 1286; x_wconf 89' lang='lat' dir='ltr'><strong>dia</strong></span> <span class='ocrx_word' id='word_1_125' title='bbox 1175 1217 1297 1307; x_wconf 87' lang='lat' dir='ltr'><strong>plebe,</strong></span> <span class='ocrx_word' id='word_1_126' title='bbox 1323 1217 1430 1310; x_wconf 90' lang='lat' dir='ltr'><strong>idque</strong></span> <span class='ocrx_word' id='word_1_127' title='bbox 1447 1216 1484 1284; x_wconf 91' lang='lat' dir='ltr'><strong>in</strong></span> <span class='ocrx_word' id='word_1_128' title='bbox 1504 1220 1667 1288; x_wconf 88' lang='lat' dir='ltr'><strong>extremis</strong></span> <span class='ocrx_word' id='word_1_129' title='bbox 1684 1221 1813 1290; x_wconf 86' lang='lat' dir='ltr'><strong>tinibus</strong></span> <span class='ocrx_word' id='word_1_130' title='bbox 1835 1226 1948 1314; x_wconf 88' lang='lat' dir='ltr'><strong>gentis</strong></span> <span class='ocrx_word' id='word_1_131' title='bbox 1964 1228 2088 1298; x_wconf 90' lang='lat' dir='ltr'><strong>Iudai·</strong></span> <span class='ocrx_word' id='word_1_132' title='bbox 2204 1274 2207 1279; x_wconf 92' lang='lat'><em>-</em></span> 
     </span>
    </p>
   </div>
   <div class='ocr_carea' id='block_1_4' title="bbox 61 1319 2089 1414">
    <p class='ocr_par' dir='ltr' id='par_1_4' title="bbox 61 1319 2089 1414">
     <span class='ocr_line' id='line_1_11' title="bbox 61 1319 2089 1414; baseline 0.006 -25"><span class='ocrx_word' id='word_1_133' title='bbox 61 1333 204 1413; x_wconf 90' lang='lat' dir='ltr'><strong>propter</strong></span> <span class='ocrx_word' id='word_1_134' title='bbox 220 1320 336 1389; x_wconf 87' lang='lat' dir='ltr'><strong>filium</strong></span> <span class='ocrx_word' id='word_1_135' title='bbox 354 1319 444 1405; x_wconf 85' lang='lat' dir='ltr'><strong>Dei,</strong></span> <span class='ocrx_word' id='word_1_136' title='bbox 470 1335 503 1392; x_wconf 92' lang='lat' dir='ltr'><strong>et</strong></span> <span class='ocrx_word' id='word_1_137' title='bbox 520 1346 583 1414; x_wconf 89' lang='lat' dir='ltr'><strong>per</strong></span> <span class='ocrx_word' id='word_1_138' title='bbox 599 1319 665 1393; x_wconf 92' lang='lat' dir='ltr'><strong>hoc</strong></span> <span class='ocrx_word' id='word_1_139' title='bbox 680 1322 916 1393; x_wconf 90' lang='lat' dir='ltr'><strong>ministerium</strong></span> <span class='ocrx_word' id='word_1_140' title='bbox 931 1324 1050 1405; x_wconf 89' lang='lat' dir='ltr'><strong>datur,</strong></span> <span class='ocrx_word' id='word_1_141' title='bbox 1103 1341 1179 1402; x_wconf 91' lang='lat' dir='ltr'><strong>cae,</strong></span> <span class='ocrx_word' id='word_1_142' title='bbox 1206 1321 1311 1398; x_wconf 87' lang='lat' dir='ltr'><strong>item,</strong></span> <span class='ocrx_word' id='word_1_143' title='bbox 1338 1321 1433 1411; x_wconf 89' lang='lat' dir='ltr'><strong>quod</strong></span> <span class='ocrx_word' id='word_1_144' title='bbox 1456 1332 1602 1408; x_wconf 90' lang='lat' dir='ltr'><strong>vagatur</strong></span> <span class='ocrx_word' id='word_1_145' title='bbox 1619 1322 1746 1412; x_wconf 89' lang='lat' dir='ltr'><strong>passim</strong></span> <span class='ocrx_word' id='word_1_146' title='bbox 1769 1348 1889 1397; x_wconf 87' lang='lat' dir='ltr'><strong>errans</strong></span> <span class='ocrx_word' id='word_1_147' title='bbox 1904 1329 1982 1397; x_wconf 90' lang='lat' dir='ltr'><strong>sine</strong></span> <span class='ocrx_word' id='word_1_148' title='bbox 1995 1345 2089 1404; x_wconf 90' lang='lat' dir='ltr'><strong>certa</strong></span> 
     </span>
    </p>
   </div>
   <div class='ocr_carea' id='block_1_5' title="bbox 60 1420 2216 1516">
    <p class='ocr_par' dir='ltr' id='par_1_5' title="bbox 60 1420 2216 1516">
     <span class='ocr_line' id='line_1_12' title="bbox 60 1420 2216 1516; baseline 0.004 -23"><span class='ocrx_word' id='word_1_149' title='bbox 60 1422 230 1493; x_wconf 81' lang='lat' dir='ltr'><strong>etelficar</strong></span> <span class='ocrx_word' id='word_1_150' title='bbox 244 1438 297 1493; x_wconf 87' lang='lat' dir='ltr'><strong>est</strong></span> <span class='ocrx_word' id='word_1_151' title='bbox 313 1421 467 1513; x_wconf 90' lang='lat' dir='ltr'><strong>Spiritus</strong></span> <span class='ocrx_word' id='word_1_152' title='bbox 488 1440 629 1497; x_wconf 88' lang='lat' dir='ltr'><strong>sanctus</strong></span> <span class='ocrx_word' id='word_1_153' title='bbox 651 1426 687 1493; x_wconf 91' lang='lat' dir='ltr'><strong>in</strong></span> <span class='ocrx_word' id='word_1_154' title='bbox 715 1421 790 1513; x_wconf 88' lang='lat' dir='ltr'><strong>his,</strong></span> <span class='ocrx_word' id='word_1_155' title='bbox 819 1424 880 1516; x_wconf 91' lang='lat' dir='ltr'><strong>qui</strong></span> <span class='ocrx_word' id='word_1_156' title='bbox 901 1424 1049 1493; x_wconf 90' lang='lat' dir='ltr'><strong>credunt</strong></span> <span class='ocrx_word' id='word_1_157' title='bbox 1102 1422 1201 1505; x_wconf 89' lang='lat' dir='ltr'><strong>sede,</strong></span> <span class='ocrx_word' id='word_1_158' title='bbox 1228 1443 1292 1488; x_wconf 91' lang='lat' dir='ltr'><strong>nec</strong></span> <span class='ocrx_word' id='word_1_159' title='bbox 1319 1433 1370 1490; x_wconf 91' lang='lat' dir='ltr'><strong>est</strong></span> <span class='ocrx_word' id='word_1_160' title='bbox 1392 1420 1429 1488; x_wconf 92' lang='lat' dir='ltr'><strong>in</strong></span> <span class='ocrx_word' id='word_1_161' title='bbox 1450 1420 1568 1513; x_wconf 88' lang='lat' dir='ltr'><strong>aliqua</strong></span> <span class='ocrx_word' id='word_1_162' title='bbox 1592 1437 1690 1513; x_wconf 90' lang='lat' dir='ltr'><strong>parte</strong></span> <span class='ocrx_word' id='word_1_163' title='bbox 1712 1426 2089 1516; x_wconf 87' lang='lat' dir='ltr'><strong>gubernationis,nec</strong></span> <span class='ocrx_word' id='word_1_164' title='bbox 2145 1420 2149 1426; x_wconf 42' lang='lat'><strong><em>⁴</em></strong></span> <span class='ocrx_word' id='word_1_165' title='bbox 2212 1422 2216 1429; x_wconf 70' lang='grc'>’</span> 
     </span>
    </p>
   </div>
   <div class='ocr_carea' id='block_1_6' title="bbox 60 1516 2147 2225">
    <p class='ocr_par' dir='ltr' id='par_1_6' title="bbox 60 1516 2147 2023">
     <span class='ocr_line' id='line_1_13' title="bbox 60 1516 2147 1618; baseline 0.004 -23"><span class='ocrx_word' id='word_1_166' title='bbox 60 1520 279 1613; x_wconf 83' lang='lat' dir='ltr'><strong>Evangelio,</strong></span> <span class='ocrx_word' id='word_1_167' title='bbox 307 1527 501 1595; x_wconf 90' lang='lat' dir='ltr'><strong>accendens</strong></span> <span class='ocrx_word' id='word_1_168' title='bbox 526 1528 563 1594; x_wconf 94' lang='lat' dir='ltr'><strong>in</strong></span> <span class='ocrx_word' id='word_1_169' title='bbox 580 1528 759 1596; x_wconf 91' lang='lat' dir='ltr'><strong>mentibus</strong></span> <span class='ocrx_word' id='word_1_170' title='bbox 776 1548 904 1594; x_wconf 88' lang='lat' dir='ltr'><strong>novam</strong></span> <span class='ocrx_word' id='word_1_171' title='bbox 921 1525 1048 1604; x_wconf 92' lang='lat' dir='ltr'><strong>lucem,</strong></span> <span class='ocrx_word' id='word_1_172' title='bbox 1100 1516 1207 1593; x_wconf 91' lang='lat' dir='ltr'><strong>habet</strong></span> <span class='ocrx_word' id='word_1_173' title='bbox 1236 1522 1354 1592; x_wconf 88' lang='lat' dir='ltr'><strong>studia</strong></span> <span class='ocrx_word' id='word_1_174' title='bbox 1382 1536 1443 1592; x_wconf 91' lang='lat' dir='ltr'><strong>aut</strong></span> <span class='ocrx_word' id='word_1_175' title='bbox 1473 1522 1741 1611; x_wconf 80' lang='lat' dir='ltr'><strong>suffragatioues</strong></span> <span class='ocrx_word' id='word_1_176' title='bbox 1780 1541 1984 1618; x_wconf 88' lang='lat' dir='ltr'><strong>potentum,</strong></span> <span class='ocrx_word' id='word_1_177' title='bbox 2024 1536 2087 1605; x_wconf 85' lang='lat' dir='ltr'><strong>scd</strong></span> <span class='ocrx_word' id='word_1_178' title='bbox 2142 1582 2147 1589; x_wconf 90' lang='lat'>-</span> 
     </span>
     <span class='ocr_line' id='line_1_14' title="bbox 61 1618 2086 1725; baseline 0 -31"><span class='ocrx_word' id='word_1_179' title='bbox 61 1626 282 1696; x_wconf 87' lang='lat' dir='ltr'><strong>sanctificans</strong></span> <span class='ocrx_word' id='word_1_180' title='bbox 305 1630 433 1713; x_wconf 90' lang='lat' dir='ltr'><strong>corda,</strong></span> <span class='ocrx_word' id='word_1_181' title='bbox 458 1641 491 1696; x_wconf 93' lang='lat' dir='ltr'><strong>et</strong></span> <span class='ocrx_word' id='word_1_182' title='bbox 507 1628 652 1697; x_wconf 91' lang='lat' dir='ltr'><strong>incoans</strong></span> <span class='ocrx_word' id='word_1_183' title='bbox 670 1652 798 1698; x_wconf 89' lang='lat' dir='ltr'><strong>novam</strong></span> <span class='ocrx_word' id='word_1_184' title='bbox 815 1641 848 1696; x_wconf 92' lang='lat' dir='ltr'><strong>et</strong></span> <span class='ocrx_word' id='word_1_185' title='bbox 867 1639 1046 1695; x_wconf 81' lang='lat' dir='ltr'><strong>aeternam</strong></span> <span class='ocrx_word' id='word_1_186' title='bbox 1100 1637 1237 1714; x_wconf 88' lang='lat' dir='ltr'><strong>spretus</strong></span> <span class='ocrx_word' id='word_1_187' title='bbox 1252 1626 1298 1692; x_wconf 92' lang='lat' dir='ltr'><strong>ab</strong></span> <span class='ocrx_word' id='word_1_188' title='bbox 1314 1618 1389 1708; x_wconf 87' lang='lat' dir='ltr'><strong>his,</strong></span> <span class='ocrx_word' id='word_1_189' title='bbox 1415 1623 1476 1715; x_wconf 90' lang='lat' dir='ltr'><strong>qui</strong></span> <span class='ocrx_word' id='word_1_190' title='bbox 1500 1626 1636 1694; x_wconf 91' lang='lat' dir='ltr'><strong>suntin</strong></span> <span class='ocrx_word' id='word_1_191' title='bbox 1657 1630 1934 1719; x_wconf 76' lang='lat' dir='ltr'><strong>gubernatione,</strong></span> <span class='ocrx_word' id='word_1_192' title='bbox 1969 1636 2086 1725; x_wconf 91' lang='lat' dir='ltr'><strong>negti.</strong></span> 
     </span>
     <span class='ocr_line' id='line_1_15' title="bbox 60 1724 2087 1825; baseline 0.005 -29"><span class='ocrx_word' id='word_1_193' title='bbox 60 1727 246 1800; x_wconf 87' lang='lat' dir='ltr'><strong>iusticiam.</strong></span> <span class='ocrx_word' id='word_1_194' title='bbox 307 1724 387 1797; x_wconf 87' lang='lat' dir='ltr'><strong>lloc</strong></span> <span class='ocrx_word' id='word_1_195' title='bbox 425 1729 659 1799; x_wconf 87' lang='lat' dir='ltr'><strong>ministerium</strong></span> <span class='ocrx_word' id='word_1_196' title='bbox 691 1753 750 1798; x_wconf 89' lang='lat' dir='ltr'><strong>seu</strong></span> <span class='ocrx_word' id='word_1_197' title='bbox 784 1724 870 1796; x_wconf 91' lang='lat' dir='ltr'><strong>haec</strong></span> <span class='ocrx_word' id='word_1_198' title='bbox 894 1727 1046 1817; x_wconf 82' lang='lat' dir='ltr'><strong>efficacia</strong></span> <span class='ocrx_word' id='word_1_199' title='bbox 1100 1725 1195 1814; x_wconf 90' lang='lat' dir='ltr'><strong>gitur</strong></span> <span class='ocrx_word' id='word_1_200' title='bbox 1216 1726 1511 1817; x_wconf 89' lang='lat' dir='ltr'><strong>etiamareliquo</strong></span> <span class='ocrx_word' id='word_1_201' title='bbox 1531 1727 1676 1817; x_wconf 87' lang='lat' dir='ltr'><strong>populo.</strong></span> <span class='ocrx_word' id='word_1_202' title='bbox 1715 1727 1790 1798; x_wconf 91' lang='lat' dir='ltr'><strong>Hac</strong></span> <span class='ocrx_word' id='word_1_203' title='bbox 1811 1733 1925 1803; x_wconf 90' lang='lat' dir='ltr'><strong>forma</strong></span> <span class='ocrx_word' id='word_1_204' title='bbox 1948 1737 2087 1825; x_wconf 83' lang='lat' dir='ltr'><strong>offensi,</strong></span> 
     </span>
     <span class='ocr_line' id='line_1_16' title="bbox 60 1822 2086 1930; baseline 0.003 -29"><span class='ocrx_word' id='word_1_205' title='bbox 60 1826 213 1919; x_wconf 86' lang='lat' dir='ltr'><strong>Spiritus</strong></span> <span class='ocrx_word' id='word_1_206' title='bbox 228 1830 339 1898; x_wconf 91' lang='lat' dir='ltr'><strong>sancti</strong></span> <span class='ocrx_word' id='word_1_207' title='bbox 354 1852 428 1899; x_wconf 94' lang='lat' dir='ltr'><strong>non</strong></span> <span class='ocrx_word' id='word_1_208' title='bbox 451 1833 566 1922; x_wconf 89' lang='lat' dir='ltr'><strong>potuit</strong></span> <span class='ocrx_word' id='word_1_209' title='bbox 590 1832 752 1921; x_wconf 90' lang='lat' dir='ltr'><strong>cognosci</strong></span> <span class='ocrx_word' id='word_1_210' title='bbox 769 1831 903 1919; x_wconf 90' lang='lat' dir='ltr'><strong>palam,</strong></span> <span class='ocrx_word' id='word_1_211' title='bbox 930 1828 1048 1919; x_wconf 89' lang='lat' dir='ltr'><strong>prius-</strong></span> <span class='ocrx_word' id='word_1_212' title='bbox 1098 1827 1261 1897; x_wconf 86' lang='lat' dir='ltr'><strong>resiliunt</strong></span> <span class='ocrx_word' id='word_1_213' title='bbox 1290 1827 1395 1899; x_wconf 87' lang='lat' dir='ltr'><strong>etiarn</strong></span> <span class='ocrx_word' id='word_1_214' title='bbox 1429 1822 1484 1913; x_wconf 93' lang='lat' dir='ltr'><strong>bi,</strong></span> <span class='ocrx_word' id='word_1_215' title='bbox 1524 1830 1586 1922; x_wconf 91' lang='lat' dir='ltr'><strong>qui</strong></span> <span class='ocrx_word' id='word_1_216' title='bbox 1616 1830 1815 1901; x_wconf 86' lang='lat' dir='ltr'><strong>doctrinam</strong></span> <span class='ocrx_word' id='word_1_217' title='bbox 1844 1858 1920 1904; x_wconf 93' lang='lat' dir='ltr'><strong>non</strong></span> <span class='ocrx_word' id='word_1_218' title='bbox 1950 1838 2086 1930; x_wconf 91' lang='lat' dir='ltr'><strong>impro-</strong></span> 
     </span>
     <span class='ocr_line' id='line_1_17' title="bbox 61 1928 1243 2023; baseline 0.003 -24"><span class='ocrx_word' id='word_1_219' title='bbox 61 1954 159 2023; x_wconf 84' lang='lat' dir='ltr'><strong>qnam</strong></span> <span class='ocrx_word' id='word_1_220' title='bbox 185 1931 416 2001; x_wconf 89' lang='lat' dir='ltr'><strong>resuscitatus</strong></span> <span class='ocrx_word' id='word_1_221' title='bbox 439 1928 679 2007; x_wconf 83' lang='lat' dir='ltr'><strong>estChristus.</strong></span> <span class='ocrx_word' id='word_1_222' title='bbox 738 1930 815 2001; x_wconf 91' lang='lat' dir='ltr'><strong>Etsi</strong></span> <span class='ocrx_word' id='word_1_223' title='bbox 842 1931 936 1999; x_wconf 86' lang='lat' dir='ltr'><strong>enirn</strong></span> <span class='ocrx_word' id='word_1_224' title='bbox 964 1945 1047 1999; x_wconf 92' lang='lat' dir='ltr'><strong>ante</strong></span> <span class='ocrx_word' id='word_1_225' title='bbox 1099 1929 1243 2003; x_wconf 81' lang='lat' dir='ltr'><strong>habant.</strong></span> 
     </span>
    </p>

    <p class='ocr_par' dir='ltr' id='par_1_7' title="bbox 62 2027 2086 2225">
     <span class='ocr_line' id='line_1_18' title="bbox 62 2027 2086 2126; baseline 0.005 -25"><span class='ocrx_word' id='word_1_226' title='bbox 62 2032 168 2103; x_wconf 86' lang='lat' dir='ltr'><strong>aditae</strong></span> <span class='ocrx_word' id='word_1_227' title='bbox 194 2046 300 2102; x_wconf 90' lang='lat' dir='ltr'><strong>erant</strong></span> <span class='ocrx_word' id='word_1_228' title='bbox 321 2035 574 2126; x_wconf 89' lang='lat' dir='ltr'><strong>promissiones</strong></span> <span class='ocrx_word' id='word_1_229' title='bbox 597 2035 634 2103; x_wconf 91' lang='lat' dir='ltr'><strong>in</strong></span> <span class='ocrx_word' id='word_1_230' title='bbox 650 2028 859 2122; x_wconf 86' lang='lat' dir='ltr'><strong>Prophetis,</strong></span> <span class='ocrx_word' id='word_1_231' title='bbox 887 2027 1047 2103; x_wconf 87' lang='lat' dir='ltr'><strong>et·Chri-</strong></span> <span class='ocrx_word' id='word_1_232' title='bbox 1200 2028 1297 2099; x_wconf 88' lang='lat' dir='ltr'><strong>llaec</strong></span> <span class='ocrx_word' id='word_1_233' title='bbox 1315 2052 1454 2119; x_wconf 90' lang='lat' dir='ltr'><strong>semper</strong></span> <span class='ocrx_word' id='word_1_234' title='bbox 1464 2031 1585 2106; x_wconf 82' lang='lat' dir='ltr'><strong>estin</strong></span> <span class='ocrx_word' id='word_1_235' title='bbox 1608 2035 1745 2102; x_wconf 91' lang='lat' dir='ltr'><strong>mundo</strong></span> <span class='ocrx_word' id='word_1_236' title='bbox 1768 2035 1873 2106; x_wconf 87' lang='lat' dir='ltr'><strong>facies</strong></span> <span class='ocrx_word' id='word_1_237' title='bbox 1894 2033 2086 2118; x_wconf 83' lang='lat' dir='ltr'><strong>Ecclesiae.</strong></span> 
     </span>
     <span class='ocr_line' id='line_1_19' title="bbox 63 2129 2083 2225; baseline 0.004 -20"><span class='ocrx_word' id='word_1_238' title='bbox 63 2147 127 2205; x_wconf 83' lang='lat' dir='ltr'><strong>atus</strong></span> <span class='ocrx_word' id='word_1_239' title='bbox 156 2134 239 2224; x_wconf 88' lang='lat' dir='ltr'><strong>ipse</strong></span> <span class='ocrx_word' id='word_1_240' title='bbox 270 2136 428 2208; x_wconf 88' lang='lat' dir='ltr'><strong>incoarat</strong></span> <span class='ocrx_word' id='word_1_241' title='bbox 451 2136 650 2207; x_wconf 85' lang='lat' dir='ltr'><strong>doctrinam</strong></span> <span class='ocrx_word' id='word_1_242' title='bbox 678 2131 886 2225; x_wconf 84' lang='lat' dir='ltr'><strong>Evangelii,</strong></span> <span class='ocrx_word' id='word_1_243' title='bbox 926 2147 1044 2204; x_wconf 92' lang='lat' dir='ltr'><strong>tamen</strong></span> <span class='ocrx_word' id='word_1_244' title='bbox 1098 2129 1248 2201; x_wconf 86' lang='lat' dir='ltr'><strong>Manent</strong></span> <span class='ocrx_word' id='word_1_245' title='bbox 1266 2132 1456 2200; x_wconf 89' lang='lat' dir='ltr'><strong>certamina</strong></span> <span class='ocrx_word' id='word_1_246' title='bbox 1475 2145 1508 2202; x_wconf 92' lang='lat' dir='ltr'><strong>et</strong></span> <span class='ocrx_word' id='word_1_247' title='bbox 1524 2132 1771 2221; x_wconf 86' lang='lat' dir='ltr'><strong>dissensiones,</strong></span> <span class='ocrx_word' id='word_1_248' title='bbox 1798 2151 1833 2207; x_wconf 92' lang='lat' dir='ltr'><strong>et</strong></span> <span class='ocrx_word' id='word_1_249' title='bbox 1849 2140 2003 2212; x_wconf 90' lang='lat' dir='ltr'><strong>mundus</strong></span> <span class='ocrx_word' id='word_1_250' title='bbox 2018 2142 2083 2215; x_wconf 90' lang='lat' dir='ltr'><strong>etsi</strong></span> 
     </span>
    </p>
   </div>
   <div class='ocr_carea' id='block_1_7' title="bbox 62 2234 2211 2327">
    <p class='ocr_par' dir='ltr' id='par_1_8' title="bbox 62 2234 2211 2327">
     <span class='ocr_line' id='line_1_20' title="bbox 62 2234 2211 2327; baseline 0.004 -22"><span class='ocrx_word' id='word_1_251' title='bbox 62 2236 216 2327; x_wconf 92' lang='lat' dir='ltr'><strong>oportuit</strong></span> <span class='ocrx_word' id='word_1_252' title='bbox 230 2238 396 2306; x_wconf 87' lang='lat' dir='ltr'><strong>accedere</strong></span> <span class='ocrx_word' id='word_1_253' title='bbox 411 2238 629 2308; x_wconf 82' lang='lat' dir='ltr'><strong>manifestam</strong></span> <span class='ocrx_word' id='word_1_254' title='bbox 645 2238 909 2315; x_wconf 87' lang='lat' dir='ltr'><strong>revelationem,</strong></span> <span class='ocrx_word' id='word_1_255' title='bbox 937 2235 1045 2303; x_wconf 90' lang='lat' dir='ltr'><strong>misso</strong></span> <span class='ocrx_word' id='word_1_256' title='bbox 1097 2257 1171 2302; x_wconf 93' lang='lat' dir='ltr'><strong>non</strong></span> <span class='ocrx_word' id='word_1_257' title='bbox 1187 2234 1325 2327; x_wconf 88' lang='lat' dir='ltr'><strong>quaerit</strong></span> <span class='ocrx_word' id='word_1_258' title='bbox 1343 2234 1544 2319; x_wconf 88' lang='lat' dir='ltr'><strong>veritatem,</strong></span> <span class='ocrx_word' id='word_1_259' title='bbox 1567 2248 1685 2304; x_wconf 92' lang='lat' dir='ltr'><strong>tamen</strong></span> <span class='ocrx_word' id='word_1_260' title='bbox 1702 2237 1769 2305; x_wconf 91' lang='lat' dir='ltr'><strong>sibi</strong></span> <span class='ocrx_word' id='word_1_261' title='bbox 1787 2238 1957 2310; x_wconf 90' lang='lat' dir='ltr'><strong>iudicium</strong></span> <span class='ocrx_word' id='word_1_262' title='bbox 1976 2245 2085 2315; x_wconf 89' lang='lat' dir='ltr'><strong>sumit</strong></span> <span class='ocrx_word' id='word_1_263' title='bbox 2207 2256 2211 2261; x_wconf 83' lang='grc'><em>“</em></span> 
     </span>
    </p>
   </div>
   <div class='ocr_carea' id='block_1_8' title="bbox 10 2334 2084 4161">
    <p class='ocr_par' dir='ltr' id='par_1_9' title="bbox 62 2334 2084 2836">
     <span class='ocr_line' id='line_1_21' title="bbox 62 2334 2084 2431; baseline 0.004 -24"><span class='ocrx_word' id='word_1_264' title='bbox 62 2336 192 2428; x_wconf 79' lang='lat' dir='ltr'><strong>Spiritu</strong></span> <span class='ocrx_word' id='word_1_265' title='bbox 205 2350 349 2421; x_wconf 86' lang='lat' dir='ltr'><strong>sancto,</strong></span> <span class='ocrx_word' id='word_1_266' title='bbox 374 2351 412 2406; x_wconf 92' lang='lat' dir='ltr'><strong>ut</strong></span> <span class='ocrx_word' id='word_1_267' title='bbox 428 2352 559 2411; x_wconf 86' lang='lat' dir='ltr'><strong>extaret</strong></span> <span class='ocrx_word' id='word_1_268' title='bbox 575 2341 837 2423; x_wconf 89' lang='lat' dir='ltr'><strong>testimonium,</strong></span> <span class='ocrx_word' id='word_1_269' title='bbox 862 2363 933 2431; x_wconf 88' lang='lat' dir='ltr'><strong>quo</strong></span> <span class='ocrx_word' id='word_1_270' title='bbox 948 2334 1045 2406; x_wconf 88' lang='lat' dir='ltr'><strong>Deus</strong></span> <span class='ocrx_word' id='word_1_271' title='bbox 1097 2336 1140 2403; x_wconf 92' lang='lat' dir='ltr'><strong>de</strong></span> <span class='ocrx_word' id='word_1_272' title='bbox 1170 2335 1350 2417; x_wconf 91' lang='lat' dir='ltr'><strong>doctrina,</strong></span> <span class='ocrx_word' id='word_1_273' title='bbox 1390 2359 1455 2404; x_wconf 89' lang='lat' dir='ltr'><strong>nec</strong></span> <span class='ocrx_word' id='word_1_274' title='bbox 1485 2349 1666 2418; x_wconf 87' lang='lat' dir='ltr'><strong>movetur,</strong></span> <span class='ocrx_word' id='word_1_275' title='bbox 1709 2351 1749 2407; x_wconf 92' lang='lat' dir='ltr'><strong>ut</strong></span> <span class='ocrx_word' id='word_1_276' title='bbox 1777 2343 1913 2423; x_wconf 89' lang='lat' dir='ltr'><strong>credat,</strong></span> <span class='ocrx_word' id='word_1_277' title='bbox 1946 2344 2084 2415; x_wconf 89' lang='lat' dir='ltr'><strong>etiamsi</strong></span> 
     </span>
     <span class='ocr_line' id='line_1_22' title="bbox 62 2434 2083 2524; baseline 0.004 -15"><span class='ocrx_word' id='word_1_278' title='bbox 62 2451 243 2509; x_wconf 81' lang='lat' dir='ltr'><strong>testaretur</strong></span> <span class='ocrx_word' id='word_1_279' title='bbox 277 2434 372 2509; x_wconf 81' lang='lat' dir='ltr'><strong>hasne</strong></span> <span class='ocrx_word' id='word_1_280' title='bbox 398 2437 564 2509; x_wconf 89' lang='lat' dir='ltr'><strong>Messiam</strong></span> <span class='ocrx_word' id='word_1_281' title='bbox 589 2465 663 2510; x_wconf 88' lang='lat' dir='ltr'><strong>esse</strong></span> <span class='ocrx_word' id='word_1_282' title='bbox 696 2442 808 2509; x_wconf 84' lang='lat' dir='ltr'><strong>tilium</strong></span> <span class='ocrx_word' id='word_1_283' title='bbox 835 2436 919 2524; x_wconf 87' lang='lat' dir='ltr'><strong>Dei,</strong></span> <span class='ocrx_word' id='word_1_284' title='bbox 954 2451 1044 2508; x_wconf 91' lang='lat' dir='ltr'><strong>etse</strong></span> <span class='ocrx_word' id='word_1_285' title='bbox 1096 2437 1321 2507; x_wconf 88' lang='lat' dir='ltr'><strong>convincitur</strong></span> <span class='ocrx_word' id='word_1_286' title='bbox 1344 2437 1540 2507; x_wconf 82' lang='lat' dir='ltr'><strong>manifestis</strong></span> <span class='ocrx_word' id='word_1_287' title='bbox 1563 2439 1785 2511; x_wconf 87' lang='lat' dir='ltr'><strong>testimoniis.</strong></span> <span class='ocrx_word' id='word_1_288' title='bbox 1840 2442 1950 2514; x_wconf 88' lang='lat' dir='ltr'><strong>Multi</strong></span> <span class='ocrx_word' id='word_1_289' title='bbox 1974 2446 2083 2517; x_wconf 88' lang='lat' dir='ltr'><strong>etiam</strong></span> 
     </span>
     <span class='ocr_line' id='line_1_23' title="bbox 63 2536 2084 2640; baseline 0.004 -34"><span class='ocrx_word' id='word_1_290' title='bbox 63 2541 161 2621; x_wconf 83' lang='lat' dir='ltr'><strong>velle,</strong></span> <span class='ocrx_word' id='word_1_291' title='bbox 189 2554 231 2611; x_wconf 89' lang='lat' dir='ltr'><strong>ut</strong></span> <span class='ocrx_word' id='word_1_292' title='bbox 247 2564 369 2611; x_wconf 89' lang='lat' dir='ltr'><strong>omues</strong></span> <span class='ocrx_word' id='word_1_293' title='bbox 386 2536 469 2610; x_wconf 91' lang='lat' dir='ltr'><strong>huic</strong></span> <span class='ocrx_word' id='word_1_294' title='bbox 483 2543 680 2613; x_wconf 88' lang='lat' dir='ltr'><strong>ministerio</strong></span> <span class='ocrx_word' id='word_1_295' title='bbox 695 2543 850 2625; x_wconf 90' lang='lat' dir='ltr'><strong>credant,</strong></span> <span class='ocrx_word' id='word_1_296' title='bbox 876 2565 916 2610; x_wconf 92' lang='lat' dir='ltr'><strong>ac</strong></span> <span class='ocrx_word' id='word_1_297' title='bbox 931 2541 1044 2611; x_wconf 89' lang='lat' dir='ltr'><strong>sciant</strong></span> <span class='ocrx_word' id='word_1_298' title='bbox 1096 2538 1200 2608; x_wconf 85' lang='lat' dir='ltr'><strong>initio</strong></span> <span class='ocrx_word' id='word_1_299' title='bbox 1216 2540 1416 2630; x_wconf 90' lang='lat' dir='ltr'><strong>approbant</strong></span> <span class='ocrx_word' id='word_1_300' title='bbox 1438 2538 1619 2609; x_wconf 88' lang='lat' dir='ltr'><strong>doctrinae</strong></span> <span class='ocrx_word' id='word_1_301' title='bbox 1642 2541 1945 2631; x_wconf 85' lang='lat' dir='ltr'><strong>emendationem,</strong></span> <span class='ocrx_word' id='word_1_302' title='bbox 1970 2560 2003 2618; x_wconf 91' lang='lat' dir='ltr'><strong>et</strong></span> <span class='ocrx_word' id='word_1_303' title='bbox 2018 2572 2084 2640; x_wconf 88' lang='lat' dir='ltr'><strong>ap-</strong></span> 
     </span>
     <span class='ocr_line' id='line_1_24' title="bbox 63 2637 2083 2735; baseline 0.004 -24"><span class='ocrx_word' id='word_1_304' title='bbox 63 2665 117 2733; x_wconf 86' lang='lat' dir='ltr'><strong>prr</strong></span> <span class='ocrx_word' id='word_1_305' title='bbox 137 2637 209 2712; x_wconf 91' lang='lat' dir='ltr'><strong>hoc</strong></span> <span class='ocrx_word' id='word_1_306' title='bbox 233 2643 314 2712; x_wconf 90' lang='lat' dir='ltr'><strong>dari</strong></span> <span class='ocrx_word' id='word_1_307' title='bbox 337 2641 510 2733; x_wconf 90' lang='lat' dir='ltr'><strong>Spiritum</strong></span> <span class='ocrx_word' id='word_1_308' title='bbox 537 2660 722 2730; x_wconf 89' lang='lat' dir='ltr'><strong>sanctum,</strong></span> <span class='ocrx_word' id='word_1_309' title='bbox 757 2657 791 2714; x_wconf 90' lang='lat' dir='ltr'><strong>et</strong></span> <span class='ocrx_word' id='word_1_310' title='bbox 814 2644 941 2714; x_wconf 88' lang='lat' dir='ltr'><strong>salvari</strong></span> <span class='ocrx_word' id='word_1_311' title='bbox 967 2666 1044 2712; x_wconf 91' lang='lat' dir='ltr'><strong>cre·</strong></span> <span class='ocrx_word' id='word_1_312' title='bbox 1096 2641 1289 2730; x_wconf 88' lang='lat' dir='ltr'><strong>plaudunt,</strong></span> <span class='ocrx_word' id='word_1_313' title='bbox 1316 2642 1531 2731; x_wconf 86' lang='lat' dir='ltr'><strong>sedpostea,</strong></span> <span class='ocrx_word' id='word_1_314' title='bbox 1558 2641 1640 2734; x_wconf 91' lang='lat' dir='ltr'><strong>quia</strong></span> <span class='ocrx_word' id='word_1_315' title='bbox 1665 2666 1737 2711; x_wconf 91' lang='lat' dir='ltr'><strong>non</strong></span> <span class='ocrx_word' id='word_1_316' title='bbox 1763 2647 1952 2735; x_wconf 88' lang='lat' dir='ltr'><strong>respondet</strong></span> <span class='ocrx_word' id='word_1_317' title='bbox 1973 2673 2083 2720; x_wconf 83' lang='lat' dir='ltr'><strong>even·</strong></span> 
     </span>
     <span class='ocr_line' id='line_1_25' title="bbox 64 2737 2082 2836; baseline 0.003 -23"><span class='ocrx_word' id='word_1_318' title='bbox 64 2746 197 2827; x_wconf 86' lang='lat' dir='ltr'><strong>dentes,</strong></span> <span class='ocrx_word' id='word_1_319' title='bbox 222 2766 299 2812; x_wconf 88' lang='lat' dir='ltr'><strong>non</strong></span> <span class='ocrx_word' id='word_1_320' title='bbox 317 2767 382 2829; x_wconf 89' lang='lat' dir='ltr'><strong>per</strong></span> <span class='ocrx_word' id='word_1_321' title='bbox 396 2745 517 2836; x_wconf 88' lang='lat' dir='ltr'><strong>legem.</strong></span> <span class='ocrx_word' id='word_1_322' title='bbox 1096 2755 1151 2810; x_wconf 89' lang='lat' dir='ltr'><strong>tus</strong></span> <span class='ocrx_word' id='word_1_323' title='bbox 1168 2737 1336 2812; x_wconf 88' lang='lat' dir='ltr'><strong>humanis</strong></span> <span class='ocrx_word' id='word_1_324' title='bbox 1353 2742 1515 2826; x_wconf 89' lang='lat' dir='ltr'><strong>iudiciis,</strong></span> <span class='ocrx_word' id='word_1_325' title='bbox 1541 2756 1575 2813; x_wconf 93' lang='lat' dir='ltr'><strong>et</strong></span> <span class='ocrx_word' id='word_1_326' title='bbox 1602 2745 1853 2834; x_wconf 83' lang='lat' dir='ltr'><strong>expectationi,</strong></span> <span class='ocrx_word' id='word_1_327' title='bbox 1873 2747 1976 2823; x_wconf 86' lang='lat' dir='ltr'><strong>facile</strong></span> <span class='ocrx_word' id='word_1_328' title='bbox 1994 2752 2082 2821; x_wconf 89' lang='lat' dir='ltr'><strong>deli·</strong></span> 
     </span>
    </p>

    <p class='ocr_par' dir='ltr' id='par_1_10' title="bbox 10 2841 2081 4161">
     <span class='ocr_line' id='line_1_26' title="bbox 151 2841 2081 2942; baseline 0.002 -25"><span class='ocrx_word' id='word_1_329' title='bbox 151 2842 223 2917; x_wconf 85' lang='lat' dir='ltr'><strong>Eat</strong></span> <span class='ocrx_word' id='word_1_330' title='bbox 239 2868 322 2935; x_wconf 90' lang='lat' dir='ltr'><strong>ergo</strong></span> <span class='ocrx_word' id='word_1_331' title='bbox 341 2847 512 2916; x_wconf 90' lang='lat' dir='ltr'><strong>sententia</strong></span> <span class='ocrx_word' id='word_1_332' title='bbox 527 2841 635 2918; x_wconf 89' lang='lat' dir='ltr'><strong>huius</strong></span> <span class='ocrx_word' id='word_1_333' title='bbox 652 2846 755 2916; x_wconf 88' lang='lat' dir='ltr'><strong>dicti:</strong></span> <span class='ocrx_word' id='word_1_334' title='bbox 781 2846 952 2916; x_wconf 89' lang='lat' dir='ltr'><strong>Nondum</strong></span> <span class='ocrx_word' id='word_1_335' title='bbox 968 2860 1041 2916; x_wconf 89' lang='lat' dir='ltr'><strong>erat</strong></span> <span class='ocrx_word' id='word_1_336' title='bbox 1095 2845 1214 2928; x_wconf 90' lang='lat' dir='ltr'><strong>ciunt,</strong></span> <span class='ocrx_word' id='word_1_337' title='bbox 1241 2868 1320 2912; x_wconf 83' lang='lat' dir='ltr'><strong>curn</strong></span> <span class='ocrx_word' id='word_1_338' title='bbox 1344 2844 1467 2914; x_wconf 89' lang='lat' dir='ltr'><strong>vident</strong></span> <span class='ocrx_word' id='word_1_339' title='bbox 1489 2845 1677 2916; x_wconf 86' lang='lat' dir='ltr'><strong>sententiis</strong></span> <span class='ocrx_word' id='word_1_340' title='bbox 1700 2847 1876 2933; x_wconf 87' lang='lat' dir='ltr'><strong>aliorum,</strong></span> <span class='ocrx_word' id='word_1_341' title='bbox 1901 2850 1963 2942; x_wconf 89' lang='lat' dir='ltr'><strong>qui</strong></span> <span class='ocrx_word' id='word_1_342' title='bbox 1979 2875 2081 2942; x_wconf 89' lang='lat' dir='ltr'><strong>prae-</strong></span> 
     </span>
     <span class='ocr_line' id='line_1_27' title="bbox 62 2942 2078 3034; baseline 0.002 -17"><span class='ocrx_word' id='word_1_343' title='bbox 62 2942 208 3034; x_wconf 85' lang='lat' dir='ltr'><strong>Spiritua</strong></span> <span class='ocrx_word' id='word_1_344' title='bbox 224 2961 385 3031; x_wconf 87' lang='lat' dir='ltr'><strong>sanctus,</strong></span> <span class='ocrx_word' id='word_1_345' title='bbox 412 2949 447 3019; x_wconf 91' lang='lat' dir='ltr'><strong>id</strong></span> <span class='ocrx_word' id='word_1_346' title='bbox 472 2962 542 3033; x_wconf 89' lang='lat' dir='ltr'><strong>est,</strong></span> <span class='ocrx_word' id='word_1_347' title='bbox 568 2951 728 3018; x_wconf 91' lang='lat' dir='ltr'><strong>nondum</strong></span> <span class='ocrx_word' id='word_1_348' title='bbox 750 2948 890 3018; x_wconf 89' lang='lat' dir='ltr'><strong>coelesti</strong></span> <span class='ocrx_word' id='word_1_349' title='bbox 909 2971 948 3015; x_wconf 94' lang='lat' dir='ltr'><strong>ac</strong></span> <span class='ocrx_word' id='word_1_350' title='bbox 967 2970 1041 3016; x_wconf 89' lang='lat' dir='ltr'><strong>ma·</strong></span> <span class='ocrx_word' id='word_1_351' title='bbox 1094 2956 1186 3013; x_wconf 89' lang='lat' dir='ltr'><strong>stant</strong></span> <span class='ocrx_word' id='word_1_352' title='bbox 1202 2944 1374 3031; x_wconf 89' lang='lat' dir='ltr'><strong>sapientia</strong></span> <span class='ocrx_word' id='word_1_353' title='bbox 1390 2957 1425 3014; x_wconf 93' lang='lat' dir='ltr'><strong>ct</strong></span> <span class='ocrx_word' id='word_1_354' title='bbox 1446 2945 1652 3030; x_wconf 86' lang='lat' dir='ltr'><strong>autoritate,</strong></span> <span class='ocrx_word' id='word_1_355' title='bbox 1678 2948 1840 3018; x_wconf 90' lang='lat' dir='ltr'><strong>damnari</strong></span> <span class='ocrx_word' id='word_1_356' title='bbox 1864 2951 2078 3032; x_wconf 86' lang='lat' dir='ltr'><strong>doctrinam.</strong></span> 
     </span>
     <span class='ocr_line' id='line_1_28' title="bbox 59 3043 2080 3145; baseline 0.004 -28"><span class='ocrx_word' id='word_1_357' title='bbox 59 3049 175 3120; x_wconf 85' lang='lat' dir='ltr'><strong>nilesta</strong></span> <span class='ocrx_word' id='word_1_358' title='bbox 192 3048 426 3135; x_wconf 83' lang='lat' dir='ltr'><strong>revelatione,</strong></span> <span class='ocrx_word' id='word_1_359' title='bbox 452 3072 514 3120; x_wconf 89' lang='lat' dir='ltr'><strong>seu</strong></span> <span class='ocrx_word' id='word_1_360' title='bbox 530 3048 729 3119; x_wconf 89' lang='lat' dir='ltr'><strong>ostensione</strong></span> <span class='ocrx_word' id='word_1_361' title='bbox 746 3048 900 3140; x_wconf 91' lang='lat' dir='ltr'><strong>Spiritus</strong></span> <span class='ocrx_word' id='word_1_362' title='bbox 914 3049 1039 3130; x_wconf 91' lang='lat' dir='ltr'><strong>sancti,</strong></span> <span class='ocrx_word' id='word_1_363' title='bbox 1093 3044 1145 3117; x_wconf 90' lang='lat' dir='ltr'><strong>lta</strong></span> <span class='ocrx_word' id='word_1_364' title='bbox 1170 3043 1326 3116; x_wconf 89' lang='lat' dir='ltr'><strong>Ecclesia</strong></span> <span class='ocrx_word' id='word_1_365' title='bbox 1351 3068 1488 3138; x_wconf 89' lang='lat' dir='ltr'><strong>semper</strong></span> <span class='ocrx_word' id='word_1_366' title='bbox 1518 3060 1569 3116; x_wconf 86' lang='lat' dir='ltr'><strong>est</strong></span> <span class='ocrx_word' id='word_1_367' title='bbox 1601 3049 1747 3137; x_wconf 84' lang='lat' dir='ltr'><strong>exiguus</strong></span> <span class='ocrx_word' id='word_1_368' title='bbox 1776 3066 1894 3122; x_wconf 90' lang='lat' dir='ltr'><strong>coetus</strong></span> <span class='ocrx_word' id='word_1_369' title='bbox 1917 3078 2080 3145; x_wconf 89' lang='lat' dir='ltr'><strong>quorun-</strong></span> 
     </span>
     <span class='ocr_line' id='line_1_29' title="bbox 58 3147 2079 3244; baseline 0.005 -25"><span class='ocrx_word' id='word_1_370' title='bbox 58 3151 316 3242; x_wconf 89' lang='lat' dir='ltr'><strong>promnlgatum</strong></span> <span class='ocrx_word' id='word_1_371' title='bbox 334 3166 409 3222; x_wconf 91' lang='lat' dir='ltr'><strong>erat</strong></span> <span class='ocrx_word' id='word_1_372' title='bbox 423 3147 491 3222; x_wconf 94' lang='lat' dir='ltr'><strong>hoc</strong></span> <span class='ocrx_word' id='word_1_373' title='bbox 505 3152 760 3237; x_wconf 90' lang='lat' dir='ltr'><strong>ministerium,</strong></span> <span class='ocrx_word' id='word_1_374' title='bbox 785 3175 848 3242; x_wconf 89' lang='lat' dir='ltr'><strong>per</strong></span> <span class='ocrx_word' id='word_1_375' title='bbox 863 3153 959 3244; x_wconf 90' lang='lat' dir='ltr'><strong>quod</strong></span> <span class='ocrx_word' id='word_1_376' title='bbox 978 3152 1040 3217; x_wconf 82' lang='lat' dir='ltr'><strong>‹la-</strong></span> <span class='ocrx_word' id='word_1_377' title='bbox 1093 3150 1194 3234; x_wconf 90' lang='lat' dir='ltr'><strong>dam,</strong></span> <span class='ocrx_word' id='word_1_378' title='bbox 1219 3148 1280 3243; x_wconf 90' lang='lat' dir='ltr'><strong>qui</strong></span> <span class='ocrx_word' id='word_1_379' title='bbox 1304 3149 1460 3218; x_wconf 88' lang='lat' dir='ltr'><strong>retinent</strong></span> <span class='ocrx_word' id='word_1_380' title='bbox 1475 3150 1707 3218; x_wconf 90' lang='lat' dir='ltr'><strong>constantiam</strong></span> <span class='ocrx_word' id='word_1_381' title='bbox 1724 3150 1762 3218; x_wconf 93' lang='lat' dir='ltr'><strong>in</strong></span> <span class='ocrx_word' id='word_1_382' title='bbox 1781 3154 2017 3241; x_wconf 81' lang='lat' dir='ltr'><strong>confessione,</strong></span> <span class='ocrx_word' id='word_1_383' title='bbox 2042 3170 2079 3229; x_wconf 88' lang='lat' dir='ltr'><strong>et</strong></span> 
     </span>
     <span class='ocr_line' id='line_1_30' title="bbox 57 3250 2077 3344; baseline 0.005 -25"><span class='ocrx_word' id='word_1_384' title='bbox 57 3263 109 3320; x_wconf 91' lang='lat' dir='ltr'><strong>tur</strong></span> <span class='ocrx_word' id='word_1_385' title='bbox 127 3250 288 3344; x_wconf 85' lang='lat' dir='ltr'><strong>Spiritus</strong></span> <span class='ocrx_word' id='word_1_386' title='bbox 319 3267 476 3338; x_wconf 91' lang='lat' dir='ltr'><strong>sanctus,</strong></span> <span class='ocrx_word' id='word_1_387' title='bbox 515 3255 605 3323; x_wconf 89' lang='lat' dir='ltr'><strong>sicut</strong></span> <span class='ocrx_word' id='word_1_388' title='bbox 636 3266 716 3342; x_wconf 92' lang='lat' dir='ltr'><strong>post</strong></span> <span class='ocrx_word' id='word_1_389' title='bbox 742 3254 1038 3323; x_wconf 89' lang='lat' dir='ltr'><strong>resurrectionem</strong></span> <span class='ocrx_word' id='word_1_390' title='bbox 1092 3263 1235 3341; x_wconf 92' lang='lat' dir='ltr'><strong>propter</strong></span> <span class='ocrx_word' id='word_1_391' title='bbox 1260 3274 1334 3319; x_wconf 88' lang='lat' dir='ltr'><strong>eam</strong></span> <span class='ocrx_word' id='word_1_392' title='bbox 1361 3250 1465 3319; x_wconf 92' lang='lat' dir='ltr'><strong>etiam</strong></span> <span class='ocrx_word' id='word_1_393' title='bbox 1493 3251 1560 3340; x_wconf 90' lang='lat' dir='ltr'><strong>ipsi</strong></span> <span class='ocrx_word' id='word_1_394' title='bbox 1583 3252 1771 3323; x_wconf 89' lang='lat' dir='ltr'><strong>incurrunt</strong></span> <span class='ocrx_word' id='word_1_395' title='bbox 1796 3254 1833 3322; x_wconf 92' lang='lat' dir='ltr'><strong>in</strong></span> <span class='ocrx_word' id='word_1_396' title='bbox 1859 3268 2077 3329; x_wconf 90' lang='lat' dir='ltr'><strong>contemtum</strong></span> 
     </span>
     <span class='ocr_line' id='line_1_31' title="bbox 56 3349 2078 3445; baseline 0.003 -22"><span class='ocrx_word' id='word_1_397' title='bbox 56 3349 210 3439; x_wconf 84' lang='lat' dir='ltr'><strong>Gbristi,</strong></span> <span class='ocrx_word' id='word_1_398' title='bbox 251 3354 436 3425; x_wconf 87' lang='lat' dir='ltr'><strong>manifesta</strong></span> <span class='ocrx_word' id='word_1_399' title='bbox 464 3356 580 3445; x_wconf 87' lang='lat' dir='ltr'><strong>specie</strong></span> <span class='ocrx_word' id='word_1_400' title='bbox 609 3378 682 3425; x_wconf 82' lang='lat' dir='ltr'><strong>sese</strong></span> <span class='ocrx_word' id='word_1_401' title='bbox 709 3357 864 3425; x_wconf 90' lang='lat' dir='ltr'><strong>ostendit</strong></span> <span class='ocrx_word' id='word_1_402' title='bbox 885 3353 1038 3444; x_wconf 90' lang='lat' dir='ltr'><strong>Spiritus</strong></span> <span class='ocrx_word' id='word_1_403' title='bbox 1091 3366 1125 3423; x_wconf 92' lang='lat' dir='ltr'><strong>et</strong></span> <span class='ocrx_word' id='word_1_404' title='bbox 1146 3352 1227 3421; x_wconf 88' lang='lat' dir='ltr'><strong>odia</strong></span> <span class='ocrx_word' id='word_1_405' title='bbox 1254 3351 1420 3422; x_wconf 85' lang='lat' dir='ltr'><strong>aliorum.</strong></span> <span class='ocrx_word' id='word_1_406' title='bbox 1480 3351 1613 3421; x_wconf 88' lang='lat' dir='ltr'><strong>Verum</strong></span> <span class='ocrx_word' id='word_1_407' title='bbox 1645 3356 1813 3424; x_wconf 86' lang='lat' dir='ltr'><strong>adversus</strong></span> <span class='ocrx_word' id='word_1_408' title='bbox 1838 3351 1923 3426; x_wconf 92' lang='lat' dir='ltr'><strong>haec</strong></span> <span class='ocrx_word' id='word_1_409' title='bbox 1946 3358 2078 3433; x_wconf 86' lang='lat' dir='ltr'><strong>iudicia</strong></span> 
     </span>
     <span class='ocr_line' id='line_1_32' title="bbox 53 3448 2079 3555; baseline 0.002 -30"><span class='ocrx_word' id='word_1_410' title='bbox 53 3470 210 3541; x_wconf 86' lang='lat' dir='ltr'><strong>sanctus,</strong></span> <span class='ocrx_word' id='word_1_411' title='bbox 235 3478 277 3524; x_wconf 86' lang='lat' dir='ltr'><strong>ac</strong></span> <span class='ocrx_word' id='word_1_412' title='bbox 291 3469 435 3547; x_wconf 89' lang='lat' dir='ltr'><strong>apparet</strong></span> <span class='ocrx_word' id='word_1_413' title='bbox 457 3458 584 3528; x_wconf 87' lang='lat' dir='ltr'><strong>usitate</strong></span> <span class='ocrx_word' id='word_1_414' title='bbox 601 3455 756 3546; x_wconf 90' lang='lat' dir='ltr'><strong>Spiritus</strong></span> <span class='ocrx_word' id='word_1_415' title='bbox 780 3457 891 3527; x_wconf 88' lang='lat' dir='ltr'><strong>sancti</strong></span> <span class='ocrx_word' id='word_1_416' title='bbox 916 3457 1038 3546; x_wconf 92' lang='lat' dir='ltr'><strong>appel·</strong></span> <span class='ocrx_word' id='word_1_417' title='bbox 1090 3466 1208 3523; x_wconf 91' lang='lat' dir='ltr'><strong>tamen</strong></span> <span class='ocrx_word' id='word_1_418' title='bbox 1231 3448 1363 3523; x_wconf 84' lang='lat' dir='ltr'><strong>Deus</strong></span> <span class='ocrx_word' id='word_1_419' title='bbox 1394 3453 1473 3524; x_wconf 85' lang='lat' dir='ltr'><strong>vult</strong></span> <span class='ocrx_word' id='word_1_420' title='bbox 1501 3466 1617 3523; x_wconf 82' lang='lat' dir='ltr'><strong>extare</strong></span> <span class='ocrx_word' id='word_1_421' title='bbox 1638 3457 1848 3531; x_wconf 75' lang='lat' dir='ltr'><strong>,testimonla</strong></span> <span class='ocrx_word' id='word_1_422' title='bbox 1884 3460 2079 3555; x_wconf 85' lang='lat' dir='ltr'><strong>doctrinae,</strong></span> 
     </span>
     <span class='ocr_line' id='line_1_33' title="bbox 52 3555 2078 3650; baseline 0.002 -23"><span class='ocrx_word' id='word_1_423' title='bbox 52 3556 220 3630; x_wconf 86' lang='lat' dir='ltr'><strong>lationem</strong></span> <span class='ocrx_word' id='word_1_424' title='bbox 245 3557 348 3627; x_wconf 93' lang='lat' dir='ltr'><strong>initio</strong></span> <span class='ocrx_word' id='word_1_425' title='bbox 370 3559 409 3628; x_wconf 91' lang='lat' dir='ltr'><strong>in</strong></span> <span class='ocrx_word' id='word_1_426' title='bbox 424 3555 581 3629; x_wconf 87' lang='lat' dir='ltr'><strong>Ecclesia</strong></span> <span class='ocrx_word' id='word_1_427' title='bbox 605 3559 812 3650; x_wconf 90' lang='lat' dir='ltr'><strong>simpliciter</strong></span> <span class='ocrx_word' id='word_1_428' title='bbox 834 3573 1036 3648; x_wconf 90' lang='lat' dir='ltr'><strong>usurpatam</strong></span> <span class='ocrx_word' id='word_1_429' title='bbox 1090 3579 1199 3648; x_wconf 90' lang='lat' dir='ltr'><strong>quare</strong></span> <span class='ocrx_word' id='word_1_430' title='bbox 1215 3568 1355 3648; x_wconf 91' lang='lat' dir='ltr'><strong>oportet</strong></span> <span class='ocrx_word' id='word_1_431' title='bbox 1376 3577 1449 3624; x_wconf 86' lang='lat' dir='ltr'><strong>esse</strong></span> <span class='ocrx_word' id='word_1_432' title='bbox 1472 3555 1627 3648; x_wconf 87' lang='lat' dir='ltr'><strong>aliquos,</strong></span> <span class='ocrx_word' id='word_1_433' title='bbox 1659 3559 1721 3650; x_wconf 90' lang='lat' dir='ltr'><strong>qui</strong></span> <span class='ocrx_word' id='word_1_434' title='bbox 1745 3559 1918 3631; x_wconf 89' lang='lat' dir='ltr'><strong>retineant</strong></span> <span class='ocrx_word' id='word_1_435' title='bbox 1939 3564 2078 3632; x_wconf 74' lang='lat' dir='ltr'><strong>confes-</strong></span> 
     </span>
     <span class='ocr_line' id='line_1_34' title="bbox 10 3654 2076 3757; baseline 0.003 -29"><span class='ocrx_word' id='word_1_436' title='bbox 10 3686 13 3701; x_wconf 90' lang='lat'><em>·</em></span> <span class='ocrx_word' id='word_1_437' title='bbox 52 3682 205 3750; x_wconf 86' lang='lat' dir='ltr'><strong>essepro</strong></span> <span class='ocrx_word' id='word_1_438' title='bbox 230 3659 414 3730; x_wconf 76' lang='lat' dir='ltr'><strong>manifesta</strong></span> <span class='ocrx_word' id='word_1_439' title='bbox 436 3660 655 3745; x_wconf 90' lang='lat' dir='ltr'><strong>ostensione,</strong></span> <span class='ocrx_word' id='word_1_440' title='bbox 681 3682 741 3730; x_wconf 92' lang='lat' dir='ltr'><strong>seu</strong></span> <span class='ocrx_word' id='word_1_441' title='bbox 758 3660 960 3730; x_wconf 90' lang='lat' dir='ltr'><strong>testimonio</strong></span> <span class='ocrx_word' id='word_1_442' title='bbox 979 3684 1037 3729; x_wconf 87' lang='lat' dir='ltr'><strong>ex·</strong></span> <span class='ocrx_word' id='word_1_443' title='bbox 1089 3659 1243 3744; x_wconf 89' lang='lat' dir='ltr'><strong>sionem,</strong></span> <span class='ocrx_word' id='word_1_444' title='bbox 1265 3669 1404 3748; x_wconf 90' lang='lat' dir='ltr'><strong>oportet</strong></span> <span class='ocrx_word' id='word_1_445' title='bbox 1416 3658 1557 3746; x_wconf 91' lang='lat' dir='ltr'><strong>publice</strong></span> <span class='ocrx_word' id='word_1_446' title='bbox 1575 3681 1699 3727; x_wconf 92' lang='lat' dir='ltr'><strong>sonare</strong></span> <span class='ocrx_word' id='word_1_447' title='bbox 1714 3654 1806 3730; x_wconf 89' lang='lat' dir='ltr'><strong>hanc</strong></span> <span class='ocrx_word' id='word_1_448' title='bbox 1820 3687 1954 3747; x_wconf 81' lang='lat' dir='ltr'><strong>vocem,</strong></span> <span class='ocrx_word' id='word_1_449' title='bbox 1979 3668 2076 3757; x_wconf 89' lang='lat' dir='ltr'><strong>quod</strong></span> 
     </span>
     <span class='ocr_line' id='line_1_35' title="bbox 50 3753 2077 3854; baseline 0.002 -25"><span class='ocrx_word' id='word_1_450' title='bbox 50 3756 152 3831; x_wconf 89' lang='lat' dir='ltr'><strong>bibiti</strong></span> <span class='ocrx_word' id='word_1_451' title='bbox 169 3760 330 3853; x_wconf 84' lang='lat' dir='ltr'><strong>Spiritus</strong></span> <span class='ocrx_word' id='word_1_452' title='bbox 344 3762 474 3847; x_wconf 88' lang='lat' dir='ltr'><strong>sancti,</strong></span> <span class='ocrx_word' id='word_1_453' title='bbox 500 3762 589 3832; x_wconf 89' lang='lat' dir='ltr'><strong>sicut</strong></span> <span class='ocrx_word' id='word_1_454' title='bbox 606 3763 709 3832; x_wconf 81' lang='lat' dir='ltr'><strong>fiebat</strong></span> <span class='ocrx_word' id='word_1_455' title='bbox 730 3762 833 3831; x_wconf 93' lang='lat' dir='ltr'><strong>initio</strong></span> <span class='ocrx_word' id='word_1_456' title='bbox 849 3760 1036 3844; x_wconf 84' lang='lat' dir='ltr'><strong>Ecclesiae,</strong></span> <span class='ocrx_word' id='word_1_457' title='bbox 1088 3753 1148 3829; x_wconf 89' lang='lat' dir='ltr'><strong>hic</strong></span> <span class='ocrx_word' id='word_1_458' title='bbox 1162 3759 1208 3830; x_wconf 92' lang='lat' dir='ltr'><strong>sit</strong></span> <span class='ocrx_word' id='word_1_459' title='bbox 1222 3753 1386 3829; x_wconf 90' lang='lat' dir='ltr'><strong>Christus</strong></span> <span class='ocrx_word' id='word_1_460' title='bbox 1408 3758 1503 3828; x_wconf 81' lang='lat' dir='ltr'><strong>lilius</strong></span> <span class='ocrx_word' id='word_1_461' title='bbox 1519 3754 1607 3833; x_wconf 79' lang='lat' dir='ltr'><strong>Dei.</strong></span> <span class='ocrx_word' id='word_1_462' title='bbox 1660 3759 1746 3830; x_wconf 90' lang='lat' dir='ltr'><strong>ltem</strong></span> <span class='ocrx_word' id='word_1_463' title='bbox 1760 3776 1898 3854; x_wconf 91' lang='lat' dir='ltr'><strong>oportet</strong></span> <span class='ocrx_word' id='word_1_464' title='bbox 1915 3767 2077 3837; x_wconf 59' lang='lat' dir='ltr'><strong>testimo„</strong></span> 
     </span>
     <span class='ocr_line' id='line_1_36' title="bbox 50 3859 2076 3959; baseline 0.002 -26"><span class='ocrx_word' id='word_1_465' title='bbox 50 3864 108 3933; x_wconf 92' lang='lat' dir='ltr'><strong>ubi</strong></span> <span class='ocrx_word' id='word_1_466' title='bbox 125 3864 286 3953; x_wconf 89' lang='lat' dir='ltr'><strong>primum</strong></span> <span class='ocrx_word' id='word_1_467' title='bbox 307 3864 536 3952; x_wconf 73' lang='lat' dir='ltr'><strong>spargebatur</strong></span> <span class='ocrx_word' id='word_1_468' title='bbox 556 3860 791 3951; x_wconf 85' lang='lat' dir='ltr'><strong>Evangelium</strong></span> <span class='ocrx_word' id='word_1_469' title='bbox 817 3864 863 3932; x_wconf 91' lang='lat' dir='ltr'><strong>ab</strong></span> <span class='ocrx_word' id='word_1_470' title='bbox 882 3861 1036 3952; x_wconf 82' lang='lat' dir='ltr'><strong>Aposto-</strong></span> <span class='ocrx_word' id='word_1_471' title='bbox 1088 3861 1189 3931; x_wconf 90' lang='lat' dir='ltr'><strong>nium</strong></span> <span class='ocrx_word' id='word_1_472' title='bbox 1206 3862 1283 3929; x_wconf 86' lang='lat' dir='ltr'><strong>dari</strong></span> <span class='ocrx_word' id='word_1_473' title='bbox 1299 3859 1500 3946; x_wconf 87' lang='lat' dir='ltr'><strong>doctrinae,</strong></span> <span class='ocrx_word' id='word_1_474' title='bbox 1535 3863 1640 3932; x_wconf 92' lang='lat' dir='ltr'><strong>etiam</strong></span> <span class='ocrx_word' id='word_1_475' title='bbox 1666 3864 1711 3932; x_wconf 93' lang='lat' dir='ltr'><strong>ab</strong></span> <span class='ocrx_word' id='word_1_476' title='bbox 1734 3865 1912 3959; x_wconf 90' lang='lat' dir='ltr'><strong>aliquibus</strong></span> <span class='ocrx_word' id='word_1_477' title='bbox 1937 3890 2076 3954; x_wconf 87' lang='lat' dir='ltr'><strong>eorum,</strong></span> 
     </span>
     <span class='ocr_line' id='line_1_37' title="bbox 50 3957 2075 4063; baseline 0.001 -29"><span class='ocrx_word' id='word_1_478' title='bbox 50 3965 108 4047; x_wconf 89' lang='lat' dir='ltr'><strong>lis,</strong></span> <span class='ocrx_word' id='word_1_479' title='bbox 132 3966 189 4036; x_wconf 87' lang='lat' dir='ltr'><strong>sie</strong></span> <span class='ocrx_word' id='word_1_480' title='bbox 210 3964 251 4033; x_wconf 94' lang='lat' dir='ltr'><strong>in</strong></span> <span class='ocrx_word' id='word_1_481' title='bbox 276 3960 373 4034; x_wconf 77' lang='lat' dir='ltr'><strong>Actis</strong></span> <span class='ocrx_word' id='word_1_482' title='bbox 396 3965 594 4058; x_wconf 91' lang='lat' dir='ltr'><strong>loquuntur</strong></span> <span class='ocrx_word' id='word_1_483' title='bbox 612 3966 755 4057; x_wconf 89' lang='lat' dir='ltr'><strong>quidam</strong></span> <span class='ocrx_word' id='word_1_484' title='bbox 774 3965 957 4055; x_wconf 90' lang='lat' dir='ltr'><strong>discipuli:</strong></span> <span class='ocrx_word' id='word_1_485' title='bbox 983 3964 1035 4036; x_wconf 86' lang='lat' dir='ltr'><strong>Ne</strong></span> <span class='ocrx_word' id='word_1_486' title='bbox 1087 3962 1151 4056; x_wconf 88' lang='lat' dir='ltr'><strong>qui</strong></span> <span class='ocrx_word' id='word_1_487' title='bbox 1169 3975 1250 4031; x_wconf 94' lang='lat' dir='ltr'><strong>sunt</strong></span> <span class='ocrx_word' id='word_1_488' title='bbox 1266 3961 1400 4031; x_wconf 86' lang='lat' dir='ltr'><strong>addicti</strong></span> <span class='ocrx_word' id='word_1_489' title='bbox 1419 3957 1590 4036; x_wconf 82' lang='lat' dir='ltr'><strong>hostibus.</strong></span> <span class='ocrx_word' id='word_1_490' title='bbox 1624 3962 1724 4035; x_wconf 90' lang='lat' dir='ltr'><strong>Sicut</strong></span> <span class='ocrx_word' id='word_1_491' title='bbox 1741 3960 1798 4033; x_wconf 89' lang='lat' dir='ltr'><strong>hic</strong></span> <span class='ocrx_word' id='word_1_492' title='bbox 1814 3968 1967 4037; x_wconf 88' lang='lat' dir='ltr'><strong>ministri</strong></span> <span class='ocrx_word' id='word_1_493' title='bbox 1981 3991 2075 4063; x_wconf 64' lang='lat' dir='ltr'><strong>pon,</strong></span> 
     </span>
     <span class='ocr_line' id='line_1_38' title="bbox 50 4058 2073 4161; baseline 0.001 -23"><span class='ocrx_word' id='word_1_494' title='bbox 50 4068 195 4161; x_wconf 80' lang='lat' dir='ltr'><strong>quidem</strong></span> <span class='ocrx_word' id='word_1_495' title='bbox 212 4068 308 4160; x_wconf 88' lang='lat' dir='ltr'><strong>quod</strong></span> <span class='ocrx_word' id='word_1_496' title='bbox 326 4066 369 4138; x_wconf 89' lang='lat' dir='ltr'><strong>sit</strong></span> <span class='ocrx_word' id='word_1_497' title='bbox 387 4065 543 4159; x_wconf 90' lang='lat' dir='ltr'><strong>Spiritus</strong></span> <span class='ocrx_word' id='word_1_498' title='bbox 557 4078 698 4137; x_wconf 87' lang='lat' dir='ltr'><strong>sanctus</strong></span> <span class='ocrx_word' id='word_1_499' title='bbox 713 4067 927 4140; x_wconf 87' lang='lat' dir='ltr'><strong>audivimus.</strong></span> <span class='ocrx_word' id='word_1_500' title='bbox 1087 4065 1220 4135; x_wconf 90' lang='lat' dir='ltr'><strong>tilicum</strong></span> <span class='ocrx_word' id='word_1_501' title='bbox 1244 4063 1342 4131; x_wconf 90' lang='lat' dir='ltr'><strong>missi</strong></span> <span class='ocrx_word' id='word_1_502' title='bbox 1373 4064 1416 4132; x_wconf 87' lang='lat' dir='ltr'><strong>ad</strong></span> <span class='ocrx_word' id='word_1_503' title='bbox 1445 4058 1737 4155; x_wconf 86' lang='lat' dir='ltr'><strong>prehendendum</strong></span> <span class='ocrx_word' id='word_1_504' title='bbox 1762 4062 1960 4155; x_wconf 86' lang='lat' dir='ltr'><strong>Christum,</strong></span> <span class='ocrx_word' id='word_1_505' title='bbox 2000 4070 2073 4146; x_wconf 87' lang='lat' dir='ltr'><strong>iarn</strong></span> 
     </span>
    </p>
   </div>
   <div class='ocr_carea' id='block_1_9' title="bbox 990 4165 2074 4248">
    <p class='ocr_par' dir='ltr' id='par_1_11' title="bbox 990 4165 2074 4248">
     <span class='ocr_line' id='line_1_39' title="bbox 990 4165 2074 4248; baseline 0.005 -11"><span class='ocrx_word' id='word_1_506' title='bbox 990 4229 998 4248; x_wconf 76' lang='grc'><em>,</em></span> <span class='ocrx_word' id='word_1_507' title='bbox 1086 4168 1219 4237; x_wconf 92' lang='lat' dir='ltr'><strong>audent</strong></span> <span class='ocrx_word' id='word_1_508' title='bbox 1236 4165 1382 4235; x_wconf 88' lang='lat' dir='ltr'><strong>illorum</strong></span> <span class='ocrx_word' id='word_1_509' title='bbox 1399 4165 1540 4236; x_wconf 82' lang='lat' dir='ltr'><strong>iudiciis</strong></span> <span class='ocrx_word' id='word_1_510' title='bbox 1553 4179 1586 4236; x_wconf 89' lang='lat' dir='ltr'><strong>et</strong></span> <span class='ocrx_word' id='word_1_511' title='bbox 1603 4168 1783 4237; x_wconf 90' lang='lat' dir='ltr'><strong>autoritati</strong></span> <span class='ocrx_word' id='word_1_512' title='bbox 1806 4191 1904 4238; x_wconf 88' lang='lat' dir='ltr'><strong>suam</strong></span> <span class='ocrx_word' id='word_1_513' title='bbox 1928 4184 2074 4242; x_wconf 76' lang='lat' dir='ltr'><strong>senten·</strong></span> 
     </span>
    </p>
   </div>
   <div class='ocr_carea' id='block_1_10' title="bbox 92 4226 2073 4365">
    <p class='ocr_par' dir='ltr' id='par_1_12' title="bbox 92 4226 2073 4365">
     <span class='ocr_line' id='line_1_40' title="bbox 92 4226 2073 4365; baseline 0.01 -41"><span class='ocrx_word' id='word_1_514' title='bbox 92 4226 228 4307; x_wconf 64' lang='lat' dir='ltr'><strong>Mum</strong></span> <span class='ocrx_word' id='word_1_515' title='bbox 252 4228 369 4327; x_wconf 61' lang='lat' dir='ltr'><strong>&#39;blm&#39;</strong></span> <span class='ocrx_word' id='word_1_516' title='bbox 391 4227 1037 4331; x_wconf 58' lang='lat' dir='ltr'><strong>‘1⁶lePul⁰¹¹dl“⁰”¹⁶⁰”⁶¹⁰‘</strong></span> <span class='ocrx_word' id='word_1_517' title='bbox 1088 4268 1171 4338; x_wconf 91' lang='lat' dir='ltr'><strong>tiam</strong></span> <span class='ocrx_word' id='word_1_518' title='bbox 1202 4291 1401 4360; x_wconf 90' lang='lat' dir='ltr'><strong>opponere,</strong></span> <span class='ocrx_word' id='word_1_519' title='bbox 1443 4290 1517 4336; x_wconf 91' lang='lat' dir='ltr'><strong>nou</strong></span> <span class='ocrx_word' id='word_1_520' title='bbox 1545 4269 1660 4337; x_wconf 90' lang='lat' dir='ltr'><strong>solum</strong></span> <span class='ocrx_word' id='word_1_521' title='bbox 1692 4271 1932 4359; x_wconf 91' lang='lat' dir='ltr'><strong>pronunciant</strong></span> <span class='ocrx_word' id='word_1_522' title='bbox 1955 4274 2073 4365; x_wconf 87' lang='lat' dir='ltr'><strong>ipsum</strong></span> 
     </span>
    </p>
   </div>
   <div class='ocr_carea' id='block_1_11' title="bbox 146 4342 2072 4465">
    <p class='ocr_par' dir='ltr' id='par_1_13' title="bbox 146 4342 2072 4465">
     <span class='ocr_line' id='line_1_41' title="bbox 146 4342 2072 4465; baseline 0.013 -43"><span class='ocrx_word' id='word_1_523' title='bbox 146 4356 252 4417; x_wconf 63' lang='grc' dir='ltr'><strong>ΜΠ,</strong></span> <span class='ocrx_word' id='word_1_524' title='bbox 278 4342 341 4408; x_wconf 67' lang='lat'><strong>⁶²⁶·</strong></span> <span class='ocrx_word' id='word_1_525' title='bbox 1087 4370 1217 4440; x_wconf 89' lang='lat' dir='ltr'><strong>iniuste</strong></span> <span class='ocrx_word' id='word_1_526' title='bbox 1249 4369 1367 4460; x_wconf 93' lang='lat' dir='ltr'><strong>appeti</strong></span> <span class='ocrx_word' id='word_1_527' title='bbox 1391 4369 1434 4436; x_wconf 93' lang='lat' dir='ltr'><strong>ad</strong></span> <span class='ocrx_word' id='word_1_528' title='bbox 1458 4392 1597 4452; x_wconf 89' lang='lat' dir='ltr'><strong>necem,</strong></span> <span class='ocrx_word' id='word_1_529' title='bbox 1644 4373 1702 4438; x_wconf 86' lang='lat' dir='ltr'><strong>sed</strong></span> <span class='ocrx_word' id='word_1_530' title='bbox 1732 4372 1871 4444; x_wconf 89' lang='lat' dir='ltr'><strong>addunt</strong></span> <span class='ocrx_word' id='word_1_531' title='bbox 1894 4377 2072 4465; x_wconf 84' lang='lat' dir='ltr'><strong>egregium</strong></span> 
     </span>
    </p>
   </div>
   <div class='ocr_carea' id='block_1_12' title="bbox 44 4466 2072 4869">
    <p class='ocr_par' dir='ltr' id='par_1_14' title="bbox 44 4466 2072 4869">
     <span class='ocr_line' id='line_1_42' title="bbox 116 4466 2072 4557; baseline -0.003 -11"><span class='ocrx_word' id='word_1_532' title='bbox 116 4469 349 4546; x_wconf 81' lang='lat' dir='ltr'><strong>Renovatum</strong></span> <span class='ocrx_word' id='word_1_533' title='bbox 366 4484 544 4542; x_wconf 87' lang='lat' dir='ltr'><strong>certamen</strong></span> <span class='ocrx_word' id='word_1_534' title='bbox 565 4485 599 4543; x_wconf 96' lang='lat' dir='ltr'><strong>et</strong></span> <span class='ocrx_word' id='word_1_535' title='bbox 625 4470 860 4542; x_wconf 89' lang='lat' dir='ltr'><strong>dissensiones</strong></span> <span class='ocrx_word' id='word_1_536' title='bbox 881 4470 1034 4541; x_wconf 90' lang='lat' dir='ltr'><strong>iudicio·</strong></span> <span class='ocrx_word' id='word_1_537' title='bbox 1087 4472 1345 4557; x_wconf 87' lang='lat' dir='ltr'><strong>testimonium,</strong></span> <span class='ocrx_word' id='word_1_538' title='bbox 1385 4466 1481 4539; x_wconf 92' lang='lat' dir='ltr'><strong>hunc</strong></span> <span class='ocrx_word' id='word_1_539' title='bbox 1509 4472 1690 4539; x_wconf 90' lang='lat' dir='ltr'><strong>doctorem</strong></span> <span class='ocrx_word' id='word_1_540' title='bbox 1719 4476 1927 4545; x_wconf 90' lang='lat' dir='ltr'><strong>antecellere</strong></span> <span class='ocrx_word' id='word_1_541' title='bbox 1953 4478 2072 4546; x_wconf 76' lang='lat' dir='ltr'><strong>omnl-</strong></span> 
     </span>
     <span class='ocr_line' id='line_1_43' title="bbox 44 4567 2070 4668; baseline 0.003 -22"><span class='ocrx_word' id='word_1_542' title='bbox 44 4598 125 4647; x_wconf 90' lang='lat' dir='ltr'><strong>rnm</strong></span> <span class='ocrx_word' id='word_1_543' title='bbox 146 4576 196 4645; x_wconf 89' lang='lat' dir='ltr'><strong>de</strong></span> <span class='ocrx_word' id='word_1_544' title='bbox 210 4567 374 4656; x_wconf 88' lang='lat' dir='ltr'><strong>Christo,</strong></span> <span class='ocrx_word' id='word_1_545' title='bbox 409 4572 568 4644; x_wconf 90' lang='lat' dir='ltr'><strong>indicant</strong></span> <span class='ocrx_word' id='word_1_546' title='bbox 591 4569 835 4644; x_wconf 89' lang='lat' dir='ltr'><strong>vehementem</strong></span> <span class='ocrx_word' id='word_1_547' title='bbox 858 4573 1034 4642; x_wconf 86' lang='lat' dir='ltr'><strong>etmirili-</strong></span> <span class='ocrx_word' id='word_1_548' title='bbox 1087 4575 1172 4657; x_wconf 89' lang='lat' dir='ltr'><strong>bus,</strong></span> <span class='ocrx_word' id='word_1_549' title='bbox 1211 4598 1276 4643; x_wconf 91' lang='lat' dir='ltr'><strong>nec</strong></span> <span class='ocrx_word' id='word_1_550' title='bbox 1305 4594 1404 4664; x_wconf 89' lang='lat' dir='ltr'><strong>posse</strong></span> <span class='ocrx_word' id='word_1_551' title='bbox 1433 4572 1507 4640; x_wconf 89' lang='lat' dir='ltr'><strong>eius</strong></span> <span class='ocrx_word' id='word_1_552' title='bbox 1537 4573 1734 4642; x_wconf 88' lang='lat' dir='ltr'><strong>doctrinam</strong></span> <span class='ocrx_word' id='word_1_553' title='bbox 1764 4570 1975 4668; x_wconf 85' lang='lat' dir='ltr'><strong>reprehendi</strong></span> <span class='ocrx_word' id='word_1_554' title='bbox 2006 4592 2070 4653; x_wconf 84' lang='lat' dir='ltr'><strong>etc.</strong></span> 
     </span>
     <span class='ocr_line' id='line_1_44' title="bbox 44 4670 2072 4769; baseline 0.001 -20"><span class='ocrx_word' id='word_1_555' title='bbox 44 4702 121 4749; x_wconf 85' lang='lat' dir='ltr'><strong>sam</strong></span> <span class='ocrx_word' id='word_1_556' title='bbox 137 4676 348 4747; x_wconf 86' lang='lat' dir='ltr'><strong>concionem</strong></span> <span class='ocrx_word' id='word_1_557' title='bbox 370 4674 496 4760; x_wconf 81' lang='lat' dir='ltr'><strong>luisse,</strong></span> <span class='ocrx_word' id='word_1_558' title='bbox 529 4698 619 4769; x_wconf 89' lang='lat' dir='ltr'><strong>quae</strong></span> <span class='ocrx_word' id='word_1_559' title='bbox 643 4677 792 4746; x_wconf 88' lang='lat' dir='ltr'><strong>moverit</strong></span> <span class='ocrx_word' id='word_1_560' title='bbox 814 4675 950 4744; x_wconf 90' lang='lat' dir='ltr'><strong>animos</strong></span> <span class='ocrx_word' id='word_1_561' title='bbox 968 4699 1033 4743; x_wconf 86' lang='lat' dir='ltr'><strong>au·</strong></span> <span class='ocrx_word' id='word_1_562' title='bbox 1085 4674 1153 4746; x_wconf 87' lang='lat' dir='ltr'><strong>Sed</strong></span> <span class='ocrx_word' id='word_1_563' title='bbox 1173 4699 1237 4744; x_wconf 86' lang='lat' dir='ltr'><strong>nec</strong></span> <span class='ocrx_word' id='word_1_564' title='bbox 1251 4670 1379 4744; x_wconf 90' lang='lat' dir='ltr'><strong>horum</strong></span> <span class='ocrx_word' id='word_1_565' title='bbox 1402 4674 1605 4743; x_wconf 87' lang='lat' dir='ltr'><strong>testimonio</strong></span> <span class='ocrx_word' id='word_1_566' title='bbox 1629 4676 1771 4747; x_wconf 88' lang='lat' dir='ltr'><strong>refutati</strong></span> <span class='ocrx_word' id='word_1_567' title='bbox 1788 4700 1827 4747; x_wconf 89' lang='lat' dir='ltr'><strong>ac</strong></span> <span class='ocrx_word' id='word_1_568' title='bbox 1842 4680 1994 4755; x_wconf 83' lang='lat' dir='ltr'><strong>convicti</strong></span> <span class='ocrx_word' id='word_1_569' title='bbox 2012 4703 2072 4753; x_wconf 76' lang='lat' dir='ltr'><strong>as·</strong></span> 
     </span>
     <span class='ocr_line' id='line_1_45' title="bbox 45 4769 1747 4869; baseline -0.002 -18"><span class='ocrx_word' id='word_1_570' title='bbox 45 4778 248 4863; x_wconf 80' lang='lat' dir='ltr'><strong>clientium,</strong></span> <span class='ocrx_word' id='word_1_571' title='bbox 271 4791 312 4848; x_wconf 90' lang='lat' dir='ltr'><strong>ut</strong></span> <span class='ocrx_word' id='word_1_572' title='bbox 335 4777 440 4869; x_wconf 86' lang='lat' dir='ltr'><strong>longe</strong></span> <span class='ocrx_word' id='word_1_573' title='bbox 455 4778 559 4849; x_wconf 90' lang='lat' dir='ltr'><strong>aliter</strong></span> <span class='ocrx_word' id='word_1_574' title='bbox 572 4776 745 4850; x_wconf 91' lang='lat' dir='ltr'><strong>sentirent</strong></span> <span class='ocrx_word' id='word_1_575' title='bbox 761 4780 805 4847; x_wconf 89' lang='lat' dir='ltr'><strong>de</strong></span> <span class='ocrx_word' id='word_1_576' title='bbox 822 4772 890 4846; x_wconf 90' lang='lat' dir='ltr'><strong>hoc</strong></span> <span class='ocrx_word' id='word_1_577' title='bbox 909 4778 1032 4846; x_wconf 89' lang='lat' dir='ltr'><strong>docto-</strong></span> <span class='ocrx_word' id='word_1_578' title='bbox 1085 4777 1287 4846; x_wconf 90' lang='lat' dir='ltr'><strong>sentiuntur</strong></span> <span class='ocrx_word' id='word_1_579' title='bbox 1303 4769 1483 4845; x_wconf 88' lang='lat' dir='ltr'><strong>Pharisaei</strong></span> <span class='ocrx_word' id='word_1_580' title='bbox 1501 4788 1533 4845; x_wconf 92' lang='lat' dir='ltr'><strong>et</strong></span> <span class='ocrx_word' id='word_1_581' title='bbox 1549 4773 1747 4848; x_wconf 87' lang='lat' dir='ltr'><strong>Pontifices.</strong></span> 
     </span>
    </p>
   </div>
   <div class='ocr_carea' id='block_1_13' title="bbox 42 4870 2071 5386">
    <p class='ocr_par' dir='ltr' id='par_1_15' title="bbox 42 4870 2071 5386">
     <span class='ocr_line' id='line_1_46' title="bbox 45 4870 2071 4975; baseline -0.001 -21"><span class='ocrx_word' id='word_1_582' title='bbox 45 4907 101 4967; x_wconf 87' lang='lat' dir='ltr'><strong>re,</strong></span> <span class='ocrx_word' id='word_1_583' title='bbox 133 4882 309 4975; x_wconf 84' lang='lat' dir='ltr'><strong>quamde</strong></span> <span class='ocrx_word' id='word_1_584' title='bbox 333 4879 431 4964; x_wconf 90' lang='lat' dir='ltr'><strong>aliis,</strong></span> <span class='ocrx_word' id='word_1_585' title='bbox 465 4878 659 4950; x_wconf 88' lang='lat' dir='ltr'><strong>audiebant</strong></span> <span class='ocrx_word' id='word_1_586' title='bbox 681 4902 763 4950; x_wconf 90' lang='lat' dir='ltr'><strong>eum</strong></span> <span class='ocrx_word' id='word_1_587' title='bbox 787 4901 882 4948; x_wconf 90' lang='lat' dir='ltr'><strong>novo</strong></span> <span class='ocrx_word' id='word_1_588' title='bbox 908 4891 942 4949; x_wconf 91' lang='lat' dir='ltr'><strong>et</strong></span> <span class='ocrx_word' id='word_1_589' title='bbox 964 4877 1033 4946; x_wconf 91' lang='lat' dir='ltr'><strong>mi·</strong></span> <span class='ocrx_word' id='word_1_590' title='bbox 1185 4877 1240 4946; x_wconf 84' lang='lat' dir='ltr'><strong>Ae</strong></span> <span class='ocrx_word' id='word_1_591' title='bbox 1263 4876 1399 4947; x_wconf 88' lang='lat' dir='ltr'><strong>cumin</strong></span> <span class='ocrx_word' id='word_1_592' title='bbox 1419 4870 1486 4944; x_wconf 90' lang='lat' dir='ltr'><strong>hoc</strong></span> <span class='ocrx_word' id='word_1_593' title='bbox 1510 4878 1623 4965; x_wconf 87' lang='lat' dir='ltr'><strong>capite</strong></span> <span class='ocrx_word' id='word_1_594' title='bbox 1649 4879 1718 4949; x_wconf 92' lang='lat' dir='ltr'><strong>sint</strong></span> <span class='ocrx_word' id='word_1_595' title='bbox 1742 4880 1840 4950; x_wconf 88' lang='lat' dir='ltr'><strong>varia</strong></span> <span class='ocrx_word' id='word_1_596' title='bbox 1866 4883 2071 4970; x_wconf 85' lang='lat' dir='ltr'><strong>certamina,</strong></span> 
     </span>
     <span class='ocr_line' id='line_1_47' title="bbox 43 4974 2068 5076; baseline -0.001 -20"><span class='ocrx_word' id='word_1_597' title='bbox 43 4988 159 5056; x_wconf 87' lang='lat' dir='ltr'><strong>raudo</strong></span> <span class='ocrx_word' id='word_1_598' title='bbox 179 4983 287 5051; x_wconf 92' lang='lat' dir='ltr'><strong>modo</strong></span> <span class='ocrx_word' id='word_1_599' title='bbox 306 4980 511 5051; x_wconf 87' lang='lat' dir='ltr'><strong>concionari</strong></span> <span class='ocrx_word' id='word_1_600' title='bbox 527 4984 573 5051; x_wconf 92' lang='lat' dir='ltr'><strong>de</strong></span> <span class='ocrx_word' id='word_1_601' title='bbox 588 4980 694 5052; x_wconf 90' lang='lat' dir='ltr'><strong>rebus</strong></span> <span class='ocrx_word' id='word_1_602' title='bbox 708 4981 888 5061; x_wconf 83' lang='lat' dir='ltr'><strong>maximis,</strong></span> <span class='ocrx_word' id='word_1_603' title='bbox 915 4981 959 5049; x_wconf 91' lang='lat' dir='ltr'><strong>de</strong></span> <span class='ocrx_word' id='word_1_604' title='bbox 975 5002 1034 5049; x_wconf 90' lang='lat' dir='ltr'><strong>ae-</strong></span> <span class='ocrx_word' id='word_1_605' title='bbox 1085 4992 1120 5051; x_wconf 91' lang='lat' dir='ltr'><strong>et</strong></span> <span class='ocrx_word' id='word_1_606' title='bbox 1135 4978 1392 5070; x_wconf 88' lang='lat' dir='ltr'><strong>disputationes</strong></span> <span class='ocrx_word' id='word_1_607' title='bbox 1407 4980 1451 5047; x_wconf 90' lang='lat' dir='ltr'><strong>de</strong></span> <span class='ocrx_word' id='word_1_608' title='bbox 1469 4974 1629 5063; x_wconf 88' lang='lat' dir='ltr'><strong>Christo,</strong></span> <span class='ocrx_word' id='word_1_609' title='bbox 1653 4982 1842 5076; x_wconf 84' lang='lat' dir='ltr'><strong>praecipue</strong></span> <span class='ocrx_word' id='word_1_610' title='bbox 1866 4985 1938 5054; x_wconf 91' lang='lat' dir='ltr'><strong>duo</strong></span> <span class='ocrx_word' id='word_1_611' title='bbox 1960 5007 2068 5075; x_wconf 81' lang='lat' dir='ltr'><strong>argu-</strong></span> 
     </span>
     <span class='ocr_line' id='line_1_48' title="bbox 43 5081 2069 5175; baseline -0 -20"><span class='ocrx_word' id='word_1_612' title='bbox 43 5087 158 5161; x_wconf 87' lang='lat' dir='ltr'><strong>ternis</strong></span> <span class='ocrx_word' id='word_1_613' title='bbox 187 5083 370 5155; x_wconf 86' lang='lat' dir='ltr'><strong>beneficiis</strong></span> <span class='ocrx_word' id='word_1_614' title='bbox 390 5081 558 5168; x_wconf 86' lang='lat' dir='ltr'><strong>Messias,</strong></span> <span class='ocrx_word' id='word_1_615' title='bbox 593 5084 638 5153; x_wconf 87' lang='lat' dir='ltr'><strong>de</strong></span> <span class='ocrx_word' id='word_1_616' title='bbox 664 5084 855 5152; x_wconf 89' lang='lat' dir='ltr'><strong>donatione</strong></span> <span class='ocrx_word' id='word_1_617' title='bbox 876 5081 1033 5175; x_wconf 78' lang='lat' dir='ltr'><strong>Spiritus</strong></span> <span class='ocrx_word' id='word_1_618' title='bbox 1084 5096 1201 5152; x_wconf 90' lang='lat' dir='ltr'><strong>menta</strong></span> <span class='ocrx_word' id='word_1_619' title='bbox 1225 5081 1420 5170; x_wconf 90' lang='lat' dir='ltr'><strong>agitantur,</strong></span> <span class='ocrx_word' id='word_1_620' title='bbox 1461 5102 1550 5173; x_wconf 91' lang='lat' dir='ltr'><strong>quae</strong></span> <span class='ocrx_word' id='word_1_621' title='bbox 1577 5082 1729 5153; x_wconf 83' lang='lat' dir='ltr'><strong>maxime</strong></span> <span class='ocrx_word' id='word_1_622' title='bbox 1750 5084 1904 5155; x_wconf 87' lang='lat' dir='ltr'><strong>retinent</strong></span> <span class='ocrx_word' id='word_1_623' title='bbox 1930 5085 2069 5156; x_wconf 90' lang='lat' dir='ltr'><strong>animos</strong></span> 
     </span>
     <span class='ocr_line' id='line_1_49' title="bbox 42 5180 2069 5276; baseline -0.002 -14"><span class='ocrx_word' id='word_1_624' title='bbox 42 5189 170 5263; x_wconf 72' lang='lat' dir='ltr'><strong>uncti.</strong></span> <span class='ocrx_word' id='word_1_625' title='bbox 220 5184 301 5256; x_wconf 83' lang='lat' dir='ltr'><strong>Non</strong></span> <span class='ocrx_word' id='word_1_626' title='bbox 329 5184 426 5255; x_wconf 88' lang='lat' dir='ltr'><strong>enim</strong></span> <span class='ocrx_word' id='word_1_627' title='bbox 442 5184 592 5257; x_wconf 91' lang='lat' dir='ltr'><strong>dubium</strong></span> <span class='ocrx_word' id='word_1_628' title='bbox 615 5197 685 5267; x_wconf 91' lang='lat' dir='ltr'><strong>est,</strong></span> <span class='ocrx_word' id='word_1_629' title='bbox 709 5184 799 5276; x_wconf 89' lang='lat' dir='ltr'><strong>quin</strong></span> <span class='ocrx_word' id='word_1_630' title='bbox 815 5180 1034 5255; x_wconf 89' lang='lat' dir='ltr'><strong>hassenten-</strong></span> <span class='ocrx_word' id='word_1_631' title='bbox 1086 5184 1298 5269; x_wconf 89' lang='lat' dir='ltr'><strong>obstinatos,</strong></span> <span class='ocrx_word' id='word_1_632' title='bbox 1323 5206 1378 5252; x_wconf 83' lang='lat' dir='ltr'><strong>ne</strong></span> <span class='ocrx_word' id='word_1_633' title='bbox 1401 5182 1638 5253; x_wconf 90' lang='lat' dir='ltr'><strong>assentiantur</strong></span> <span class='ocrx_word' id='word_1_634' title='bbox 1660 5185 1842 5255; x_wconf 88' lang='lat' dir='ltr'><strong>doctrinae</strong></span> <span class='ocrx_word' id='word_1_635' title='bbox 1863 5186 1950 5260; x_wconf 87' lang='lat' dir='ltr'><strong>eius.</strong></span> <span class='ocrx_word' id='word_1_636' title='bbox 2002 5183 2069 5257; x_wconf 80' lang='lat' dir='ltr'><strong>At-</strong></span> 
     </span>
     <span class='ocr_line' id='line_1_50' title="bbox 43 5283 2070 5386; baseline -0.001 -26"><span class='ocrx_word' id='word_1_637' title='bbox 43 5291 129 5379; x_wconf 85' lang='lat' dir='ltr'><strong>tias,</strong></span> <span class='ocrx_word' id='word_1_638' title='bbox 155 5314 246 5386; x_wconf 86' lang='lat' dir='ltr'><strong>quae</strong></span> <span class='ocrx_word' id='word_1_639' title='bbox 262 5283 322 5359; x_wconf 88' lang='lat' dir='ltr'><strong>hic</strong></span> <span class='ocrx_word' id='word_1_640' title='bbox 337 5286 545 5358; x_wconf 85' lang='lat' dir='ltr'><strong>brevissime</strong></span> <span class='ocrx_word' id='word_1_641' title='bbox 557 5298 740 5363; x_wconf 90' lang='lat' dir='ltr'><strong>notantur,</strong></span> <span class='ocrx_word' id='word_1_642' title='bbox 766 5284 905 5375; x_wconf 91' lang='lat' dir='ltr'><strong>copiose</strong></span> <span class='ocrx_word' id='word_1_643' title='bbox 920 5286 1033 5356; x_wconf 90' lang='lat' dir='ltr'><strong>inter·</strong></span> <span class='ocrx_word' id='word_1_644' title='bbox 1084 5297 1198 5356; x_wconf 89' lang='lat' dir='ltr'><strong>terum</strong></span> <span class='ocrx_word' id='word_1_645' title='bbox 1219 5298 1271 5355; x_wconf 90' lang='lat' dir='ltr'><strong>est</strong></span> <span class='ocrx_word' id='word_1_646' title='bbox 1290 5297 1444 5354; x_wconf 88' lang='lat' dir='ltr'><strong>sumtum</strong></span> <span class='ocrx_word' id='word_1_647' title='bbox 1468 5285 1513 5353; x_wconf 88' lang='lat' dir='ltr'><strong>ab</strong></span> <span class='ocrx_word' id='word_1_648' title='bbox 1536 5286 1723 5357; x_wconf 87' lang='lat' dir='ltr'><strong>autoritate</strong></span> <span class='ocrx_word' id='word_1_649' title='bbox 1745 5287 1946 5356; x_wconf 87' lang='lat' dir='ltr'><strong>ordinariae</strong></span> <span class='ocrx_word' id='word_1_650' title='bbox 1968 5302 2070 5378; x_wconf 88' lang='lat' dir='ltr'><strong>pota·</strong></span> 
     </span>
    </p>
   </div>
   <div class='ocr_carea' id='block_1_14' title="bbox 41 5385 2070 5562">
    <p class='ocr_par' dir='ltr' id='par_1_16' title="bbox 41 5385 2070 5562">
     <span class='ocr_line' id='line_1_51' title="bbox 41 5385 2070 5562; baseline -0.002 -95"><span class='ocrx_word' id='word_1_651' title='bbox 41 5406 200 5489; x_wconf 84' lang='lat' dir='ltr'><strong>pretatus</strong></span> <span class='ocrx_word' id='word_1_652' title='bbox 212 5392 271 5467; x_wconf 81' lang='lat' dir='ltr'><strong>ait.</strong></span> <span class='ocrx_word' id='word_1_653' title='bbox 322 5386 401 5462; x_wconf 86' lang='lat' dir='ltr'><strong>Hae</strong></span> <span class='ocrx_word' id='word_1_654' title='bbox 415 5390 599 5484; x_wconf 78' lang='lat' dir='ltr'><strong>magnifica</strong></span> <span class='ocrx_word' id='word_1_655' title='bbox 621 5385 858 5483; x_wconf 88' lang='lat' dir='ltr'><strong>promissione</strong></span> <span class='ocrx_word' id='word_1_656' title='bbox 871 5401 1035 5463; x_wconf 81' lang='lat' dir='ltr'><strong>movetur</strong></span> <span class='ocrx_word' id='word_1_657' title='bbox 1085 5387 1201 5475; x_wconf 85' lang='lat' dir='ltr'><strong>statis,</strong></span> <span class='ocrx_word' id='word_1_658' title='bbox 1226 5389 1322 5482; x_wconf 87' lang='lat' dir='ltr'><strong>quod</strong></span> <span class='ocrx_word' id='word_1_659' title='bbox 1339 5386 1386 5561; x_wconf 84' lang='lat' dir='ltr'><strong>in1</strong></span> <span class='ocrx_word' id='word_1_660' title='bbox 1394 5385 1459 5562; x_wconf 69' lang='lat' dir='ltr'><strong>pllp</strong></span> <span class='ocrx_word' id='word_1_661' title='bbox 1475 5387 1608 5477; x_wconf 90' lang='lat' dir='ltr'><strong>populo</strong></span> <span class='ocrx_word' id='word_1_662' title='bbox 1630 5388 1825 5481; x_wconf 88' lang='lat' dir='ltr'><strong>plurimum</strong></span> <span class='ocrx_word' id='word_1_663' title='bbox 1849 5388 2008 5478; x_wconf 87' lang='lat' dir='ltr'><strong>valebat,</strong></span> <span class='ocrx_word' id='word_1_664' title='bbox 2034 5402 2070 5462; x_wconf 91' lang='lat' dir='ltr'><strong>et</strong></span> 
     </span>
    </p>
   </div>
   <div class='ocr_carea' id='block_1_15' title="bbox 0 0 2266 5782">
    <p class='ocr_par' dir='ltr' id='par_1_17' title="bbox 0 0 2266 5782">
     <span class='ocr_line' id='line_1_52' title="bbox 0 0 2266 5782; baseline 0 0"><span class='ocrx_word' id='word_1_665' title='bbox 0 0 2266 5782; x_wconf 95' lang='lat' dir='ltr'><strong> </strong></span> 
     </span>
    </p>
   </div>
  </div>
 </body>
</html>
