4522 5782
120 223 191 305 cu
498 218 590 326 inu.
641 216 944 313 anemurio
970 215 1472 319 unvano-toruus.
1527 217 1638 315 ute.
1664 222 1764 298 xut.
2076 235 2162 343 sse
2250 162 2255 167 ⁸

119 418 189 471 etto
209 394 322 488 eripi,
346 406 392 471 et=
407 394 547 471 futuros
567 415 628 467 eos
649 394 692 465 in
718 388 908 467 horrendis
933 408 969 468 et
994 409 1111 470 eeter-
1164 395 1261 476 filio,
1302 393 1513 467 seditionem
1543 411 1662 469 recma
1694 411 1745 471 est
1771 398 1963 495 coniugum
1990 376 2149 484 mem

117 502 169 573 ris
185 500 345 572 tenebris
361 513 396 572 et
410 498 550 591 poenis.
1161 496 1436 579 contaminatio,
1462 511 1495 569 et
1520 501 1631 571 multa
1659 503 1788 573 raedes'
1802 503 1841 575 in
1866 519 1941 578 toto
1960 531 2088 603 regno,
2114 530 2148 590 et

116 642 121 651 ·
212 600 285 675 Sed
312 625 388 673 nou
420 603 496 692 ipsa
521 599 688 681 laceratio
714 597 891 689 corporis,
925 624 999 670 non
1023 594 1109 672 hor·
1158 601 1227 670 alia
1244 600 1354 672 multa
1370 600 1501 672 scelera
1519 625 1610 696 quae
1625 603 1842 679 comitantur
1863 606 2049 685 intestinas
2070 615 2146 689 dis-

117 705 221 777 renda
237 702 425 805 suspensio
442 703 479 771 in
509 725 634 788 cruce,
661 703 711 772 sic
728 702 863 773 feriunt
887 703 1026 775 animos
1047 728 1107 774 co·
1158 702 1314 783 cordias,
1343 717 1378 773 et
1399 704 1678 777 innumerabiles
1699 707 1838 780 animae
1857 734 2043 803 oppressae
2059 734 2145 792 sunt

116 807 259 897 ginmes
291 810 338 877 de
378 804 542 899 passione
575 801 748 889 Christi,¹
776 803 867 875 sicut
900 800 958 876 hic
992 804 1103 881 tristis
1157 810 1297 877 aeterni
1314 806 1367 876 ira
1381 805 1448 877 llei
1465 823 1610 897 propter
1624 808 1848 886 seditionem.
1899 810 2009 886 Multi
2029 822 2142 893 sancti

114 910 259 981 tls-or:
1157 921 1301 1000 propter
1311 908 1521 979 scandalum
1544 911 1722 981 moesticia
1737 912 1869 984 mortui
1884 929 1978 991 sunt.
2028 918 2142 996 Multi

1156 1010 1265 1081 sancti
1286 1011 1390 1082 etiam
1407 1012 1569 1100 contagio
1585 1013 1769 1083 seditionis
1785 1034 2011 1092 excusserunt
2025 1019 2142 1115 Spiri-
2230 1096 2234 1103 ,

1154 1125 1229 1183 turn
1253 1127 1431 1199 sanctum,
1473 1128 1507 1184 et
1530 1116 1687 1207 oppressi
1709 1129 1793 1188 sunt
1823 1132 1964 1192 aeterna
1985 1123 2036 1193 ira
2061 1122 2141 1213 Dei,

207 1213 341 1306 Qualis
370 1228 421 1287 est
445 1209 533 1285 haec
565 1212 709 1306 querele
733 1213 772 1281 in
794 1212 868 1283 filio
891 1208 990 1284 Dei?
1041 1213 1101 1286 An
1154 1238 1219 1284 nec
1236 1214 1387 1285 dubium
1407 1230 1456 1288 cst
1475 1217 1612 1309 aliquas
1628 1215 1778 1288 Davidis
1792 1221 1957 1312 coniuges
1980 1249 2142 1300 moerore
2184 1260 2188 1266 ¹

114 1319 241 1391 iudicat
256 1342 295 1392 se
310 1320 488 1389 desertum
503 1327 539 1385 et
552 1315 730 1386 abiectum
747 1315 845 1385 esse?
878 1312 976 1387 Haeo
993 1320 1100 1388 verba
1154 1317 1325 1388 extinctas
1339 1341 1424 1388 esse.
1476 1315 1727 1391 Hanctantam
1744 1322 1872 1392 molem
1889 1325 2065 1399 malorum
2082 1332 2142 1401 in·

112 1446 147 1492 er
161 1420 257 1494 Psal.
274 1422 336 1493 22.
352 1433 467 1491 sumta
484 1431 586 1501 sunt,
619 1417 683 1510 qui
706 1431 802 1489 totus
817 1418 1098 1491 considerandus
1156 1432 1256 1490 tuens
1272 1415 1411 1511 David,
1438 1422 1568 1512 cogitat
1583 1444 1619 1491 se
1634 1438 1765 1508 pestem
1779 1447 1853 1494 esse
1866 1418 2045 1501 Ecclesiae
2060 1430 2141 1519 Dei,

113 1538 175 1608 est,
200 1525 234 1593 si
246 1524 369 1616 aliquo
382 1521 498 1594 'modo
519 1519 686 1597 volumus
709 1521 879 1610 cogitare,
904 1546 1010 1616 quarn
1032 1523 1098 1594 tri·
1151 1535 1185 1592 et
1218 1544 1279 1591 vas
1310 1523 1401 1607 irae,
1444 1539 1478 1597 et
1507 1524 1664 1595 fortassis
1689 1526 1727 1594 in
1751 1539 1936 1600 aeternum
1963 1532 2140 1606 abiectum

110 1627 167 1699 stis
182 1626 232 1697 sit
248 1620 339 1697 haec
355 1623 541 1697 sententia.
599 1618 684 1692 Dixi
701 1636 819 1693 autem
836 1645 941 1714 supra
958 1624 1098 1718 aliquo·
1150 1646 1169 1693 a
1196 1621 1285 1696 Deo.

108 1729 172 1801 ties
195 1730 245 1798 de
273 1726 461 1800 doloribus
480 1719 642 1813 Christi,
682 1736 716 1794 et
746 1725 792 1795 de
816 1747 938 1805 eorum
971 1728 1098 1812 causis,
1237 1726 1280 1797 ln
1299 1726 1360 1797 tali
1375 1726 1500 1797 dolore
1515 1728 1634 1822 aliqua
1653 1727 1768 1817 imago
1783 1743 1833 1802 est
1849 1731 2013 1815 dolorum
2029 1729 2138 1806 Chri-

108 1831 177 1903 sive
192 1831 362 1902 obiectis.
414 1825 576 1899 Primum
598 1827 759 1896 naturale
781 1839 816 1897 et
836 1850 1023 1899 commune
1046 1845 1097 1902 est
1150 1829 1207 1900 sti.
1258 1826 1348 1899 Nam
1366 1843 1405 1901 ut
1420 1828 1539 1900 David
1559 1831 1709 1901 sustinet
1730 1846 1878 1903 terrores
1895 1836 2039 1925 propter
2052 1861 2138 1931 pro·

109 1933 295 2016 omuibus,
321 1929 416 2025 quod
434 1929 600 2001 laceratio
614 1929 776 2019 corporis
795 1928 901 2001 affert
924 1931 1096 2017 dolorem,
1150 1933 1226 2022 pria
1249 1946 1407 2023 peccata,
1434 1933 1481 2002 ita
1507 1932 1600 2002 tilius
1618 1930 1684 2002 Dei
1709 1933 1858 2004 sustinet
1878 1948 2031 2009 terrores
2054 1963 2141 2031 pro·

107 2036 154 2107 sie
174 2036 290 2107 etiam
312 2032 535 2105 Laurentius
548 2030 711 2116 dolebat,
734 2033 795 2101 sed
824 2053 905 2101 cum
927 2032 966 2100 in
990 2036 1096 2104 corde
1150 2048 1229 2124 pter
1249 2047 1368 2104 nostra
1392 2049 1552 2125 peccata,
1577 2035 1677 2127 qnasi
1701 2033 1776 2125 ipse
1798 2057 1834 2105 sc
1849 2050 1900 2108 tot
1914 2040 2045 2110 nostris
2062 2063 2162 2113 sce-1·

107 2140 260 2209 sentitur
274 2136 428 2207 laetitiae
451 2147 597 2225 propter
613 2132 677 2205 llei
692 2137 924 2224 praesentiam
944 2148 977 2204 ct
996 2137 1097 2205 favo·
1149 2136 1285 2206 leribus
1323 2137 1530 2226 polluisset:
1573 2137 1709 2206 derivat
1741 2137 1834 2205 enim
1866 2138 1905 2208 in
1936 2163 2011 2211 sese
2045 2142 2134 2215 iram

105 2264 197 2325 rem,
231 2240 351 2309 minus
375 2236 594 2307 excruciatur
617 2235 689 2304 illis
713 2235 867 2307 externis
898 2237 1095 2309 doloribus.
1132 2234 1236 2320 Dei,
1278 2261 1368 2332 quae
1390 2238 1524 2333 alioqui
1552 2261 1617 2307 nos
1645 2260 1829 2330 opressum
1853 2254 1936 2315 erat.
2002 2240 2137 2337 Estque

105 2342 293 2424 Secundo,
318 2340 482 2410 naturale
503 2336 537 2407 ¹et
559 2361 746 2408 commune
762 2350 813 2406 est
826 2340 994 2409 omuibus
1008 2334 1095 2409 hor·
1148 2339 1339 2430 significata
1356 2334 1442 2411 haec
1458 2353 1553 2411 tanta
1569 2364 1624 2411 res
1639 2340 1761 2411 multis
1775 2341 1889 2411 dictis.
1938 2338 2061 2417 Esaias
2078 2347 2135 2417 in-

104 2445 200 2516 ribili
218 2440 505 2514 consternatione
522 2439 641 2530 lugere
658 2453 827 2525 mortem,
853 2443 913 2511 sed
931 2442 1096 2512 obruitur
1149 2444 1249 2536 quit:
1291 2440 1499 2512 Percussum
1528 2465 1601 2513 esse
1623 2466 1641 2510 a
1665 2440 1761 2521 Deo,
1802 2467 1871 2536 qua
1894 2445 2132 2537 descriptione

104 2543 187 2619 brec
203 2541 559 2618 etiamcousternatio
573 2541 705 2612 laetitia
721 2543 851 2627 cordis,
867 2546 1097 2636 quodstatuit
1149 2545 1323 2634 significat
1352 2567 1425 2613 non
1464 2559 1601 2615 tantum
1633 2538 1788 2613 humana
1821 2546 1965 2617 saevitia
2001 2548 2134 2621 lacera-

107 2645 251 2721 oosDeo
268 2647 416 2740 placere,
431 2656 466 2716 et
479 2645 640 2715 intuetur
653 2646 761 2717 vitam
778 2658 956 2715 aeternam
972 2659 1006 2716 ct
1022 2669 1095 2717 non
1149 2659 1224 2717 turn
1249 2668 1322 2716 esse
1344 2641 1538 2720 Christum.
1580 2643 1706 2716 Uritur
1723 2644 1957 2728 Laurentius,
1985 2673 2049 2722 nec
2070 2676 2131 2722 ex-

107 2752 243 2823 dubitat
257 2774 295 2821 se
310 2749 380 2825 iam
396 2745 463 2817 Dei
481 2759 726 2837 conspectum,
752 2761 785 2818 et
802 2749 1094 2818 consuetudinem
1148 2748 1326 2819 cruciatur
1347 2749 1385 2816 in
1409 2745 2000 2839 cordetanquamaDeoahiectus.
2052 2754 2136 2825 Alia

107 2848 234 2925 Christi
262 2864 296 2923 et
320 2850 481 2921 omnium
509 2862 710 2919 sanctorum
725 2849 888 2923 transire.
939 2847 1009 2920 llic
1024 2851 1096 2919 cla·
1148 2875 1203 2922 res
1220 2849 1332 2920 multo
1348 2850 1484 2922 tristior
1500 2864 1568 2936 est,
1592 2850 1749 2919 iudicare
1774 2872 1809 2918 se
1830 2849 1940 2921 aDeo
1965 2867 2134 2947 tanquam

109 2970 174 3027 mat
189 2952 343 3025 Paulus:
365 2949 481 3051 Cupio
497 2951 655 3034 dissolvi,
670 2963 703 3022 et
717 2947 920 3043 Stephanus
934 2952 1096 3038 laetatur,
1149 2976 1209 3022 vas
1232 2952 1305 3022 irae
1325 2952 1499 3024 abiectum
1525 2975 1611 3022 esse.
1663 2948 1715 3021 lta
1735 2951 1872 3023 luctans
1894 2977 2010 3025 secum
2027 2952 2134 3027 Chri-

109 3058 229 3129 ridens
244 3054 362 3126 lesum
380 3067 530 3125 stantem
546 3053 590 3122 ad
608 3054 766 3123 dextram
784 3050 863 3127 Dei.
1148 3068 1223 3124 stus
1256 3054 1294 3122 in
1329 3078 1454 3137 cruce,
1489 3056 1562 3124 edit
1598 3048 1689 3123 hauc
1723 3053 1958 3124 tristissimam
1990 3083 2131 3130 vocem:

206 3156 281 3249 Cur
297 3158 405 3248 igitur
419 3156 533 3226 maior
546 3155 715 3228 dolorest
727 3150 886 3225 Christi?
911 3150 1004 3245 Quia
1020 3154 1096 3255 ipse
1147 3157 1244 3229 Deus
1266 3178 1383 3237 meus,
1416 3152 1512 3225 Deus
1534 3179 1649 3237 meus,
1683 3179 1791 3249 quare
1812 3158 2031 3250 dereliquisti
2054 3162 2135 3230 me?

110 3262 173 3333 slio
196 3262 342 3332 obiecto·
364 3253 531 3328 horribili
564 3256 758 3349 premitur,
799 3259 893 3352 quod
919 3280 993 3327 uon
1015 3279 1097 3326 seu·
1149 3259 1376 3353 quasidicat,
1398 3280 1471 3326 non
1490 3259 1666 3328 lamentor
1691 3272 1834 3349 proptor
1856 3260 2015 3350 corporis
2039 3263 2134 3332 lace·

110 3367 197 3436 liunt
219 3361 438 3433 Laurentius
468 3374 501 3431 et
532 3354 752 3451 Stephanus,
793 3361 959 3453 quodque
988 3354 1096 3430 Chri·
1146 3362 1342 3444 rationem,
1367 3373 1429 3430 aut
1445 3374 1590 3453 propter
1606 3374 1769 3444 mortem,
1795 3360 1854 3429 sed
1875 3376 2019 3451 propter
2034 3364 2133 3434 aliud

109 3481 175 3539 stus
205 3465 289 3535 ideo
315 3463 418 3547 tulit,
459 3462 543 3556 quia
573 3483 638 3530 nos
670 3461 764 3532 ierre
794 3485 868 3532 nou
895 3484 1094 3553 possumus.
1148 3463 1254 3553 longe
1286 3462 1420 3534 tristius
1453 3463 1606 3547 malum,
1648 3464 1744 3553 quod
1788 3475 1826 3534 tu
1860 3485 1920 3531 rue
1952 3464 2135 3559 relinquis,
2249 3452 2255 3463 ¹

111 3566 181 3660 lpse
195 3568 295 3638 enim
318 3566 425 3638 scutit
445 3588 520 3636 non
545 3585 741 3652 possumus.
794 3563 871 3656 lpse
888 3564 984 3633 enirn
1008 3587 1094 3633 sen·
1147 3567 1243 3658 quod
1260 3588 1334 3634 non
1352 3565 1466 3635 sentio
1482 3565 1519 3632 in
1538 3567 1644 3634 corde
1660 3563 1843 3648 laetitiam,
1863 3588 1966 3657 quam
1978 3569 2136 3638 sentiunt

109 3672 147 3742 tit
173 3694 250 3740 non
278 3681 416 3739 tantum
448 3665 681 3738 lacerationes
711 3668 890 3757 corporis,
935 3680 969 3735 ct
996 3662 1094 3736 illam
1148 3667 1358 3749 aliisancti,
1390 3689 1480 3759 quos
1500 3665 1703 3736 consolaris.
1756 3664 1833 3736 lmo
1856 3667 1970 3737 sentio
1993 3683 2026 3738 te
2050 3663 2136 3738 hor-

107 3774 300 3846 nrturalem
330 3769 456 3843 mortis
487 3770 631 3857 lugam,
661 3764 722 3839 sed
759 3770 867 3839 sentit
902 3768 1097 3860 peculiares
1147 3769 1302 3840 tibiliter
1325 3768 1601 3859 irasci-pcccatis
1628 3768 1765 3858 generis
1788 3762 1955 3858 humani,
1990 3785 2137 3860 propter
2240 3830 2244 3845 .

110 3889 278 3955 terrores,
313 3873 443 3968 quibus
464 3871 619 3943 ostendit
641 3868 709 3960 ipsi
738 3864 890 3942 DEUS
917 3868 1005 3938 iram
1031 3872 1096 3939 ad·
1149 3894 1238 3965 quae
1259 3893 1643 3962 egonunrreussum‚
1670 3870 2018 3961 coramteinquaro:
2052 3870 2135 3942 Non

110 3999 225 4049 versus
258 3988 396 4067 peccata
426 3986 575 4056 nostra,
616 3971 707 4042 sicut
735 3970 928 4065 aliquando
952 3973 989 4043 in
1013 3996 1095 4042 vera
1149 3986 1239 4043 esset
1265 3967 1354 4040 mihi
1378 3973 1644 4042 acerbissimum
1676 3969 1802 4040 mundi
1832 3972 1972 4041 iudiciis
1998 3972 2135 4063 impro-

111 4079 319 4151 tontritioue
348 4076 506 4148 sentiunt
536 4074 588 4166 pii
613 4069 805 4144 horribiles
828 4096 993 4165 pavores,
1034 4097 1097 4144 seu
1148 4075 1245 4159 bari,
1271 4074 1331 4143 sed
1346 4088 1442 4144 tuam
1464 4075 1552 4142 iram
1570 4074 1701 4144 sentire
1714 4073 1812 4142 triste
1829 4087 1889 4143 est.
1925 4068 2000 4144 Etsi
2017 4090 2134 4146 autem

109 4182 353 4265 confusiones,
378 4201 440 4249 seu
458 4175 779 4260 consternationes,
806 4175 906 4267 quasi
922 4175 1095 4244 abiician-
1148 4201 1222 4246 non
1244 4189 1358 4268 potest
1380 4177 1588 4271 magnitudo
1611 4175 1775 4245 dolorum
1798 4169 1952 4264 Christi,
1978 4189 2040 4247 aut
2055 4201 2134 4249 ver-

112 4285 310 4367 turaDeo,
335 4283 379 4352 de
395 4280 455 4374 qui
474 4279 755 4368 bosjpavoribus
774 4278 894 4371 inquit
907 4271 1096 4347 Ezechias:
1139 4278 1203 4349 his
1234 4274 1399 4348 homanis
1429 4279 1582 4369 exponi,
1630 4290 1691 4345 aot
1730 4275 1941 4365 cogitatione
1970 4301 2132 4371 compre·

113 4384 204 4456 Sicut
220 4387 275 4455 leo
291 4383 461 4454 contrivit
477 4381 595 4452 omnia
611 4402 688 4450 ossa
706 4403 794 4453 mea.
844 4375 892 4449 Et
908 4376 1023 4448 David
1040 4379 1097 4448 in·
1148 4377 1282 4464 hendi‚
1315 4394 1431 4451 tamen
1462 4403 1601 4449 necesse
1624 4392 1674 4447 est
1696 4377 1775 4471 pios
1797 4378 1917 4471 aliquo
1943 4384 2050 4450 modo
2076 4405 2135 4452 ros

114 4492 197 4578 quit:
236 4485 419 4576 Quoniam
452 4484 596 4573 sagittae
623 4496 704 4552 tuae
735 4482 863 4550 infixae
894 4495 977 4550 sunt
1006 4476 1096 4550 mihi
1151 4482 1394 4562 considerare,
1421 4481 1754 4553 utdiscamusiram
1771 4476 1838 4549 Dei
1863 4484 2030 4553 adversus
2052 4509 2136 4575 pec·
2250 4483 2252 4487 ’

113 4588 326 4659 confirmasti
341 4610 447 4678 super
461 4610 537 4655 mea
559 4606 705 4655 manum
723 4597 840 4653 tuam:
867 4580 949 4652 Non
965 4599 1016 4654 est
1031 4607 1097 4675 pax
1150 4598 1244 4669 cata,
1278 4598 1311 4654 et
1333 4585 1452 4679 aliquo
1482 4585 1588 4652 modo
1614 4583 1830 4651 celebremus
1853 4586 2135 4671 magnitudinem

114 4694 243 4763 ossibus
259 4685 487 4760 meisalacie
504 4699 724 4777 peccatorum
740 4708 911 4757 meorum.
1151 4688 1290 4770 oneris,
1324 4688 1419 4778 quod
1444 4709 1508 4777 pro
1531 4684 1635 4754 nobis
1657 4678 1820 4754 Christus
1845 4686 2022 4757 sustinuit.
2087 4684 2136 4759 Et

206 4793 256 4864 At
269 4807 311 4863 ut
324 4791 445 4882 aliquo
469 4791 576 4859 modo
599 4783 658 4857 hic
680 4788 785 4858 dolor
810 4810 831 4856 a
856 4786 961 4857 nobis
986 4809 1097 4877 agno·
1150 4812 1230 4857 curn
1249 4787 1344 4858 Deus
1368 4784 1455 4857 haec
1478 4811 1540 4879 per
1556 4781 1751 4885 Prophetas
1769 4800 1803 4855 et
1821 4781 2012 4877 Apostolos
2033 4811 2135 4878 saepe

113 4911 240 4981 stetur,
264 4908 327 4964 aut
351 4891 493 4984 propria
518 4903 657 4979 peccata
685 4889 896 4981 aspiciamus
924 4889 1011 4979 ipsi,
1038 4904 1099 4960 aut
1150 4903 1301 4980 repetat,
1325 4889 1402 4960 vult
1417 4903 1509 4960 certe
1523 4913 1649 4958 sonare
1665 4884 1757 4957 hauc
1779 4889 1938 4958 doctrina
1962 4891 2000 4958 in
2015 4887 2137 4961 Eccle-

110 5001 296 5092 eogitemus
320 4994 492 5067 Davidem
520 4987 686 5062 horribili
721 4992 844 5060 dolore
877 5013 1097 5083 oppressum,
1150 4992 1215 5062 sia.
1242 4988 1328 5061 ldco
1345 4993 1683 5063 excitemusrnentes
1700 4993 1743 5059 ad
1756 4984 1883 5059 harum
1902 4991 2134 5065 maximarum
2252 4980 2257 4991 ’

109 5126 182 5172 corn
199 5098 358 5191 agnoseit
375 5119 410 5166 se
426 5117 566 5165 eausam
588 5094 790 5184 praebuisse
814 5088 870 5161 his
893 5093 1001 5164 tantis
1018 5117 1099 5184 pec·
1150 5116 1269 5163 rerum
1285 5093 1553 5183 cogitationem,
1579 5107 1614 5163 et
1636 5115 1776 5161 oremus
1791 5089 1925 5169 Deum,
1960 5107 1999 5161 ut
2023 5093 2136 5169 lucem

109 5206 190 5277 catis
205 5218 240 5275 ct
255 5192 453 5283 scandalis,
476 5195 716 5289 quaelapsum
736 5195 847 5287 ipsius
864 5209 980 5265 secuta
998 5208 1095 5264 sunt:
1150 5197 1189 5263 in
1224 5196 1392 5265 cordibus
1425 5197 1557 5266 nostris
1591 5196 1777 5276 accendat,
1802 5206 1843 5261 ut
1877 5187 1971 5261 hun'c
2000 5188 2136 5265 Christi

107 5304 256 5400 Propter
282 5325 402 5372 meum
428 5312 636 5390 peccatum,
672 5298 808 5391 inquit,
848 5293 944 5365 Deus
974 5296 1098 5378 iratus,
1151 5321 1321 5386 agonem,
1347 5310 1382 5367 et
1404 5293 1473 5368 hoc
1497 5311 1636 5368 tantum
1660 5294 1865 5365 beneficium
1883 5293 1992 5383 magis
2008 5297 2139 5386 magis-

107 5408 268 5503 permisit
301 5402 440 5477 moveri
473 5400 705 5484 seditionem,
747 5397 947 5496 etquidem
974 5420 994 5469 a
1020 5419 1098 5467 meu
1152 5423 1222 5494 que
1238 5397 1497 5489 intelligamus,
1526 5412 1560 5469 et
1582 5422 1647 5491 pro
1672 5419 1712 5467 eo
1731 5396 1861 5486 gratias
1877 5416 2031 5485 agamus.

155 5508 345 5581 Macrum.
374 5510 477 5578 Orsa.
502 5505 584 5570 voc.
613 5503 690 5570 XV.
1177 5496 1181 5505 ⁸
1610 5496 1657 5577 2‘1

177 1056 289 1133 Deus
304 1054 412 1132 Deus
424 1080 544 1143 meus,
570 1079 686 1159 qnare
703 1051 930 1158 derelinquis
945 1065 1028 1132 me?
