4522 5782
88 233 122 311 u
341 229 446 331 arn.
500 235 535 310 1.
568 208 1049 309 remissionnem
1075 208 1231 305 arser.
1256 200 1408 302 etum
1434 214 1503 299 au
1529 222 1793 318 romanos,
2002 208 2082 323 ‘su

145 406 403 481 naussum
428 398 511 493 ta,
531 416 631 478 suna
653 406 750 477 nrm
776 417 830 477 os
860 410 945 475 vers
970 402 1038 492 ux,
1090 412 1124 473 ee
1145 380 1288 495 posterea
1310 422 1428 494 opos.
1478 372 1576 477 'uso
1600 405 1692 495 arat,
1719 370 1758 482 n
1780 406 1985 507 aragonum
2008 422 2075 495 aa.
2208 436 2210 441 ·

88 512 271 582 mnonin
290 509 629 603 parietibusseripta
646 522 717 597 est,
742 508 804 579 sed
830 530 910 580 cum
933 528 1037 579 aecu·
1089 517 1204 576 servet
1227 505 1358 586 lector,
1400 503 1486 599 quid
1512 500 1648 579 Paulus
1670 526 1769 584 vocet
1791 514 1923 608 legem,
1958 537 1994 594 et
2014 549 2079 597 cur

88 636 112 703 t,
138 638 221 687 cum
243 629 363 689 terret.
1087 608 1179 677 dicat
1205 630 1279 678 esse
1300 607 1532 700 spiritualem.
1592 610 1714 706 Neque
1736 639 1801 686 nos
1822 643 1918 690 nunc
1944 618 2075 717 Orige-

140 716 214 788 Hie
235 731 417 810 peceatum
451 712 599 799 revixit,
640 711 677 782 id
707 725 776 798 est,
811 724 853 782 ut
881 711 957 782 vidi
979 734 1036 781 me
1085 711 1143 780 nis
1161 709 1471 802 interpretationes
1487 711 1594 803 primi
1610 715 1823 805 refellimus,
1848 723 1909 792 sed
1930 726 2075 800 maximi

88 821 205 891 mnari
227 821 364 911 alege,
400 815 459 890 hie
481 816 597 909 coepit
620 828 746 887 natura
770 815 873 884 irasci
896 814 1032 895 iudicio
1085 812 1154 882 viri
1177 812 1216 882 in
1233 809 1387 883 Ecclesia
1412 814 1522 884 veteri
1548 818 1808 893 damnaverunt
1834 823 1910 892 eius
1933 829 2075 921 scripta.

88 923 108 993 ἡ
129 938 196 996 ese,
1085 914 1146 986 stc
1160 915 1269 985 einim
1286 916 1411 987 scribit
1427 918 1471 987 de
1489 941 1531 985 eo
1552 908 1792 1016 Epiphanius:
1823 920 1888 995 καὶ
1910 921 1981 1000 ὅσα
2003 925 2075 1023 μὲν

141 1022 334 1097 Conclusio
357 1019 614 1097 translationis.
667 1017 740 1089 Lex
759 1031 812 1088 est
826 1020 938 1105 bona,
971 1019 1031 1089 sed
1085 1017 1122 1089 ἐν
1145 1012 1418 1112 προοομιλιάις,
1445 1014 1508 1089 καὶ
1521 1012 1584 1091 διὰ
1602 1024 1681 1093 τῶν
1694 1020 1903 1118 προοιμίων
1926 1030 1976 1112 εἷς
1994 1030 2073 1131 ἤθη

88 1128 176 1199 crati
198 1139 233 1198 et
255 1126 397 1197 vitiatae
419 1138 567 1195 naturae
596 1121 698 1214 culpa
725 1136 795 1201 est,
834 1122 931 1214 quod
957 1143 1033 1190 non
1082 1144 1124 1190 τε
1142 1116 1204 1191 καὶ
1221 1120 1271 1200 eie
1285 1113 1414 1216 φύσας
1427 1112 1536 1208 ζώων
1549 1148 1590 1194 τε
1605 1118 1669 1195 καὶ
1684 1130 1763 1198 τῶν
1778 1124 1902 1202 ἄλλων
1918 1130 1954 1203 ei'
1973 1159 2070 1228 ηται,

88 1230 229 1315 stilicat,
250 1241 388 1300 tantum
407 1239 542 1323 terret,
564 1238 599 1297 et
622 1223 829 1309 confundit,
855 1238 889 1294 et
912 1223 1034 1295 incitat
1085 1218 1197 1314 μέσος
1212 1216 1432 1319 φερόμενος,
1460 1216 1634 1306 πολλάκις
1651 1222 1832 1325 χαρίεντα
1854 1228 2071 1333 διηγησατο,

108 1332 385 1425 desperandum.
456 1327 504 1399 Et
527 1323 595 1397 hoc
615 1328 695 1396 ideo
718 1326 775 1409 lit,
808 1338 848 1395 ut
874 1325 1032 1417 conspici
1083 1319 1155 1396 ὅσα
1169 1317 1211 1396 δὲ
1226 1325 1276 1405 eir
1287 1320 1461 1425 δόγματα
1478 1320 1720 1425 ἐδογμάτισε,
1741 1326 1805 1403 καὶ
1818 1330 1900 1432 περὶ
1915 1332 2072 1422 πίστεως

88 1434 177 1508 cesti
195 1434 382 1525 turpitudo
403 1456 444 1502 ac
465 1430 676 1521 magnitudo
699 1426 829 1520 possit,
854 1440 895 1498 ut
909 1428 1032 1498 videa·
1083 1421 1147 1498 seui
1167 1421 1337 1520 μείζονος
1358 1422 1539 1522 θεωρίας,
1570 1434 1649 1502 τῶν
1669 1424 1823 1505 πάντων
1847 1432 2072 1514 ἀτοπώτατα

88 1559 140 1623 ss,
181 1536 285 1607 nobis
313 1534 390 1606 alia·
407 1535 547 1606 iusticia
570 1552 660 1624 opus
683 1552 776 1612 esse,
817 1553 924 1625 quam
945 1530 1033 1623 legis
1081 1530 1160 1603 τῶν
1180 1524 1253 1619 πρὸ
1275 1525 1414 1615 αὐτοῦ,
1441 1525 1505 1602 καὶ
1522 1529 1604 1622 μετ’
1626 1529 1742 1605 αὐτὸν
1767 1531 1984 1633 εὑρίσκεται.

88 1638 193 1714 nicia,
1186 1628 1263 1722 Ego
1279 1646 1395 1703 autem
1412 1656 1489 1703 snm
1504 1632 1654 1703 carnalis
1670 1640 1892 1710 venundatus
1909 1642 1975 1713 sub
1989 1669 2071 1738 per·

141 1736 356 1833 Occupatio.
416 1734 610 1827 Quomodo
633 1747 738 1825 suget
761 1733 818 1804 lex
840 1745 1032 1827 peccatum,
1083 1746 1221 1826 catum,
1244 1734 1370 1818 idest,
1393 1734 1630 1825 mancipium,
1656 1760 1718 1806 seu
1740 1742 1898 1831 captivus
1921 1750 2067 1835 peccati.

88 1843 319 1928 mesenen,
343 1864 425 1911 cum
446 1839 551 1912 multi
574 1836 645 1929 legi
666 1839 950 1930 obtemperantes
966 1831 1032 1905 ho-
1081 1833 1179 1906 Haec
1196 1849 1245 1906 est
1261 1835 1404 1906 collatio
1426 1850 1566 1906 nostrae
1582 1851 1728 1909 naturae
1745 1864 1824 1910 cum
1848 1842 1935 1933 lege.
1992 1846 2065 1919 Lex

88 1960 140 2019 ste
170 1945 305 2019 vivant.
371 1941 599 2035 'l'empestiva
623 1938 808 2032 occupatio
828 1951 896 2024 est,
926 1950 962 2008 et
986 1938 1032 2007 ad
1082 1949 1135 2009 est
1154 1938 1366 2031 spiritualis,
1399 1939 1550 2032 requirit
1582 1955 1699 2010 motus
1721 1943 1939 2035 spirituales,
1972 1952 2069 2022 noti-

88 2072 134 2118 nc
149 2048 428 2140 disputationem
443 2058 535 2115 recte
551 2042 818 2132 intelligendam
840 2040 944 2110 valde
967 2063 1031 2109 ne·
1082 2040 1173 2110 ciam
1202 2037 1295 2126 Dei,
1330 2041 1495 2111 fiduciam
1527 2063 1608 2131 erga
1638 2039 1778 2136 Deum,
1818 2047 2070 2140 obedientiam,

88 2151 208 2222 ssaria.
254 2148 342 2235 Lea,
367 2148 500 2241 inquit,
518 2144 713 2237 spiritualis
728 2156 798 2228 est,
823 2142 861 2211 id
876 2155 951 2228 est,
975 2141 1032 2213 lex
1082 2142 1288 2235 patientiam
1317 2142 1357 2212 in
1381 2143 1644 2214 afflictionibus.
1716 2143 1764 2217 At
1794 2161 1920 2219 natura
1948 2168 2070 2226 nostra

88 2254 109 2323 ei
131 2276 208 2323 non
231 2265 283 2322 est
302 2250 448 2344 politica
470 2261 628 2328 tentum,
652 2249 741 2316 sicut
763 2244 944 2315 somniant
966 2240 1031 2313 ho·
1083 2245 1234 2315 carnalis
1257 2258 1328 2329 est,
1354 2244 1509 2315 carnalia
1527 2258 1665 2316 tantum
1688 2245 1906 2338 intelligens,
1931 2266 2069 2326 tantum

91 2378 176 2440 nes,
207 2354 269 2423 scd
295 2351 445 2447 requirit
465 2348 631 2435 affectus,
662 2363 697 2420 et
719 2347 852 2417 iudicat
875 2346 1032 2417 affectus.
1082 2360 1256 2439 appetens
1280 2347 1453 2433 carnalia,
1479 2360 1710 2418 contemnens
1735 2349 1867 2434 Deum,
1900 2357 1983 2425 odio
2006 2351 2071 2428 ha·

88 2457 213 2527 liticae
229 2455 317 2544 legis
334 2454 422 2525 loris
445 2465 626 2535 coercent,
650 2462 684 2521 et
707 2444 762 2520 his
781 2448 924 2534 satisfit,
949 2472 1030 2519 cum
1083 2449 1169 2520 bens
1184 2448 1357 2521 iudicium
1369 2447 1456 2535 Dei,
1481 2472 1655 2542 quaerens
1679 2453 1852 2543 praesidia
1873 2455 1967 2526 vitae
1990 2482 2069 2529 car·

88 2560 195 2630 riliter
218 2557 369 2642 vivitur,
404 2578 486 2625 cum
511 2550 657 2624 honesta
687 2574 792 2643 opera
815 2552 855 2620 in
879 2550 1030 2643 speciem
1083 2551 1197 2633 nalia,
1223 2551 1401 2622 collocans
1417 2551 1582 2621 fiduciam
1604 2553 1643 2621 in
1661 2555 1815 2646 propriis
1832 2556 1988 2647 viribus,
2013 2560 2072 2633 iu-

88 2674 144 2733 mt.
191 2658 262 2730 Sed
277 2660 344 2750 legi
361 2657 429 2729 Dei
444 2676 519 2726 non
533 2654 658 2727 satisfit
676 2674 740 2746 per
754 2666 896 2724 esterna
911 2674 1030 2744 opera.
1081 2654 1201 2738 sticia,
1226 2655 1416 2745 sapientia,
1441 2654 1479 2723 in
1495 2654 1635 2746 opibus.

88 2788 115 2834 u
138 2763 236 2833 enim
265 2760 417 2855 requirit
444 2759 612 2830 noticiam
635 2753 723 2836 Dei,
764 2756 929 2825 timorem
952 2750 1031 2839 Dei,
1185 2752 1229 2824 ln
1245 2756 1381 2848 reliqua
1398 2768 1498 2854 parte
1511 2755 1726 2826 narrationis
1742 2756 1910 2831 describit
1924 2759 2068 2847 Paulus,

90 2866 207 2937 nciam
223 2886 304 2954 erga
320 2862 454 2952 Deum,
479 2862 585 2931 corda
603 2871 715 2944 casta,
739 2857 892 2926 amantia
911 2856 1030 2948 proxi·
1081 2860 1262 2951 quomodo
1285 2858 1653 2929 etiamnumdecertet
1676 2882 1757 2927 cum
1778 2874 1929 2951 peccato.
1982 2862 2072 2936 Vult

88 2972 103 3037 i.
155 2966 238 3037 Non
258 2964 426 3037 satisfacit
449 2964 524 3054 lege
546 2960 615 3032 Dei
631 2959 853 3051 Pomponius
878 2958 1031 3051 Atticus,
1081 2958 1177 3028 euim
1204 2961 1415 3045 ostendere,
1453 2959 1548 3053 quod
1578 2972 1757 3052 peccatum
1787 2962 1836 3032 ita
1861 2958 2002 3036 haereat
2031 2966 2071 3037 in

88 3064 335 3142 tPlsarisaeus
363 3067 423 3136 ille
446 3067 485 3135 in
509 3066 624 3149 Luca,
648 3063 788 3133 tametsi
813 3060 900 3151 legis
924 3084 1029 3152 opera
1082 3072 1207 3131 natura
1230 3060 1387 3148 carnali,
1425 3072 1467 3131 ut
1497 3083 1562 3131 nec
1583 3060 1698 3132 renati
1727 3064 1836 3132 semel
1864 3069 2070 3139 universum

88 3173 236 3263 ligenter
268 3168 460 3262 perficiant.
523 3164 640 3237 Corda
673 3163 769 3232 enim
804 3176 889 3234 suut
921 3185 1031 3232 vacua
1082 3175 1225 3237 exuant.

88 3288 142 3347 stu
164 3272 251 3355 Dei,
277 3272 407 3343 fiducia
430 3288 511 3360 erga
526 3265 664 3352 Deum,
690 3289 810 3336 amore
832 3261 900 3334 Dei
925 3278 959 3336 et
982 3264 1031 3335 si-

88 3377 191 3449 tibus
216 3374 411 3445 affectibus.
1210 3364 1287 3453 De
1298 3364 1483 3485 gratiae
1499 3374 1546 3451 et
1561 3355 1728 3481 effectu
1738 3369 1934 3487 pastae.

144 3472 321 3567 Origenes
339 3472 491 3545 ridicule
502 3469 660 3563 exponit·
710 3468 783 3540 Lex
798 3483 849 3541 est
864 3468 1032 3562 spiritua·

88 3608 111 3666 s,
135 3580 264 3663 idest,
289 3577 498 3669 allegorica,
517 3598 597 3643 cum
620 3571 755 3644 Paulus
775 3594 880 3665 supra
906 3569 1033 3642 exDe·
1430 3529 1569 3639 capnt
1603 3531 1726 3618 vm·

89 3683 171 3773 logo
212 3680 371 3780 posuerit
412 3677 638 3768 exemplum:
679 3672 762 3744 Nou
797 3674 1033 3767 concupisces.
1184 3674 1369 3749 Hactenus¹
1390 3678 1435 3748 de
1458 3678 1547 3769 legis
1570 3678 1696 3750 effectu
1718 3680 1829 3768 dixit,
1855 3694 1890 3754 et
1907 3684 2074 3769 ostendit,

88 3782 145 3854 ihi
171 3784 313 3853 videtur
334 3780 438 3852 valde
459 3778 719 3848 conducerent!
736 3776 1033 3868 perspicuitatem,
1087 3779 1184 3875 quod
1220 3781 1281 3849 lex·
1311 3802 1385 3849 non
1419 3779 1603 3867 iustificet,
1643 3794 1781 3852 tantum
1815 3785 2075 3875 perterrefaciat

92 3910 155 3980 per
169 3885 396 3957 collationem
412 3893 623 3973 exponatur.
673 3876 748 3948 Lex
762 3890 813 3948 est
826 3876 1034 3969 spiritualis,
1085 3882 1336 3967 conscientias,
1363 3893 1397 3951 et
1410 3881 1526 3975 pariat
1550 3882 1673 3953 odium
1687 3880 1774 3964 Dei,
1801 3898 1835 3955 et
1859 3886 2075 3978 desperatio-

107 4003 181 4074 est,
220 3999 370 4058 nonest
398 3998 537 4056 tantum
561 3980 727 4074 politica,
766 3979 911 4071 spiritus
937 3979 1032 4048 enim
1086 4008 1179 4059 nem.
1232 3981 1320 4055 ltem
1342 3984 1497 4054 ostendit
1525 3986 1705 4076 quomodo
1729 3999 1907 4076 peccatum
1932 3982 2075 4061 haereat

88 4090 227 4183 gnificat
247 4088 411 4173 affectus,
436 4108 499 4157 seu
520 4096 638 4154 motus
657 4082 876 4175 spirituales,
902 4082 964 4174 qui
989 4081 1033 4150 ad
1086 4087 1126 4155 iu
1143 4098 1281 4156 natura.
1333 4082 1498 4157 Nuncde
1537 4085 1645 4155 ratiae
1661 4086 1697 4154 vi
1712 4085 1882 4179 loquitur.

88 4218 167 4266 eum
189 4195 363 4264 seruntur.
415 4188 487 4260 Sed
508 4180 686 4276 Origenes
706 4183 841 4257 eteius
861 4196 1035 4253 amatores
1186 4184 1404 4280 Propositio:
1441 4107 1549 4259 Νοξο
1581 4188 1828 4260 condemnatio
1850 4184 1924 4275 bis,
1950 4189 2011 4283 qui
2034 4189 2073 4261 in

88 4321 132 4367 rm
148 4295 301 4366 audiunt
319 4292 406 4381 legis
424 4288 643 4359 mentionem
663 4287 759 4372 lieri,
785 4282 879 4355 nihil
902 4284 1036 4356 intelli·
1086 4284 1231 4363 Christo
1257 4290 1353 4375 lesu,
1391 4313 1466 4358 non
1492 4277 1687 4358 secundum
1710 4313 1851 4361 carnem
1875 4292 2072 4377 ambulant,
2190 4318 2196 4326 ·

87 4415 157 4484 mt,
184 4397 252 4466 nisi
270 4395 424 4490 politica.
474 4389 565 4463 Cum
580 4391 783 4489 disputant,
802 4386 933 4459 Utrum
956 4408 1037 4478 pos·
1087 4394 1356 4464 sedsecundum
1372 4391 1548 4484 spiritum.
1598 4387 1682 4459 Dixi
1700 4413 1805 4484 supra
1826 4394 1974 4484 gratiam
1997 4396 2069 4465 duo

88 4501 156 4571 lsile
179 4501 226 4570 sit
250 4512 398 4569 naturae
418 4494 555 4565 viribus
581 4493 694 4582 legem
725 4491 859 4580 iacere,
899 4502 1038 4562 tanturn
1089 4493 1294 4585 complecti,
1326 4492 1568 4565 remissionem
1601 4505 1840 4585 peccatorum,
1880 4519 1942 4565 seu
1971 4496 2073 4565 lavo-

88 4602 234 4674 smniant
248 4599 371 4695 quaeri
388 4599 432 4668 de
446 4597 563 4682 turso,
587 4596 633 4664 de
648 4594 766 4675 caede,
791 4594 835 4663 de
848 4592 1037 4664 adulterio.
1089 4618 1165 4666 rem
1187 4592 1272 4682 Dei,
1311 4608 1346 4666 et
1372 4592 1601 4665 donationem
1626 4590 1781 4687 Spiritus
1809 4598 1933 4673 sancti.
2006 4595 2076 4669 Hic

88 4706 196 4777 rimae
217 4702 359 4774 tabulae
372 4720 555 4793 nunqnam
570 4696 669 4768 venit
687 4695 728 4766 in
747 4708 915 4770 mentem.
967 4692 1036 4765 Sed
1090 4698 1200 4788 igitur
1222 4696 1405 4787 coniungit
1425 4691 1513 4766 haec
1535 4696 1607 4766 duo
1632 4693 1776 4768 Paulus.
1835 4696 1997 4769 Primum
2020 4698 2071 4769 ait

88 4821 165 4881 stoc
181 4802 406 4880 Christianus
434 4801 539 4887 sciat,
582 4798 731 4870 Paulum
754 4821 830 4868 non
859 4797 1041 4889 disputare
1092 4823 1167 4870 non
1189 4822 1263 4870 esse
1283 4798 1629 4870 condemnationem.
1686 4796 1768 4869 Non
1792 4799 1897 4887 dicit,
1928 4825 2002 4872 non
2026 4815 2078 4873 est

88 4908 324 5003 icdepolitia.
366 4904 449 4975 Alia
465 4925 522 4973 res
538 4902 672 4993 agitur,
699 4899 862 4970 videlicet
876 4901 920 4969 de
937 4898 1040 4969 iusti·
1092 4912 1298 4995 peecatum,
1341 4900 1513 4991 significat
1543 4899 1639 4968 enim
1677 4902 1797 4974 adesse
1828 4916 2008 4994 peccatum
2039 4902 2077 4971 in

88 5035 108 5083 ‚s
128 5034 248 5084 coram
273 5007 361 5081 Deo.
426 5004 481 5078 De
502 5005 617 5099 prima
640 5002 762 5075 tabula
783 5002 969 5095 praecipua
992 5012 1044 5072 est
1094 5002 1238 5090 sanctis,
1271 5003 1329 5073 sed
1360 5002 1491 5074 remitti
1520 5015 1664 5094 propter
1690 5004 1794 5075 lidem
1826 5006 1864 5072 in
1886 4998 2079 5077 Christum.

88 5116 236 5204 uacatio,
264 5126 297 5183 et
320 5114 366 5182 de
387 5108 545 5179 motibus
561 5103 680 5177 cordis
697 5126 778 5194 erga
792 5106 917 5177 Deum.
968 5100 1043 5173 Pu·
1096 5102 1279 5190 Secundo,
1304 5105 1342 5173 id
1366 5117 1545 5197 peccatum
1561 5104 1666 5174 etiam
1684 5107 1778 5176 vinci
1795 5104 1932 5198 Spiritu
1947 5118 2081 5192 sancto,

88 5231 136 5289 eat
164 5212 347 5298 homiues,
384 5212 446 5306 qui
468 5205 666 5280 Christiani
700 5207 773 5277 dici
802 5204 956 5288 volunt,
994 5204 1044 5273 sic
1095 5205 1158 5300 qui
1179 5209 1333 5278 donatur
1350 5206 1587 5281 credentibus.

88 5319 220 5392 llisisei
244 5314 424 5404 decalogi,
448 5325 488 5382 ut
511 5335 590 5382 cum
613 5311 659 5378 de
682 5306 820 5378 iusticia
834 5304 903 5377 Dei
921 5305 1046 5398 dispu-
1201 5308 1371 5403 Sequitur
1392 5332 1453 5378 seu
1477 5306 1589 5393 ratio,
1612 5329 1674 5377 seu
1696 5308 1864 5404 expolitio
1889 5309 2082 5404 propsigio.

88 5437 153 5506 int,
184 5414 281 5490 nihil
306 5417 508 5511 requirant,
549 5411 620 5482 nisi
655 5410 846 5482 secundam
876 5407 1047 5495 tabulam,
1098 5411 1174 5501 nis,
1199 5412 1245 5483 de
1263 5408 1390 5484 ellectu
1406 5408 1562 5505 Spiritus
1576 5411 1699 5487 sancti.

107 5524 296 5598 Mssssrss.
326 5525 429 5595 Orsa.
453 5520 536 5584 Vos..
566 5517 643 5583 XV.
1559 5510 1612 5583 ω

134 5716 143 5727 ,
243 5684 260 5719 Ι
