4522 5782
106 192 198 293 tir.

107 416 169 467 sus
189 391 357 464 fanaticas
377 391 585 485 opiniones,
620 412 706 484 qtrss
731 389 815 462 serit
837 390 1021 477 diabolus,
1055 404 1094 462 ut

110 494 342 586 Evangelium
358 497 481 565 reddat
500 494 674 576 invisum,
702 505 737 562 et
762 507 801 563 ut
824 494 980 566 excitatis
1002 494 1094 565 sedi-

112 598 429 688 tionibusdissipet
446 593 620 667 Ecclesiae
638 609 671 664 et
688 597 913 686 respublicas.¹

215 767 390 839 Doctrina
407 760 611 836 Christiana
636 761 703 835 hoc
724 766 870 836 nomine
892 766 960 837 fuit
984 765 1097 835 invisa

112 872 251 961 magnis
268 869 353 938 viris
379 870 471 938 inter
486 863 676 953 Ethuicos,
710 871 806 962 quod
836 869 990 938 vindicta
1014 893 1098 960 pro-

114 970 227 1044 hibita
253 971 459 1041 iudicabant
482 970 704 1058 magistratus
728 984 761 1041 et
781 970 912 1040 iudicia
935 995 953 1038 e
976 973 1098 1062 repub.

114 1075 215 1156 tolli,
249 1073 496 1163 impunitatem
523 1071 695 1164 improbis
720 1086 755 1142 ct
778 1072 987 1142 facinorosis
1014 1097 1100 1143 cors-

115 1177 213 1255 cedi,
236 1190 270 1245 et
287 1175 427 1244 vincula
444 1174 537 1265 pacis
553 1188 586 1243 et
600 1173 715 1243 civilis
734 1175 911 1245 societatis
934 1174 1101 1244 rescindi.

7 1283 10 1289 ’
116 1280 173 1348 Ad
195 1273 280 1346 haec
295 1278 466 1369 putabant
486 1276 525 1344 in
539 1271 735 1366 Evangelio
754 1276 970 1346 Platonicam
988 1302 1097 1369 quan-

115 1385 198 1451 dam
212 1376 568 1449 communicationem
589 1378 793 1448 facultatum
836 1379 985 1470 raecipi,
1011 1402 1101 1473 quae

115 1503 293 1574 prorsusa
309 1494 435 1551 natma
452 1474 602 1564 humani
614 1479 753 1568 generis
768 1404 946 1551 abhorret.

216 1652 286 1722 Hic
315 1652 428 1720 nostri
453 1652 616 1721 laborant
643 1652 681 1721 in
711 1654 938 1724 confutando.
1003 1650 1104 1724 Non-

117 1756 211 1825 nulli
228 1757 442 1847 respondent
458 1748 543 1822 haec
561 1768 743 1845 praecepta
754 1758 796 1825 ad
809 1757 980 1846 perfectos
996 1756 1104 1847 perti·

116 1883 221 1941 nere,
254 1882 298 1926 ne
324 1857 515 1925 vindictam
538 1871 745 1939 exerceant,
780 1873 818 1928 ut
843 1861 1105 1928 communicent

116 1960 320 2041 facultates,
344 1959 484 2047 lingunt
507 1957 675 2042 circulos,
700 1959 789 2027 alios
805 1960 1105 2050 imperfectorum,

116 2063 208 2131 alios
230 2061 484 2150 perfectorum,
511 2061 571 2129 sed
595 2055 681 2129 hacc
705 2085 780 2130 non
804 2063 1022 2133 satisfaciunt
1044 2064 1105 2130 ad·

119 2164 293 2232 versariis.
358 2157 407 2231 Et
435 2163 548 2230 donec
579 2156 698 2231 haeret
727 2163 765 2231 in
790 2161 945 2233 Ecclesia
972 2164 1107 2257 opinio,

116 2267 213 2356 quod
238 2264 403 2355 perfectio
426 2262 473 2332 sit
493 2262 531 2331 in
555 2257 761 2333 huiusmodi
785 2267 973 2354 operibus,
1011 2290 1107 2334 nun-

7 2380 11 2387 ’
117 2391 224 2458 qssam
241 2370 337 2436 deest
355 2364 500 2434 materia
514 2364 745 2440 tumultuum.
777 2360 1000 2438 Exoriuntur
1012 2368 1107 2437 enim

118 2469 262 2538 fanatici
289 2463 476 2548 homines,
518 2466 581 2558 qui
600 2467 805 2554 improbant
839 2471 1106 2558 magistratuum

119 2571 296 2662 officium,
337 2567 399 2658 qui
425 2568 596 2638 damnant
624 2568 766 2638 civilem
798 2570 891 2640 vitae
920 2586 1109 2642 consuetu·

120 2672 255 2744 dinem.
328 2668 435 2739 Tales
466 2669 653 2759 opiniones
682 2694 820 2762 sparsae
847 2673 885 2741 in
913 2672 1110 2762 imperitos,

118 2776 314 2846 multorum
346 2771 579 2842 conscientias
607 2775 836 2865 perturbant,
878 2788 912 2847 ct
937 2776 1110 2846 maximos

119 2891 240 2949 motus
252 2875 357 2946 cient.

224 3045 343 3134 Quare
359 3041 445 3114 utile
462 3037 594 3114 cathos
615 3067 750 3115 errores
775 3046 944 3117 radicitus
966 3073 1008 3117 ex
1031 3048 1110 3118 ani-

121 3147 190 3217 mis
213 3142 399 3218 hominum
426 3147 586 3219 evellere.
639 3145 677 3215 ld
701 3148 747 3216 ita
771 3150 850 3233 fiet,
873 3150 902 3217 si
926 3164 1020 3220 recte
1044 3153 1110 3219 do·

122 3266 269 3320 ceantur
283 3245 447 3318 homines
471 3249 516 3316 de
534 3248 670 3317 iusticia
695 3249 796 3334 fidei,
824 3253 919 3342 quod
943 3254 1110 3342 perfectio

125 3352 260 3421 nonsit
284 3352 322 3419 in
346 3350 499 3419 externis
520 3351 612 3418 vitae
633 3351 959 3432 observationibus,
986 3356 1045 3423 sed
1073 3355 1109 3422 in

124 3456 252 3522 timore
286 3452 443 3532 aclide,
480 3454 576 3541 quod
608 3451 710 3519 liceat
733 3453 770 3518 in
793 3472 935 3533 externa
959 3480 1109 3524 consue·

123 3554 250 3626 tudine
275 3554 366 3621 vitae
388 3552 439 3620 uti
464 3553 631 3621 aturribus
661 3553 825 3621 civilibus
854 3558 976 3639 rebus,
1016 3559 1110 3627 sicut

125 3657 332 3739 victuaiiret
360 3667 393 3722 et
415 3654 590 3721 similibus
612 3655 718 3723 rebus
744 3657 984 3741 naturalibus,
1012 3663 1106 3751 quod

121 3754 287 3829 Christus
302 3754 476 3826 iusticiam
493 3769 669 3824 aeternam
694 3759 828 3846 tradat,
856 3782 945 3851 quae
968 3764 1108 3829 contin-

122 3865 175 3951 git
192 3859 379 3952 perfidem.
432 3855 568 3926 interea
584 3880 657 3926 saon
681 3858 821 3931 aboleat
841 3860 958 3930 civilia
983 3863 1110 3947 officia,

123 3967 183 4032 sed
202 3961 350 4029 maxime
367 3961 492 4049 probet
507 3971 542 4028 ct
556 3959 713 4052 requirat
731 3984 790 4044 ea,
812 3975 845 4031 et
864 3963 949 4033 velit
965 3985 1030 4033 nos
1052 3988 1110 4033 re-

123 4067 246 4156 ligiose
266 4062 397 4133 servire
413 4060 566 4151 politicis
590 4062 886 4132 ordinationibus.
937 4061 1028 4134 Cum
1048 4090 1107 4135 co·

123 4168 312 4259 gnoverint
336 4160 516 4247 homines,
549 4162 636 4254 quid
659 4162 704 4232 sit
727 4186 874 4252 regnum
898 4160 1049 4251 Christi,
1076 4182 1108 4236 et

81 4275 87 4285 '
123 4270 211 4363 quid
235 4268 372 4335 intersit
404 4267 498 4336 iuter
528 4286 677 4353 regnum
699 4260 856 4350 Christi,
898 4281 932 4336 ct
961 4292 1107 4357 regnum

124 4369 250 4441 mundi
265 4390 325 4438 seu
341 4363 545 4451 πολιτείαν,
572 4380 605 4437 ει
629 4368 724 4459 quod
750 4362 985 4457 Evangelium
1011 4394 1108 4439 seve-

123 4473 262 4545 rissime
285 4471 495 4562 praecipiat,
535 4482 574 4539 ut
600 4464 714 4539 honos
741 4463 912 4541 habeatur
938 4474 1111 4563 potestati,

123 4591 164 4647 ut
187 4596 228 4643 ex
254 4574 374 4641 animo
395 4587 431 4642 et
455 4594 534 4640 cum
561 4571 690 4642 timore
714 4569 780 4641 Dei
815 4574 1109 4665 obtemperemus,

123 4703 163 4750 ca
188 4699 243 4745 res
262 4674 458 4766 plurimum
482 4673 526 4740 ad
545 4674 766 4743 retinendam
784 4676 961 4766 publicam
977 4700 1110 4768 pacem,

124 4786 161 4851 et'
176 4776 382 4867 dignitatem
397 4775 663 4864 magistratuum
675 4776 859 4866 profuerit.
895 4775 1008 4848 Porro
1023 4774 1110 4849 haec

125 4880 307 4973 Epistulae
322 4877 427 4947 Pauli
447 4878 588 4967 copiose
603 4900 669 4946 nos
685 4880 729 4946 de
744 4892 896 4973 utroque
914 4902 1022 4970 reguo
1044 4884 1109 4950 do-

124 5001 197 5063 cet,
227 4981 308 5076 quit
328 4981 372 5049 sit
395 5000 541 5068 regnum
564 4972 719 5061 Christi,
750 4992 787 5048 et
810 4981 895 5072 quid
919 4983 964 5052 de
986 4982 1109 5074 politia

124 5084 349 5158 sentiendum
364 5083 420 5152 sit.
474 5081 527 5152 Ac
544 5081 653 5171 possit
667 5078 798 5171 aliquis
812 5075 881 5150 hoc
902 5086 1010 5154 modo
1028 5106 1110 5176 par·

123 5189 184 5260 tiri
207 5184 424 5276 Epistulam,
458 5183 555 5278 quod
575 5182 614 5249 in
638 5180 755 5271 priore
779 5194 877 5271 parte
899 5185 1024 5257 doceat
1044 5210 1110 5257 nos

125 5294 170 5358 de
187 5312 296 5374 regno
314 5284 468 5368 Christi,
493 5285 532 5353 in
547 5281 741 5375 posteriore
763 5284 886 5355 doceat
908 5286 953 5354 de
975 5287 1110 5378 politia.

120 5387 225 5464 Olim
241 5402 391 5483 uterque
406 5389 507 5460 locus
529 5385 570 5457 iu
593 5384 755 5457 doctrina
769 5378 1032 5493 monachasim
1055 5388 1110 5461 is.

689 210 820 293 auu.
844 186 964 291 ulan.
991 212 1204 291 scatere
1226 208 1529 293 maurice.
1602 246 1628 259 ·-

2060 196 2134 297 its

1151 389 1224 460 cuit
1238 389 1389 461 obrutus
1404 390 1592 483 plusquam
1605 368 1809 462 Cimmeriis
1824 390 1992 466 tenebris.
2034 389 2139 497 Nunc

1150 491 1217 562 Dei
1233 493 1403 562 beneficio
1419 494 1547 563 iterum
1568 493 1730 584 patefacti
1747 507 1782 564 et
1796 494 1966 565 illustrati
1980 506 2077 566 suut.

1247 627 1426 716 Quorsum
1441 641 1557 697 autem
1575 628 1774 720 pertineant
1787 628 1979 701 sententiae
1996 632 2043 701 de
2058 628 2138 701 viu·

1154 730 1257 810 dicta,
1279 753 1381 822 saepe
1395 730 1480 798 alias
1498 729 1664 800 diximus.
1706 728 1862 800 Maxime
1878 733 1973 801 enlm
1989 734 2034 803 ad
2055 757 2138 803 con·
2162 812 2168 821 ,

1152 833 1344 901 fumandos
1359 832 1583 921 magistratus
1597 834 1726 905 valent.
1778 831 1904 904 Toties
1917 834 2023 905 idem
2041 858 2139 928 repe-

1153 936 1195 1004 tit
1210 929 1391 1017 Christus,
1415 948 1455 1004 ut
1479 934 1615 1005 discant
1636 934 1803 1026 discipuli
1819 960 1894 1005 nou
1909 960 1983 1006 csse
2000 937 2139 1007 violan-

1153 1039 1217 1105 dos
1239 1034 1473 1125 magistratus.
1526 1030 1698 1106 Prohibet
1722 1037 1818 1106 enim
1840 1038 1913 1108 illis
1934 1038 2140 1126 vindictam,

1154 1138 1215 1231 qui
1240 1160 1313 1206 non
1333 1150 1416 1208 sunt
1438 1137 1477 1206 in
1499 1138 1725 1228 magistratu,
1756 1140 1890 1233 quique
1912 1142 2139 1213 somniabant

1157 1264 1289 1309 novum
1308 1262 1456 1329 regnum
1472 1240 1611 1309 mundi.
1660 1238 1763 1312 Sicut
1785 1238 1902 1314 adhuc
1918 1241 2044 1315 ludaei
2063 1266 2139 1337 spe·

1154 1356 1236 1413 rant
1265 1364 1300 1410 se
1334 1341 1484 1433 imperio
1512 1342 1610 1412 orbis
1641 1355 1816 1414 terrarum
1849 1346 2027 1437 potituros
2059 1368 2139 1422 esse.

1156 1442 1262 1514 Hunc
1280 1466 1436 1513 errorem
1458 1442 1571 1514 voluit
1586 1439 1750 1515 Christus
1773 1445 2137 1543 eximerediscipulis.

1157 1568 1265 1639 quare
1289 1544 1391 1615 toties
1416 1558 1510 1616 vetat
1529 1546 1662 1617 ulcisci.
1724 1546 1794 1618 Sed
1815 1551 1859 1618 de
1881 1545 1938 1620 his
1958 1552 2137 1625 sententiis
2174 1558 2176 1613 ἱ

1157 1648 1243 1718 alibi
1269 1647 1436 1721 diximus.
1502 1646 1626 1742 ltaque
1656 1672 1736 1719 cum
1768 1653 2032 1741 magistratum,
2064 1677 2141 1725 cum.
2174 1658 2176 1703 ἕ

1156 1750 1286 1835 fasces,
1324 1774 1404 1818 cum
1430 1751 1572 1842 imperii
1595 1750 1693 1841 sigua
1718 1752 1894 1840 intueris,
1935 1781 2018 1826 cum
2046 1756 2138 1828 audis
2174 1750 2176 1793 ³

1159 1853 1249 1942 leges
1270 1853 1437 1937 recitare,
1465 1874 1546 1922 cum
1569 1853 1667 1923 vides
1690 1857 1843 1925 exerceri
1866 1857 2060 1945 iudicium,
2081 1872 2136 1930 sut
2172 1858 2176 1925 ἕ

1159 1954 1233 2043 lege
1250 1948 1414 2023 homines
1430 1955 1574 2025 interae
1591 1951 1810 2045 contrahere,
1837 1963 2045 2033 memineris
2059 1956 2135 2033 haec
2170 1946 2176 1999 ³

1159 2079 1232 2125 esse
1247 2052 1313 2125 Dei
1328 2057 1611 2140 ordinationem,
1639 2080 1745 2152 quam
1773 2063 1841 2132 nisi
1864 2062 1977 2135 aDeo
2001 2088 2136 2136 conser-
2171 2060 2176 2109 ⁵

1160 2172 1319 2239 vacetur,
1352 2182 1425 2228 uon
1448 2173 1566 2258 posset
1592 2161 1782 2232 consistere
1811 2168 1982 2236 adversus
2011 2166 2135 2239 diaboli
2174 2162 2176 2167 ⁴

1160 2262 1359 2347 saevitiam,
1385 2264 1543 2355 quicum
1568 2260 1613 2334 sit
1636 2257 1833 2353 homicida,
1858 2269 2000 2340 assidue
2023 2270 2135 2341 incitat
2170 2262 2176 2341 ἕ

1161 2364 1343 2453 improbos
1375 2366 1420 2433 ad
1455 2366 1731 2456 perturbandam
1771 2363 1862 2441 banc
1896 2372 2136 2465 pulcerrimum
2168 2354 2176 2411 ἒ

1162 2461 1385 2535 harmoniam
1402 2462 1551 2537 humaui
1565 2467 1715 2557 generis.
1767 2467 1890 2566 ltaque
1913 2496 1997 2565 agas
2019 2474 2137 2566 gratias
2170 2494 2174 2533 ῑ

1161 2564 1257 2648 Deo,
1284 2569 1347 2661 qui
1369 2581 1408 2639 ut
1431 2582 1642 2661 perpetuum
1662 2570 1747 2641 solis
1770 2596 1935 2661 cursum,
1974 2577 2024 2650 its
2046 2582 2136 2651 nota·
2170 2572 2176 2609 ³

1160 2664 1286 2754 τείαν,
1318 2670 1518 2756 ordinavit,
1552 2685 1586 2741 et
1609 2694 1688 2742 ores
1711 2687 1751 2745 ut
1771 2677 2068 2774 tranquillitatem
2088 2704 2136 2752 re·
2170 2672 2176 2733 ³

1161 2774 1288 2850 tinent,
1328 2788 1363 2843 et
1383 2775 1557 2862 gubernet
1579 2774 1718 2844 animos
1737 2778 1959 2870 principum,
1991 2797 2032 2855 ut
2054 2797 2135 2854 recte

1161 2889 1196 2943 et
1214 2875 1365 2944 feliciter
1380 2876 1566 2966 imperent.
1617 2874 1827 2970 siquiden
1846 2883 1924 2952 vitii
1948 2885 1987 2954 in
2013 2884 2136 2977 princi·
2170 2884 2176 2943 ῗ

1164 2977 1287 3067 pibus,
1324 3000 1391 3047 nos
1413 3000 1635 3062 accusemus,
1668 2980 1729 3073 qui
1753 3003 1833 3051 cum
1856 2982 1933 3055 Deo
1954 2987 2066 3059 simus
2086 2988 2137 3057 in·

1162 3079 1271 3168 grati,
1297 3094 1331 3149 et
1346 3094 1524 3150 contemto
1540 3080 1745 3169 magistratu
1760 3077 1827 3154 hoc
1843 3087 2053 3160 beneficium
2068 3114 2136 3162 cor·

1163 3204 1389 3272 rumpamus,
1419 3205 1492 3251 non
1515 3205 1638 3252 sumus
1660 3183 1760 3274 digni
1784 3188 1913 3279 quibus
1936 3192 2138 3283 contigerint

1163 3284 1324 3353 utiliores
1358 3285 1545 3374 principes.
1611 3281 1703 3355 Nam
1738 3292 1833 3380 quod
1860 3290 1971 3364 Poeta
2012 3296 2136 3394 iuquit:

1164 3383 1345 3479 Quicquid
1363 3386 1515 3458 delirant
1530 3408 1647 3477 reges,
1672 3389 1875 3480 plectuntur
1888 3390 2039 3483 Achivi,
2067 3422 2137 3471 vere
2164 3390 2176 3473 s'

1162 3489 1384 3559 dictumest:
1411 3492 1471 3558 sed
1493 3490 1584 3559 illud
1606 3503 1658 3559 cst
1680 3491 1818 3577 verius,
1843 3496 2023 3591 principes
2046 3524 2137 3597 saepe
2167 3528 2176 3569 .·

1163 3589 1272 3679 affligi
1289 3605 1433 3684 propter
1446 3605 1566 3665 nostra
1587 3606 1738 3685 peccata.
1773 3660 1775 3665 ,
2172 3588 2176 3599 '

1266 3723 1401 3797 Verum
1430 3729 1525 3799 dicat
1552 3728 1699 3822 aliquis:
1741 3727 1832 3801 Cum
1862 3737 1987 3826 probat
2017 3740 2137 3814 Paulus

1161 3827 1319 3915 gentium
1344 3830 1501 3921 politius,
1526 3845 1690 3902 uteturne
1704 3827 1929 3918 Christianus
1951 3843 2058 3913 etiam
2074 3845 2139 3916 Mi·

1162 3931 1330 4015 lesiorum
1346 3946 1407 4003 aut
1423 3932 1667 4026 Sybaritarum
1685 3935 1841 4023 legibus,
1871 3942 1916 4010 de
1933 3946 2138 4032 prostituen-

1162 4033 1217 4100 dis
1232 4033 1333 4101 novis
1344 4035 1464 4123 nuptis
1479 4049 1544 4107 etc.
1574 4034 1821 4108 ViditPaulus
1837 4037 1903 4112 hoc
1917 4046 2028 4117 obiici
2038 4074 2137 4141 posse,

1163 4148 1345 4224 propterea
1362 4138 1467 4205 etiam
1484 4138 1623 4208 addidit
1645 4138 1689 4207 de
1711 4139 1828 4211 officio
1848 4146 2090 4239 magistratus,
2112 4167 2139 4223 et

1161 4240 1206 4305 de
1234 4238 1386 4327 legibus,
1409 4240 1533 4332 qssales
1555 4263 1629 4310 esse
1650 4243 1814 4317 debeant.
1871 4244 2014 4321 Debent
2035 4271 2139 4325 auten

1161 4340 1296 4407 bouum
1328 4363 1418 4438 opus
1443 4335 1579 4412 honore
1602 4343 1765 4428 afficere,
1800 4361 1836 4417 et
1860 4350 1988 4437 punire
2009 4354 2137 4447 flagitia

1162 4439 1265 4528 Quae
1285 4464 1369 4510 vero
1391 4444 1462 4513 sint
1483 4443 1578 4514 bona
1603 4468 1728 4535 opera,
1753 4447 1809 4517 lex
1831 4464 1979 4522 naturae
2001 4457 2136 4530 iudicat:

1162 4539 1257 4630 Ergo
1271 4546 1434 4614 concedit
1449 4544 1597 4631 Paulus,
1620 4560 1662 4616 ut
1675 4550 1834 4636 gentium
1849 4552 1986 4641 legibus
2000 4574 2138 4643 utamur,

1162 4661 1356 4735 quaesunt
1379 4663 1635 4718 consentaneae
1654 4649 1796 4720 rationi.
1854 4652 2029 4731 &clusio
2054 4665 2138 4733 ordi·

1162 4747 1318 4916 nattlionis
1339 4749 1483 4818 divinae
1505 4765 1581 4836 cst,
1614 4752 1764 4843 probare
1789 4755 2012 4832 manifestam
2038 4766 2138 4857 turpi·

1161 4861 1200 4918 tu
1231 4871 1337 4924 tuem,

1264 4983 1334 5056 Sed
1362 5007 1435 5057 nou
1459 4999 1512 5058 est
1530 4982 1635 5059 huius
1659 4989 1812 5062 instituti
1833 4994 2008 5087 explicare
2030 5006 2140 5099 singu·

1162 5084 1215 5154 las
1233 5086 1422 5177 particulas
1438 5103 1568 5170 textus,
1594 5107 1678 5162 sunt
1692 5093 1788 5163 enim
1803 5096 2017 5181 uberrimae,
2055 5106 2142 5180 Con.

1163 5186 1275 5258 clusio
1299 5190 1394 5281 apud
1418 5188 1570 5263 Paulum
1595 5206 1658 5267 est.
1719 5192 1805 5266 ideo
1826 5221 1966 5271 necesse
1988 5222 2041 5279 est
2062 5214 2143 5282 obe-

1163 5288 1258 5375 dire,
1283 5314 1357 5361 nou
1373 5304 1512 5364 tantum
1532 5308 1677 5387 propter
1691 5295 1800 5383 iram,
1827 5304 1886 5370 sed
1904 5321 2051 5398 propter
2062 5336 2145 5385 con.

1162 5391 1366 5482 scientiam,
1391 5388 1460 5466 hoc
1484 5410 1555 5482 est,
1587 5412 1627 5471 ut
1650 5398 1807 5472 breviter
1826 5403 1965 5491 dicam,
1997 5412 2030 5483 si
2051 5430 2147 5509 potes
