4522 5782
57 190 163 313 rei
434 196 536 307 'xta
585 194 1414 310 auxnaxuorbdvauo.roxnu1s
1471 212 1577 312 cxc.
1602 230 1689 308 vu.
1756 232 1762 253 ’
2023 238 2097 312 1eo

57 412 212 494 ratione,
247 410 305 482 vel
337 432 380 481 cx
401 409 564 481 doctrina
586 408 674 499 legis
703 408 864 481 iudicant
888 406 934 476 de
957 400 1049 492 Deo,
1104 406 1308 477 testimonia
1330 406 1472 491 divina,
1508 408 1568 477 sed
1592 408 1760 479 mandato
1778 423 1812 481 et
1831 407 2018 485 autoritate
2032 438 2095 506 pa·

56 538 193 585 necesse
209 526 264 585 est
287 512 534 603 multipliciter
554 510 731 603 implicari
758 510 913 581 tenebris
937 520 971 578 et
994 531 1051 577 er·
1106 509 1170 579 tris
1187 511 1317 599 fungor
1334 504 1402 579 boc
1418 534 1585 594 munere,
1616 524 1658 581 ut
1679 512 1788 583 verbo
1810 537 1955 607 arguam
1980 530 2014 587 et
2039 518 2095 585 iu·

55 612 217 699 entibus„
263 614 450 685 Autenim
473 636 614 684 securae
637 625 747 684 ruunt
768 615 807 681 in
828 608 1050 681 manifestam
1102 611 1216 702 dicem
1240 634 1382 692 omnes,
1419 612 1481 705 qui
1504 636 1576 682 non
1600 614 1748 699 credunt
1769 611 1985 706 Evangelio,
2010 613 2095 689 huie

55 710 311 815 profanitatem
327 728 361 787 et
380 718 518 786 furores
534 708 717 815 epicureos
726 766 738 807 ,
771 729 832 785 aut
847 714 876 783 si
888 712 1050 789 ¹retinent
1104 714 1213 783 verbo
1243 736 1384 783 necesse
1417 726 1469 783 est
1492 714 1618 783 subiici
1643 739 1766 784 omnes
1790 713 1972 805 homines,
2003 721 2095 791 sicut

58 822 258 891 doctrinam
275 820 381 908 legis,
415 818 594 887 somniant
617 840 653 887 se
675 818 785 911 iustos
810 810 1051 909 qualicunque
1102 815 1189 885 alibi
1217 815 1284 886 ait:
1332 813 1487 905 Spiritus
1513 830 1654 887 sanctus
1687 833 1809 907 arguet
1841 825 2016 892 mundum
2048 824 2093 891 de

58 924 288 993 simulatione
304 920 525 991 obedientiae
542 944 621 1009 erga
645 920 767 1009 legem.
818 916 942 987 Postea
969 938 1050 985 cum
1074 876 1078 1055 ἓ
1102 929 1262 1009 peccato,
1289 917 1461 1010 quianon
1485 920 1634 989 credunt
1654 919 1693 987 in
1718 945 1784 990 rne.
1837 920 1957 1010 Quare
1980 925 2093 994 nolite

57 1028 223 1121 incidunt
246 1025 286 1093 in
316 1038 485 1101 terrores,
519 1046 593 1091 eron
607 1033 765 1117 ppossunt
787 1018 955 1107 eluctari,
988 1020 1049 1085 sed
1075 1060 1078 1083 ι
1101 1020 1272 1109 cogitare,
1297 1042 1361 1087 vos
1383 1019 1530 1110 impune
1553 1020 1688 1091 laturus
1713 1045 1787 1093 esse
1812 1018 1908 1093 hunc
1933 1039 2093 1094 contem-

56 1128 314 1219 upprimuntur
328 1123 572 1215 dubitatione,
598 1146 688 1217 quae
712 1122 815 1192 affert
829 1122 905 1205 ‚alia
929 1114 1048 1187 burri·
1102 1137 1198 1204 tum,
1224 1135 1286 1192 aut
1299 1144 1393 1190 meas
1409 1122 1595 1191 conciones
1612 1122 1730 1193 irritas
1745 1126 1840 1215 sore,
1865 1128 1936 1194 iam
1956 1129 2024 1198 lata
2040 1141 2094 1197 est

55 1230 136 1301 bilia
167 1242 332 1319 peccata,
365 1226 665 1316 desperationem,
690 1226 815 1295 odium
838 1218 926 1305 Dei,
957 1222 1050 1289 blas·
1102 1223 1295 1313 sententia,
1335 1236 1370 1292 et
1400 1248 1478 1293 meo
1508 1224 1707 1295 ministerio
1736 1230 2021 1317 promulgabitur
2053 1231 2093 1297 in

51 1326 231 1423 phemius.
283 1326 448 1423 Denique
463 1341 558 1397 extra
581 1321 649 1396 hoc
663 1328 812 1396 verbum
836 1349 910 1395 non
937 1337 1050 1413 potest
1073 1272 1078 1425 l
1101 1324 1307 1395 universum
1337 1325 1480 1409 orbem,
1521 1350 1611 1418 quae
1641 1328 1854 1417 pronunciat
1884 1330 2035 1399 iudicari
2059 1343 2094 1400 et

56 1432 203 1509 existere
225 1455 309 1501 vera
330 1431 391 1501 lux
415 1443 450 1500 et
472 1430 602 1499 noticia
617 1428 704 1513 Dei,
730 1452 795 1497 nec
814 1450 973 1519 unquam
992 1426 1049 1493 in-
1102 1428 1265 1496 damnari
1281 1424 1384 1496 aDeo
1399 1451 1532 1511 omnes,
1558 1428 1619 1519 qui
1637 1452 1711 1497 nun
1727 1431 1876 1501 credunt
1894 1427 1977 1501 huic
1996 1456 2093 1501 meae

54 1535 243 1624 telligunt,
283 1546 345 1603 aut
373 1533 603 1625 experiuntur
627 1554 745 1599 veram
770 1528 1048 1599 consolationem
1073 1532 1077 1589 ἕ
1103 1527 1201 1612 voci,
1236 1551 1300 1597 nec
1324 1530 1481 1617 proderit
1503 1530 1605 1599 vobis
1625 1530 1808 1618 gloriatio,
1842 1534 1943 1604 cuius
1964 1534 2093 1603 fiducia

54 1638 91 1705 in
104 1636 326 1720 terroribus,
352 1647 386 1705 et
410 1656 511 1703 veros
534 1647 651 1703 motus
675 1632 891 1723 spirituales,
914 1626 1048 1709 nisibi,
1102 1654 1159 1699 me
1181 1630 1452 1721 persequimini,
1487 1632 1583 1723 quod
1606 1632 1683 1701 sitis
1705 1635 1856 1724 populus
1881 1634 1965 1718 Dei,
1995 1638 2092 1727 quod

52 1739 114 1833 qui
131 1734 230 1807 banc
244 1760 366 1807 vocem
381 1733 566 1825 Evangelii
582 1735 754 1827 prolatam
771 1734 878 1803 aldio
896 1730 963 1803 Dei
980 1730 1048 1800 fide
1072 1740 1076 1749 '
1101 1732 1177 1801 sitis
1195 1733 1316 1803 donati
1333 1733 1532 1823 praecipuis
1545 1734 1725 1803 beneficiis
1741 1735 2005 1822 miraculorum,
2029 1740 2093 1806 da-

52 1840 249 1931 accipiunt.
311 1836 432 1926 Quare
462 1837 590 1929 passim
619 1850 740 1906 monet
771 1835 963 1927 scriptura,
1004 1858 1049 1907 ne
1072 1884 1075 1897 .
1102 1848 1158 1903 tae
1174 1834 1278 1922 legis,
1304 1834 1599 1923 promissionum,
1625 1837 1832 1922 sacerdotii,
1860 1839 2001 1929 templi,
2029 1852 2092 1910 etc.

52 1942 215 2012 sinamus
236 1965 301 2010 nos
319 1939 482 2009 abducia
502 1941 611 2008 verbo
635 1938 776 2008 insidiis
800 1936 955 2018 diaboli,
989 1951 1048 2007 aut
1072 1924 1076 2001 !

52 2044 134 2115 aliis
149 2042 370 2141 praestigiis,
396 2065 486 2134 quae
503 2040 611 2139 obiici
635 2052 799 2131 possunt,
826 2052 866 2108 ut
890 2038 1048 2107 currfida-

51 2168 134 2215 mus
147 2140 307 2214 humana
329 2142 501 2235 sapientia
541 2156 601 2213 aut
622 2165 831 2235 quaeramus
847 2140 932 2209 alias
948 2164 1048 2209 arca-

52 2269 119 2316 nas
150 2246 387 2317 revelationes
417 2258 511 2313 extra
542 2246 710 2328 verbum,
751 2244 840 2313 sicut
871 2243 908 2309 in
939 2238 1075 2311 Deut.³

54 2348 293 2441 praecipitur:
330 2346 383 2416 Ne
405 2348 519 2431 dicas,
551 2346 630 2438 quis
653 2345 809 2414 ascendit
835 2346 871 2412 in
896 2344 1047 2421 coelum,

53 2474 170 2543 prope
186 2448 452 2535 estverbumjin
465 2472 526 2517 ore
540 2462 614 2517 tuo.
669 2446 777 2531 ltem,
799 2442 893 2515 Esai.
910 2448 961 2517 8.:
992 2442 1047 2513 Ad
1072 2482 1076 2519 ι

51 2554 170 2641 legem
192 2554 293 2622 etad
318 2550 579 2633 testimouium,
606 2552 702 2642 quod
730 2549 759 2616 si
787 2572 859 2615 nun
882 2546 1048 2624 dixerint,
1072 2524 1076 2601 l

54 2656 153 2724 iuxta
173 2654 321 2723 verbum
337 2646 419 2721 hoc:
446 2649 529 2720 Non
548 2652 614 2720 erit
630 2650 680 2719 eis
696 2651 867 2720 matutina
883 2650 953 2717 lux.
1000 2644 1049 2717 Et

54 2754 236 2826 Psalmus:
257 2753 419 2825 Lucerna
430 2755 578 2845 pedibus
590 2752 675 2821 meis
686 2753 833 2821 verbum
850 2765 961 2836 tuum,
972 2765 1042 2859 ¹etc.

124 2918 267 2997 Multa
284 2918 404 2993 habeo
420 2917 583 2992 devehis
600 2917 722 3018 lupui,
748 2927 779 2989 et
798 2915 974 2993 iudicare.

52 3078 56 3083 '
157 3056 269 3129 Brevi
302 3057 534 3148 responsione
570 3056 738 3127 refutavit
777 3056 1048 3125 contumeliosas

53 3152 343 3257 percontaliones
354 3156 638 3232 Pharisaeorum.
690 3155 819 3226 Fessus
841 3171 892 3226 est
913 3181 950 3225 se
974 3182 1048 3227 esse

53 3264 170 3335 filium
183 3260 272 3347 Dei,
298 3263 444 3332 missum
467 3285 486 3330 a
511 3273 628 3350 patre,
663 3257 759 3329 iuxta
784 3260 1048 3348 promissiones,

55 3366 234 3438 ecafferre
253 3365 451 3434 doctrinam
468 3361 671 3445 coelestem,
702 3375 735 3430 et
761 3363 908 3429 verbum
935 3364 1047 3431 tradi-

54 3483 132 3541 tum
147 3492 168 3537 a
185 3480 303 3558 patre,
320 3470 485 3558 ¹adeoque
500 3465 694 3555 patefacere
715 3457 807 3530 banc
828 3462 1046 3533 voluntatem

55 3568 143 3655 Dei,
169 3570 267 3663 quod
291 3591 365 3637 non
382 3580 528 3661 propter
552 3566 683 3655 legem,
718 3566 776 3633 sed
803 3577 938 3634 tantum
965 3590 1048 3656 pro-

56 3687 135 3764 pter
152 3665 250 3740 hune
267 3672 379 3739 lilium
396 3670 481 3739 velit
495 3667 629 3736 salvare
643 3668 836 3749 credentes,
863 3690 927 3735 nee
943 3668 1045 3736 aliter

56 3774 206 3844 liberari
223 3769 385 3842 homiues
400 3764 548 3841 amorte
570 3782 729 3853 aeterna,
756 3768 826 3836 nisi
848 3768 916 3836 lide
939 3763 1047 3838 hrains

58 3875 221 3959 domini,
251 3873 349 3944 missi
375 3875 420 3941 ab
444 3885 587 3941 aeterno
616 3884 732 3961 patre,
772 3884 812 3939 ut
843 3893 906 3960 per
930 3870 1046 3961 ipsum

57 3978 268 4067 colligatur,
293 3989 327 4046 et
342 3969 672 4055 salveturllcclesia
696 3995 792 4040 nrrnc
808 3972 935 4064 repetit
951 3997 1047 4042 com-

57 4080 308 4149 minationem:
342 4074 459 4147 Multa
491 4070 604 4144 babeo
626 4075 670 4141 de
690 4074 792 4142 vobis
813 4074 912 4165 loqui
935 4088 968 4144 et
991 4074 1048 4143 iu-

60 4182 201 4265 dicare,
227 4180 326 4272 quasi
344 4178 455 4249 dicat:
483 4172 560 4245 Etsi
577 4174 832 4245 convincimini
856 4176 1048 4244 manifestis

59 4283 273 4353 testimoniis
296 4302 394 4349 meae
417 4278 632 4357 vocationis,
665 4291 698 4346 et
719 4300 795 4345 mea
817 4275 928 4368 ipsius
950 4302 1046 4362 voce,

59 4408 128 4479 qua
157 4378 273 4476 probo
302 4406 360 4452 me
387 4382 533 4451 missum
564 4402 637 4471 esse
661 4403 680 4447 a
702 4391 818 4470 patre,
858 4391 892 4448 et
921 4380 1047 4449 afferre

57 4488 170 4579 ipsius
185 4488 333 4556 verbum
342 4536 355 4569 ,
383 4496 500 4553 tamen
516 4480 663 4551 scientes
680 4480 881 4570 repugnatis
896 4482 1048 4567 veritati,

58 4614 122 4660 nec
137 4588 248 4659 vultis
272 4590 431 4671 credere,
456 4599 489 4655 et
507 4584 652 4675 pergitis
671 4606 728 4650 me
746 4582 883 4667 odisse,
910 4599 942 4654 et
960 4608 1047 4653 cou-

54 4693 204 4763 'tutnelia
227 4689 375 4760 allicitis.
426 4684 560 4755 Verum
585 4679 670 4753 haec
685 4684 876 4754 obstinatio
893 4709 967 4754 rron
984 4686 1047 4754 de.

61 4793 206 4866 terrebit
225 4816 303 4876 me,
329 4814 401 4884 qtro
419 4788 537 4857 minus
554 4782 829 4878 pergam'facere
852 4811 969 4855 meum
991 4786 1047 4856 of-

61 4896 191 4969 licium.
253 4893 329 4962 lmo
351 4916 422 4985 quo
442 4890 553 4979 magis
577 4911 640 4957 vos
671 4888 979 4973 adversabimini,¹
1006 4915 1046 4958 eo

60 4999 168 5088 magis
184 5018 326 5089 pergam
341 4992 433 5065 tueri
459 5013 589 5060 munus
614 4983 703 5058 milri
727 4990 896 5058 traditum
912 5015 929 5058 a
948 5003 1047 5080 patre

61 5102 220 5185 coelesti,
257 5096 442 5174 videlicet,
482 5112 676 5185 propagare
706 5114 827 5159 vocem
849 5089 1047 5181 Evangelii,

61 5218 93 5273 ct
121 5225 285 5275 accusare
318 5212 354 5268 et
375 5198 544 5267 damnare
571 5192 854 5261 incredulitatem
887 5206 1073 5268 vestram.¹

61 5302 130 5379 Nec
144 5308 220 5398 ipse
234 5324 337 5373 sumo
351 5293 443 5367 mihi
463 5292 531 5367 hoe
555 5293 748 5383 iudicium,
776 5292 865 5363 sicut
881 5316 942 5362 vos
958 5294 1048 5364 iuste
1069 5269 1073 5343 l

63 5424 95 5482 et
110 5410 186 5481 sine
200 5426 304 5479 causa
322 5424 380 5472 me
402 5397 597 5485 damnatis,
622 5396 695 5467 imo
719 5407 842 5466 contra
864 5395 1074 5491 manifesta
1097 5397 1233 5489 prolata
1249 5408 1313 5475 est.

1102 1934 1178 2005 lmo
1203 1936 1285 2027 quia
1304 1936 1448 2025 pergitis
1474 1951 1595 2005 contra
1612 1933 1847 2025 Evangelium
1872 1941 2007 2026 lairere,
2035 1942 2093 2009 lu-

1100 2052 1221 2109 turum
1246 2051 1315 2127 est,
1357 2052 1397 2108 ut
1426 2060 1472 2105 ue
1511 2032 1596 2105 haec
1624 2039 1768 2129 quidem
1800 2043 1999 2125 retineatis,
2031 2044 2093 2111 sed

1100 2139 1287 2226 amittatis,
1333 2153 1368 2212 et
1401 2134 1492 2208 hanc
1523 2140 1684 2231 politiam
1710 2156 1861 2213 vestram
1889 2157 1924 2214 et
1946 2159 2093 2215 aeterna

1100 2241 1209 2312 hond·

1203 2374 1282 2447 Hoc
1304 2379 1411 2447 modo
1435 2380 1626 2470 respondet
1654 2382 1935 2451 contemtoribus
1958 2382 2001 2451 de
2027 2404 2091 2451 suo

1101 2478 1237 2564 officio,
1264 2482 1383 2549 addita
1401 2482 1677 2551 commiuatione
1701 2486 1744 2551 de
1768 2484 1911 2568 ellectu,
1946 2483 2035 2553 dixit
2056 2507 2093 2552 se

1101 2604 1174 2650 esse
1211 2605 1398 2672 personam
1434 2583 1656 2675 loquentem,
1704 2585 1908 2655 afferentem
1943 2587 2091 2661 verbum

1101 2684 1233 2753 aeterni
1253 2684 1380 2774 patris,
1404 2696 1439 2753 et
1457 2680 1525 2753 lroc
1542 2687 1689 2753 verbum
1714 2688 1763 2756 ait
1789 2688 1909 2755 ellicax
1934 2687 2010 2755 fore
2028 2688 2092 2754 ad-

1101 2809 1223 2854 versus
1247 2799 1502 2871 contemtores,
1537 2787 1719 2870 videlicet,
1751 2801 1792 2856 ut
1815 2812 1856 2856 eo
1880 2788 2092 2872 iudicentur,

1101 2910 1162 2955 seu
1181 2888 1395 2957 damnentur
1416 2900 1451 2957 et
1469 2888 1665 2977 puniantur
1681 2912 1754 2958 reon
1772 2890 1952 2960 credentes
1969 2885 2093 2959 Evan-

1100 2987 1204 3073 gelio.
1256 2987 1439 3076 Significat
1460 2989 1553 3057 enim
1572 3014 1645 3057 nun
1663 2991 1696 3058 vi
1716 2987 1870 3060 humana
1888 3015 1948 3061 seu
1965 3016 2092 3083 corpo-
2112 3052 2117 3063 .
2175 3058 2177 3063 .

1101 3090 1187 3169 cali,
1227 3092 1287 3158 sed
1311 3091 1432 3158 divina
1461 3091 1618 3180 potentia
1653 3115 1688 3160 se
1712 3106 1986 3181 propagaturum
2018 3094 2092 3161 ess'e

1100 3191 1248 3261 verbum
1275 3205 1308 3260 et
1332 3192 1525 3272 facturum,
1563 3206 1603 3262 ut
1626 3192 1672 3262 sit
1689 3194 1808 3262 efficax
1825 3207 1947 3264 contra
1965 3208 2093 3284 poten-

1100 3296 1186 3364 tiam
1213 3308 1246 3363 et
1276 3295 1413 3362 furores
1440 3289 1595 3364 bostium
1620 3293 1818 3385 Evangelii,
1875 3294 1970 3367 Huic
1996 3296 2091 3366 dictu

1100 3396 1200 3467 addit
1215 3394 1494 3489 occupationem.

1151 3592 1230 3669 Sed
1242 3595 1311 3695 pai
1331 3620 1386 3669 me
1407 3596 1527 3684 misit,
1551 3620 1665 3675 verax
1684 3580 1754 3683 esl,
1789 3609 1821 3671 et
1845 3621 1940 3699 puae
1963 3594 2095 3671 audiui

1205 3723 1325 3786 exeo,
1352 3698 1503 3798 loquor,
1529 3709 1592 3775 etc.

1178 3866 1289 3957 Quasi
1306 3870 1416 3939 dicat:
1443 3866 1520 3940 Etsi
1536 3869 1607 3939 iam
1622 3870 1742 3940 rideor
1758 3893 1776 3939 a
1792 3871 1910 3955 vobis,
1945 3894 2008 3940 nec
2027 3894 2092 3940 au-

1100 3971 1182 4041 dior
1199 3973 1244 4039 de
1261 3986 1358 4063 palte
1380 3972 1550 4064 loquens,
1586 3988 1704 4042 tamen
1726 3974 1800 4063 ipse
1828 3972 2014 4042 testabitur
2036 3986 2092 4043 nte

1101 4098 1181 4142 vera
1200 4074 1345 4155 dixisse,
1373 4074 1439 4143 erit
1455 4074 1576 4142 efficax
1596 4098 1671 4142 mea
1689 4098 1793 4158 voce,
1823 4088 1854 4143 et
1879 4074 1922 4141 ad
1950 4074 2091 4143 salvan·
2164 4083 2173 4105 ⁸

1100 4177 1165 4245 dos
1181 4177 1381 4265 credenteS,
1408 4190 1442 4245 et
1457 4177 1678 4245 damnandos
1695 4188 1939 4244 contemtores.
1983 4172 2091 4245 Hunc

1100 4300 1173 4345 nun
1192 4276 1329 4346 iacietis
1346 4278 1571 4362 mendaeem,
1605 4276 1738 4346 etiamsi
1762 4277 1906 4367 pergitis
1930 4292 2090 4348 contem-

1100 4403 1184 4447 nere
1207 4402 1320 4447 meam
1344 4404 1484 4461 vocem,
1523 4378 1604 4470 quia
1636 4378 1706 4446 scio
1741 4403 1796 4446 me
1826 4380 1951 4448 afferre
1982 4380 2093 4471 ipsius

1100 4483 1268 4561 verbum,
1322 4493 1355 4550 et
1386 4480 1461 4548 eius
1495 4480 1661 4548 mandato
1698 4480 1798 4570 fungi
1830 4475 1898 4550 hoe
1929 4506 2091 4565 munere,

1100 4607 1209 4675 quare
1225 4580 1454 4671 experiemini
1474 4603 1548 4649 non
1564 4581 1670 4649 fuisse
1688 4579 1823 4651 irritam
1842 4607 1983 4667 vocem,
2011 4607 2092 4653 cum

1100 4708 1208 4775 arguo
1228 4695 1261 4753 et
1282 4683 1399 4751 iudico
1416 4696 1566 4751 vestram
1584 4681 1890 4769 incredulitatem,
1915 4686 1997 4778 quia
2017 4710 2091 4754 non

1101 4810 1199 4867 mea,
1230 4786 1290 4852 sed
1316 4784 1426 4875 patris
1450 4782 1623 4853 sententia
1648 4798 1682 4855 et
1706 4789 1871 4856 mandato
1902 4790 2091 4876 profertur.

1099 4884 1179 4957 Hoc
1209 4886 1302 4954 dieto
1327 4909 1402 4956 non
1427 4885 1541 4956 solum
1565 4910 1638 4955 sese
1663 4886 1800 4956 solatur
1820 4890 1989 4958 adversus
2012 4885 2091 4974 bus,

1100 4989 1161 5082 qui
1192 4990 1340 5084 superbe
1370 5002 1404 5058 et
1434 5012 1564 5058 secure·
1586 5002 1819 5060 contemnunt
1843 4989 2092 5079 Evangelium,

1100 5091 1161 5159 sed
1185 5090 1289 5158 etiarn
1312 5090 1497 5160 confirmat
1528 5088 1624 5181 pios,
1660 5103 1699 5160 ut
1723 5092 1834 5161 sciant
1856 5090 1971 5161 Deum
1996 5108 2090 5162 certo

1100 5190 1412 5284 perministerium
1438 5187 1544 5262 buius
1562 5193 1658 5261 vocis
1683 5192 1854 5261 efficacem
1880 5194 1971 5274 sore,
2007 5196 2092 5287 quia

1100 5295 1269 5362 mandato
1294 5295 1428 5373 aeterni
1443 5292 1554 5389 patris
1569 5292 1613 5364 ab
1631 5294 1707 5387 ipso
1723 5293 1795 5364 lilio
1815 5291 1881 5365 Dei
1898 5298 2037 5389 prodita
2056 5313 2091 5369 et
