4522 5782
72 1148 74 1158 =
177 1109 449 1183 admirationem
466 1103 569 1186 farti,
595 1101 774 1190 sicutipse
794 1112 907 1169 textus
924 1099 1109 1189 significat.

169 219 245 298 ,Μ
758 204 887 282 run..
913 204 1033 282 nar.
1060 205 1272 283 scatere
1295 206 1599 287 munerea
2128 207 2206 289 Μ
2244 168 2253 183 ’

137 425 141 431 ·
174 393 311 469 Mansit
324 405 441 461 autem
456 380 621 457 Christus
643 394 723 474 post
747 380 872 449 nuncii
895 382 1086 461 adventum
1108 379 1166 450 bi·
1196 364 1394 476 'loquitur,
1420 408 1511 477 quae
1527 396 1604 455 toto
1626 406 1723 454 anno
1745 383 1930 455 dividebat
1951 383 2112 473 singulos
2133 381 2212 454 dies

173 501 268 573 duo,
307 509 341 564 et
371 502 648 567 consentaneum
676 497 745 568 est,
778 472 985 576 priusquam
1013 484 1167 555 nuncius
1217 486 1414 557 artificiales
1444 487 1481 554 in
1508 487 1695 556 duodecim
1722 483 1827 558 horas
1854 483 2043 581 zacprxdr,
2077 499 2117 557 ut
2142 487 2212 578 ipsi

173 600 328 670 venisset
349 596 393 665 ad
411 587 614 674 Christum,
647 586 820 657 Lazarum
837 584 915 654 'iam
939 587 1047 657 fuisse
1070 610 1168 656 mor·
1218 590 1403 661 vocabant.
1445 585 1608 659 Christus
1624 602 1741 660 autem
1756 590 1942 680 allegorice
1955 592 2040 661 citat
2056 590 2210 660 dictum:

175 718 290 776 tuum.
348 696 460 767 Venit
489 716 572 782 ergo
599 686 763 761 Christus
789 704 915 780 quarto
949 704 1013 759 aut
1041 690 1167 783 quinto
1219 692 1418 762 Duodecim
1434 705 1518 761 sunt
1533 686 1740 772 horaediei,
1763 693 1966 782 significans
1980 707 2117 763 certum
2133 693 2213 763 cui·

175 806 234 876 die
252 804 291 872 in
308 802 424 871 vicum
441 791 668 876 Bethaniam,
695 817 774 862 cum
791 789 945 861 Lazarus
962 807 1043 862 ante
1058 816 1166 884 quar·
1219 816 1288 888 que
1302 797 1424 865 datum
1441 816 1516 864 esse
1531 793 1771 876 curriculum,
1797 818 1860 865 seu
1878 795 2030 887 spatium
2047 819 2132 865 suae
2147 819 2213 865 vo·

176 922 253 980 tum
289 906 384 975 diem
414 900 571 988 sepultus
600 910 698 966 esset.
757 891 855 963 llaec
885 919 983 963 mora
1015 894 1169 963 exercuit
1220 896 1388 981 cationis,
1413 896 1619 989 intraquod
1644 919 1783 968 necesse
1804 898 1851 969 sit
1875 921 1955 967 enm
1978 897 2128 991 obsequi
2149 921 2214 969 vo-

176 1005 361 1083 Christum
387 1003 531 1073 interim
557 999 665 1067 variis
689 997 982 1084 cogitationibus,
1017 1012 1051 1068 et
1073 997 1170 1066 auxit
1220 999 1471 1090 cationisuae,
1497 998 1838 1093 sicutaliasinquit:
1873 998 2012 1072 Sufficit
2027 1001 2100 1071 diei
2120 999 2214 1071 affli-

1221 1102 1291 1170 ctio
1306 1125 1388 1183 sua,
1414 1102 1451 1170 id
1474 1114 1544 1185 est,
1576 1102 1775 1194 praesentia
1798 1102 1893 1173 iuxta
1915 1104 2139 1174 vocationem
2161 1103 2216 1173 ia-

1221 1204 1372 1285 ciamus,
1399 1219 1433 1275 et
1451 1205 1685 1295 perferamus,
1711 1228 1786 1273 non
1803 1205 2009 1277 omittamus
2029 1204 2216 1276 mandatas

1222 1330 1345 1397 operas
1359 1332 1424 1398 per
1439 1307 1634 1396 ignaviam,
1661 1330 1725 1376 nec
1748 1304 1966 1379 accersamus
1989 1309 2095 1378 nobis
2119 1308 2218 1394 alias,

281 1411 376 1483 Ante
398 1411 464 1480 iter
487 1401 646 1490 Christi,
689 1418 724 1473 et
755 1417 838 1473 ante
868 1402 1169 1473 resuscitationem
1220 1410 1348 1481 usitata
1367 1409 1519 1500 ingeniis
1542 1409 1712 1502 inquietis
1733 1426 1767 1480 et
1784 1411 1931 1482 curiosis
1948 1415 2218 1510 πολυπραγμο-

177 1517 322 1599 Lazari,
358 1511 517 1582 narratio
543 1508 647 1597 longa
677 1507 791 1574 estin
816 1519 929 1586 textu,
971 1508 1016 1575 de
1043 1507 1170 1573 morbo
1222 1504 1336 1605 σύγῃ,
1363 1513 1412 1581 sir
1429 1512 1503 1602 ipse
1520 1512 1773 1605 interpretatur
1789 1537 1891 1584 suum
1908 1514 2042 1586 dictum
2059 1537 2217 1610 sequen.

176 1619 322 1702 Lazari,
347 1618 390 1685 de
409 1613 540 1683 nuncio
557 1613 599 1679 ad
616 1605 797 1681 Christum
821 1609 947 1692 misso,
977 1609 1021 1677 de
1037 1602 1171 1678 Christi
1222 1616 1316 1686 tibus
1334 1614 1461 1688 verbis,

68 1700 92 1723 ι’
178 1719 358 1814 colloquio
382 1742 462 1788 cum
480 1712 682 1807 Apostolis,
719 1712 780 1804 qui
803 1711 853 1779 eis
877 1724 959 1780 ante
981 1711 1170 1801 profectio-

178 1849 281 1906 nem,
321 1846 401 1890 cum
434 1840 540 1887 nemo
571 1815 789 1897 nunciasset,
830 1811 974 1902 exponit
996 1812 1170 1883 Lazarum

199 1286 203 1293 '
303 1268 492 1372 Nunquid
505 1264 694 1340 duodecim
711 1275 798 1336 sunl
818 1260 934 1338 horae
949 1262 1051 1338 diei?

1324 1783 1361 1856 Si
1380 1787 1459 1879 quis
1476 1788 1635 1858 ambulat
1649 1787 1687 1857 in
1702 1787 1779 1873 die,
1815 1814 1886 1860 non
1913 1789 2091 1880 impingit.
2144 1786 2218 1861 Sua

138 1926 464 2001 ,essemortuum
516 1918 613 1988 Haec
639 1930 711 1986 tota
736 1915 957 2007 praeparatio
985 1930 1019 1985 et
1043 1931 1171 1987 tunca
1222 1890 1526 2009 culquedl⁸⁸f⁸ls
1551 1893 1787 1977 ⁸¹¹³V⁰⁰³ll⁰‚
1814 1893 1852 1960 i¹1
1877 1889 2064 2011 bafiubttl
2087 1892 2220 1963 ambu-

178 2023 325 2101 Christo
340 2026 386 2095 ita
403 2026 492 2095 iacta
515 2034 584 2100 est,
612 2033 650 2088 ut
666 2018 832 2108 Apostoli
853 2018 1060 2107 diligentius
1084 2042 1171 2087 con-
1222 1993 1315 2073 lare,
1341 2005 1376 2061 ‘l
1390 1987 1474 2060 hum
1491 1994 1739 2084 ()Ῑ)ῑθῐῐψθῐίίΰ8
1754 2007 1846 2064 recle
1870 1996 1973 2080 saell,
2013 2017 2088 2063 slve
2110 2017 2219 2063 even·

181 2131 380 2202 ,idem-ent
420 2121 511 2194 hanc
548 2121 866 2192 resuscitarionemg
918 2135 951 2191 eq
983 2120 1112 2190 deinde
1134 2122 1173 2189 in
1222 2110 1278 2166 tus
1293 2093 1364 2163 sint
1380 2094 1521 2184 placidi,
1545 2095 1619 2162 sive
1636 2096 1766 2166 tristes.
1817 2094 2019 2167 Hortantnr
2032 2091 2218 2168 Christum

61 2263 72 2284 ·
180 2248 279 2306 textu
303 2232 383 2300 ideo
409 2226 585 2316 descripta
607 2236 676 2306 est,
710 2239 749 2293 ut
774 2225 966 2294 excitemur
987 2226 1031 2293 ad
1057 2237 1173 2293 tantae
1226 2197 1413 2313 All⁰⁵¹⁰lly
1444 2195 2057 2319 ”elidemlefq⁵qum³mol²f⁰pl²f
2080 2199 2220 2318 Peflfflj

181 2337 233 2407 rei
269 2330 600 2404 considerationem.
668 2325 741 2398 Tot
771 2329 909 2395 dierum
945 2327 1171 2397 intervallum
1225 2300 1312 2372 lum·
1363 2295 2220 2392 3¹⁰ll⁰¹¹¹¹¹¹⁰⁸⁸³⁰P¹⁵⁵¹¹¹¹0⁰ffl¹ll¹¹¹¹lV⁰⁶⁸¹¹⁰¹¹¹⁸

179 2438 251 2509 fuit
290 2449 370 2527 post
408 2445 556 2501 mortem
600 2442 635 2499 eg
666 2443 744 2518 post
780 2430 996 2518 ,epupufflm
1040 2428 1174 2498 Lazari,
1224 2401 1337 2470 officia
1362 2416 1505 2491 propter
1529 2417 1679 2471 terrores
1704 2416 1737 2472 et
1761 2404 1928 2494 pericula.
1988 2401 2037 2474 At
2055 2397 2220 2474 Christus

180 2537 375 2612 Constabat
391 2535 500 2623 igitur
516 2557 596 2601 vere
612 2546 790 2601 mortuum
807 2555 891 2605 esse.
952 2527 1031 2601 Etsi
1056 2547 1172 2601 autem

181 2643 296 2732 reipsa
322 2664 396 2708 non
420 2637 558 2705 minora
582 2637 672 2704 iacta
689 2649 772 2704 sunt
788 2635 877 2703 aliae
894 2634 1176 2704 resuscitationes

182 2758 427 2823 mortuorum,
452 2753 570 2808 tamen
586 2734 672 2806 haec
688 2737 798 2825 magis
816 2738 926 2808 movit
949 2737 1085 2806 animos
1108 2732 1175 2806 ho-

182 2848 341 2925 minum,
382 2844 472 2912 sicut
500 2837 585 2910 haec
607 2841 681 2933 ipsa
709 2834 855 2910 historia
880 2840 1032 2923 indicat,
1065 2840 1176 2929 magis

184 2938 429 3022 consternatos
455 2945 562 3013 fuisse
585 2942 782 3035 pontifices&
807 2942 1041 3012 admiratione
1069 2939 1177 3011 huius

118 3024 140 3047 ⁹
182 3053 289 3136 facti,
316 3073 422 3143 quam
445 3047 610 3136 aliorum.
663 3043 756 3134 Quia
778 3068 859 3111 mox
874 3040 1025 3114 hahetur
1041 3045 1177 3114 delibe-

184 3156 276 3226 ratio
308 3155 352 3222 de
382 3173 466 3219 nece
488 3145 633 3219 Christi.
698 3145 872 3225 Metuunt
908 3148 1003 3217 euim
1034 3162 1177 3238 propter

185 3256 466 3345 magnitudinem
482 3253 566 3320 lacti
589 3249 819 3318 delectionem
843 3250 967 3340 populi
988 3251 1030 3317 ad
1050 3252 1178 3347 ipsum,

187 3385 277 3454 quae
294 3358 323 3424 si
345 3358 457 3435 lieret,
484 3352 637 3442 opprimi
652 3375 725 3420 sese
744 3378 761 3418 a
777 3352 929 3440 populo,
956 3365 988 3420 et
1005 3378 1045 3421 ex
1061 3352 1178 3441 digni·

186 3462 320 3533 tatibns
336 3471 370 3526 ct
387 3457 515 3546 opibus
534 3455 647 3523 excuti
662 3454 875 3526 metuebant.
902 3451 999 3522 llaec
1017 3456 1060 3522 de
1078 3479 1179 3545 prae-

119 3542 124 3551 ’
189 3563 372 3656 paratione
388 3559 470 3627 satis
488 3557 533 3626 sit
550 3558 741 3627 monuisse.

292 3662 401 3751 Quod
425 3661 473 3730 ait
497 3660 683 3727 duodecim
707 3654 813 3726 horas
839 3658 910 3729 diei
935 3682 1028 3744 esse,
1068 3659 1180 3729 sciant

190 3766 342 3839 studiosi
358 3764 444 3832 alias
460 3786 532 3831 esse
550 3757 654 3829 horas
668 3761 850 3854 aequales,
877 3775 917 3830 ut
933 3775 1073 3831 nostrae
1087 3776 1181 3846 suut,

190 3896 270 3941 curn
288 3868 451 3937 videlicet
469 3865 543 3932 dies
567 3865 739 3933 naturalis
755 3864 793 3931 in
810 3864 1105 3956 vigintiquatuor
1123 3889 1181 3932 ae·

190 3974 310 4067 quales
326 3966 431 4040 horas
445 3967 656 4046 dividitur,
677 3968 873 4035 secuudmn
896 3963 987 4035 hanc
1008 3967 1181 4036 rationem

192 4079 310 4168 plures
333 4087 415 4142 sunt
439 4066 547 4150 horae
572 4069 644 4137 diei
666 4069 859 4138 artificialis
887 4070 925 4136 in
948 4069 1098 4140 solstitio
1124 4095 1183 4139 ae-

191 4178 304 4259 stivo,
330 4200 435 4267 quam
452 4174 489 4241 in
516 4175 654 4241 bruma.
708 4167 842 4262 Estque
864 4167 948 4240 haec
965 4175 1183 4241 consuetudo

191 4305 289 4349 nunc
306 4279 431 4346 usitata
450 4275 533 4345 satis
548 4288 632 4344 nota
649 4275 830 4342 omnilms.
882 4273 985 4343 Aliae
1002 4278 1183 4366 qnondam
1204 4356 1207 4360 Δ

193 4383 232 4450 in
249 4405 315 4450 usn
330 4381 475 4447 fuerunt
495 4375 700 4469 inaequales
717 4371 847 4458 horae,
871 4401 957 4468 quas
975 4374 1104 4446 Graeci
1122 4404 1184 4447 vo·

193 4497 319 4554 carnut
335 4473 522 4574 καιρικάς,
550 4503 700 4571 quarum
728 4491 802 4548 loto
827 4504 921 4547 anno
943 4480 1089 4548 cuilibet
1113 4480 1184 4547 diei

194 4585 388 4667 artificiali,
415 4606 476 4650 seu
495 4584 620 4671 lungo,
646 4604 707 4649 scu
723 4581 842 4664 brevi,
870 4582 1057 4650 duodecim
1084 4582 1184 4651 attri-

195 4693 363 4759 buerunt.
415 4682 577 4753 Fuerunt
591 4677 701 4771 igitur
715 4684 866 4752 diurnae
883 4679 992 4752 horae
1010 4683 1100 4753 circa
1115 4686 1186 4752 sol-

193 4793 329 4864 stitium
346 4787 517 4856 atestivum
534 4784 729 4871 longiores,
772 4811 877 4878 quam
903 4788 993 4855 circa
1013 4789 1187 4858 brumam.

296 4887 374 4960 Etsi
391 4902 509 4958 autem
527 4889 657 4976 ignaris
675 4888 898 4979 antiquitatis
925 4884 1009 4958 haec
1032 4888 1189 4959 dissimi-

196 4995 313 5068 titudo
329 4995 471 5063 videtur
486 4992 650 5071 absurda,
676 5004 794 5060 tamen
811 4991 917 5058 luisse
934 4984 1024 5060 hanc
1040 5016 1189 5060 consue·

196 5101 359 5170 tudinem
377 5109 511 5164 certum
528 5107 587 5162 est.
625 5089 673 5162 Et
690 5116 891 5183 quanquam
911 5105 1048 5182 tempus
1064 5091 1190 5163 Lazari

199 5199 395 5271 resuscitati
413 5196 564 5266 incurrit
582 5197 618 5263 iu
635 5194 900 5285 aequinoctium
921 5218 1090 5279 vernum,
1118 5221 1189 5289 quo

199 5306 274 5372 dics
314 5300 506 5370 artificialis
540 5297 674 5389 ubique
705 5308 756 5364 est
788 5291 957 5365 horarum
988 5299 1189 5391 aequalium

197 5404 408 5487 duodecim,
455 5396 618 5472 Christus
641 5399 685 5468 de
708 5399 903 5476 universali
933 5402 1190 5474 consuetudine

1226 2505 1323 2572 iubet
1347 2527 1411 2570 nos
1436 2507 1644 2573 mandatum
1672 2508 1715 2574 de
1740 2507 1926 2576 vocatione
1953 2506 2146 2598 respicere,
2187 2520 2223 2576 ct

1226 2606 1339 2676 exitus
1354 2605 1429 2674 Deo
1452 2610 1719 2690 commendare,
1754 2609 1845 2679 sicut
1872 2632 1974 2700 saepe
2002 2608 2222 2700 praecipitur

1227 2710 1314 2778 alias
1333 2706 1424 2779 Psal.
1436 2711 1513 2783 dli:
1542 2705 1693 2799 Expecta
1710 2711 1910 2793 dominum,
1937 2725 1970 2782 et
1985 2710 2127 2781 custodi
2145 2711 2220 2781 vias

1227 2812 1314 2882 eius.
1367 2807 1473 2879 ltem:
1512 2811 1687 2881 Subditus
1703 2825 1775 2881 esto
1794 2810 1969 2898 Domino,
1995 2837 2056 2883 ora
2071 2828 2108 2883 et
2130 2836 2224 2886 eum.

1227 2913 1273 2983 Et
1297 2911 1414 2980 ll'loses
1440 2912 1558 3005 inquit
1581 2909 1695 2988 Exod.
1720 2919 1795 2988 ta:
1845 2915 1963 2999 State,
1994 2929 2029 2984 et
2053 2915 2223 2985 videbitis

1230 3015 1412 3102 nratgnilica
1431 3040 1538 3104 opera
1557 3013 1717 3100 Domini,
1744 3018 1823 3086 ideo
1836 3013 1894 3086 hic
1910 3018 2057 3089 dicitur:
2085 3015 2128 3089 Si
2143 3017 2224 3112 quis

1230 3118 1389 3187 ambulat
1405 3117 1443 3184 in
1459 3117 1535 3201 die,
1561 3143 1634 3187 non
1652 3120 1830 3209 impingit,
1854 3122 1889 3187 id
1908 3135 1970 3203 est,
1996 3121 2025 3189 si
2043 3121 2126 3209 quis
2141 3143 2225 3190 suae

1230 3219 1407 3289 vocationi
1424 3221 1594 3302 inseruit,
1621 3221 1658 3288 in
1673 3221 1742 3289 fide
1758 3235 1791 3290 et
1804 3221 2119 3302 ins-oratioueDei,
2146 3224 2224 3321 pla·

1230 3336 1284 3392 cet
1310 3318 1403 3405 Deo,
1447 3326 1547 3391 etab
1576 3347 1617 3389 eo
1641 3325 1869 3393 adiuvabitur
1896 3327 1933 3394 in
1967 3325 2152 3414 periculis,
2193 3339 2226 3396 et

1230 3447 1432 3518 quanquam
1445 3425 1668 3495 exercebitur
1681 3427 1860 3519 aliquibus
1875 3427 2071 3512 aerumnis,
2106 3439 2225 3498 tamen

1233 3529 1350 3596 vincet
1380 3531 1540 3612 tatrtdem,
1590 3541 1624 3597 et
1654 3529 1728 3597 eius
1758 3531 1939 3613 doctrina,
1985 3529 2158 3624 consilia,
2193 3543 2227 3598 et

1231 3630 1387 3701 actiones
1428 3645 1533 3700 erunt
1581 3630 1749 3700 salutares
1785 3629 1963 3703 Ecclesiae
2005 3646 2040 3702 et
2079 3632 2227 3724 politiis.

1234 3729 1388 3800 Econtra
1406 3757 1479 3800 non
1498 3733 1722 3830 praelucente
1736 3731 1831 3818 Deo,
1867 3737 1902 3803 id
1921 3749 1989 3818 est,
2023 3735 2102 3804 sine
2124 3757 2227 3804 voca·

1234 3834 1332 3904 tione
1359 3849 1392 3903 et
1417 3835 1493 3910 sinc
1519 3834 1608 3918 lide,
1643 3860 1787 3927 prorsus
1810 3852 1861 3908 est
1882 3839 1920 3906 in
1937 3861 2037 3908 caeca
2053 3852 2158 3908 nocte
2173 3859 2228 3915 er,-

1235 3959 1331 4017 rare,
1359 3950 1393 4006 et
1409 3961 1482 4005 non
1499 3940 1604 4006 modo
1621 3963 1692 4006 nou
1714 3940 1898 4029 prolicere,
1931 3941 2124 4033 sedetiam
2148 3962 2228 4031 pas-

1234 4039 1300 4107 sim
1320 4038 1412 4116 labi,
1439 4053 1471 4109 et
1489 4062 1561 4108 sese
1577 4055 1609 4109 et
1626 4042 1713 4110 alios
1733 4043 1895 4132 perdere,
1922 4055 1961 4112 ut
1975 4043 2125 4112 consilia
2141 4040 2228 4114 Cas-

1235 4142 1298 4223 sii,
1334 4155 1368 4211 et
1390 4138 1513 4225 Bruti,
1553 4144 1597 4211 de
1624 4143 1718 4213 Iulio
1756 4144 2018 4229 interficiendo,
2059 4145 2243 4239 tenebrae¹

1235 4258 1352 4327 erant,
1392 4244 1549 4313 exitiales
1570 4245 1654 4336 ipsis
1677 4259 1711 4315 et
1735 4246 1800 4315 toti
1823 4244 2066 4337 Reipublicae.
2133 4244 2230 4335 Quia

1235 4371 1299 4415 nec
1314 4346 1500 4416 vocationi
1519 4340 1780 4436 congruebant,
1807 4372 1871 4418 nec
1889 4349 2175 4440 suscipiebantur
2192 4351 2231 4417 in

1236 4449 1418 4537 agnitione
1435 4463 1468 4520 et
1488 4451 1711 4520 invocatione
1726 4449 1803 4521 Dei.
1857 4450 1959 4520 Talia
1982 4465 2082 4522 erant
2108 4463 2230 4544 postea

1238 4566 1270 4621 et
1286 4549 1436 4621 Antonii
1453 4553 1620 4636 consilia,
1646 4553 1842 4641 appetentis
1865 4549 2124 4626 monarchiam.
2176 4553 2231 4624 De

1237 4648 1293 4721 his
1310 4652 1535 4724 diciturEsa.
1551 4653 1628 4726 59.:
1673 4653 1826 4724 Vastitas
1847 4670 1881 4725 et
1905 4655 2074 4727 contritio
2101 4653 2148 4725 in'
2164 4657 2231 4735 riis

1240 4780 1382 4835 eorum,
1418 4757 1547 4838 idest,
1587 4780 1709 4826 eornm
1740 4758 1887 4829 consilia
1920 4772 2003 4828 sunt
2032 4759 2232 4851 perniciosa

1240 4859 1325 4948 ipsis
1343 4872 1377 4927 et
1392 4855 1637 4957 Reipublicae.
1698 4857 1819 4948 Quare
1839 4856 1997 4930 humana
2020 4860 2173 4932 consilia
2198 4875 2232 4933 et

1240 4960 1473 5030 ambitionem
1491 4960 1661 5045 vitemus,
1687 4976 1722 5032 et
1745 4987 1811 5033 nos
1833 4967 1871 5031 in
1894 4962 2022 5033 timore
2043 4964 2115 5035 D'ei
2137 4964 2234 5037 intra

1240 5061 1434 5132 vocationis
1465 5076 1573 5132 metas
1605 5065 1866 5146 contineamus,
1911 5078 1946 5135 et
1966 5080 2130 5137 nostrum
2154 5067 2235 5138 offi-

1240 5163 1334 5232 cium
1351 5164 1541 5250 faciamus,
1567 5190 1607 5235 ac
1629 5182 1789 5257 petamus
1807 5169 1981 5238 auxilium
2004 5183 2039 5239 et
2054 5192 2235 5249 successus

1239 5289 1259 5335 a
1275 5263 1363 5341 Deo.
1415 5266 1510 5356 Quia
1529 5292 1633 5338 uerno
1654 5284 1768 5359 potest
1784 5270 1854 5345 sibi
1873 5270 2063 5366 quicquam
2086 5296 2234 5359 sumere,

1242 5368 1312 5440 nisi
1328 5369 1375 5441 sit
1390 5370 1423 5441 ci
1438 5374 1560 5443 datum
1575 5395 1594 5442 e
1609 5371 1720 5447 coelo.
1738 5394 1745 5400 ·
