4522 5782
44 191 133 277 m
464 196 564 275 'le
614 192 917 276 manuario
945 197 996 273 IN
1017 193 1201 274 EVANG.
1228 194 1444 276 lOANNlS.
1494 195 1600 274 CAP.
1628 196 1674 272 Χ.
2014 207 2095 293 23⁸

47 372 234 447 1133333333
253 395 335 444 eum
352 371 660 459 dubitationibus,
682 372 895 460 diffidentia,
921 388 956 448 et
970 372 1050 444 aliis
1102 393 1221 441 ramus
1247 370 1368 442 oculos
1389 367 1530 443 nostros
1553 374 1597 443 ad
1622 369 1686 444 has
1708 372 1975 464 promissiones:
2009 375 2092 451 Non

46 474 190 549 vitiosis
207 475 414 563 effectibus,
447 489 483 549 et
494 475 727 569 experiuntur
748 500 868 547 veram
895 501 969 548 esse
985 501 1049 546 vo·
1101 474 1354 565 praevalebunt
1368 487 1490 565 portae
1504 475 1636 545 inferni
1654 477 1821 547 adversus
1843 501 1932 555 eam.
1985 478 2090 552 Item:

48 600 143 651 een:
171 575 302 650 Venite
317 578 363 648 ad
377 602 433 649 me
446 601 588 665 omnes,
613 579 675 672 qui
699 580 868 649 laboratis
901 595 934 653 et
961 603 1049 650 one-
1100 574 1213 646 Nemo
1231 576 1343 668 rapiet
1358 601 1416 647 eas
1431 580 1475 646 de
1489 598 1596 647 manu
1612 602 1709 664 mea,
1734 592 1799 651 etc.

52 680 244 766 ratiestis,
269 695 305 752 et
322 704 386 771 ego
402 678 557 752 reficiam
580 703 656 754 vos.
691 680 912 774 ,Talesquia
930 705 1046 775 perse·
1201 676 1298 748 Haec
1337 682 1380 749 de
1419 679 1721 771 disputationibus
1757 684 2089 773 praedestinationis

52 796 178 856 verant
197 778 716 871 tandeminhacobedientia,
744 797 827 854 sunt
846 784 959 860 electi.
1099 776 1278 855 monuisse
1309 782 1391 851 satis
1426 785 1490 866 sit,
1544 806 1787 854 removeamus
1826 784 2089 880 philosophicas

153 884 364 959 intueamur
387 908 470 975 ergo
491 900 563 959 tota
585 901 701 958 mente
726 887 946 959 voluntatem
965 884 1046 971 Dei,
1099 883 1378 973 imaginationes.
1445 881 1620 954 Omnium
1653 880 1841 957 hominum
1871 890 1981 959 animi
2013 893 2088 961 siue

53 988 188 1082 inipso
213 990 322 1059 verbo
347 986 415 1058 Dei
438 1012 656 1081 expressam,
691 1003 733 1061 ut
754 1013 834 1059 cum
857 992 901 1059 de
919 1013 1045 1058 remis
1100 986 1176 1056 luce
1190 987 1351 1071 coelesti
1377 1000 1438 1057 aut
1455 988 1613 1061 sentiunt
1630 1012 1711 1058 casu
1728 990 1848 1059 omnia
1865 1015 1987 1074 ruere
2012 994 2088 1063 sine

52 1091 155 1165 done
182 1105 432 1185 peecatorum,
481 1091 683 1186 quaerimus
719 1092 937 1163 voluntatem
970 1091 1047 1175 Dei,
1039 1089 1355 1257 ,qgubernatione
1380 1090 1523 1171 divina,
1550 1104 1590 1160 ut
1615 1090 1788 1161 senuebat
1798 1088 1997 1182 Epicurus
2030 1091 2089 1165 hic

52 1218 117 1267 nec
141 1193 329 1284 nosipsos
356 1195 608 1265 conturbemus
636 1193 715 1263 aliis
744 1195 1074 1311 disputationibus
1097 1192 1427 1263 lucorexecrandus
1453 1206 1522 1277 est,
1557 1206 1618 1263 aut
1642 1195 1800 1266 sentiunt
1823 1194 1938 1266 Deum
1963 1198 2087 1287 alliga-

51 1297 227 1369 decausis
250 1294 443 1370 electionis
498 1293 550 1366 lta
574 1296 741 1385 intelligit
766 1294 882 1366 David
908 1296 1046 1386 miseri·
1070 1266 1174 1366 tum
1187 1317 1260 1363 esse
1276 1317 1390 1364 causis
1406 1295 1589 1377 secundis,
1618 1319 1682 1365 nec
1705 1297 1875 1368 aliterv
1832 1323 1952 1388 agere,
1980 1324 2086 1393 quam

52 1399 214 1473 cordiam
228 1395 489 1483 Deivocautis,
522 1411 556 1469 et
579 1399 774 1484 moventis,
809 1421 882 1468 esse
905 1423 1043 1470 causam
1099 1408 1137 1466 ut
1153 1396 1328 1466 illaesum
1345 1396 1507 1487 rapiunt
1534 1412 1595 1469 aut
1617 1412 1709 1468 certe
1731 1421 1793 1468 sua
1810 1416 1952 1471 aeterna
1971 1404 2088 1473 deter-

52 1501 256 1586 electionis,
281 1502 342 1572 sed
360 1513 478 1572 333333
493 1524 604 1602 accipe
619 1516 783 1594 oportere
805 1502 960 1571 oblatam
976 1501 1044 1570 mi·
1099 1499 1293 1568 minatione
1311 1523 1434 1590 rapere
1451 1501 1670 1584 voluntates
1694 1514 1729 1571 et
1744 1517 1909 1588 eventus
1936 1529 2010 1574 sive
2026 1530 2087 1574 ve-

52 1603 303 1689 sericordiam,
351 1616 385 1674 et
412 1604 553 1674 vocanti
575 1604 651 1675 Deo
674 1605 937 1676 assentiendum
959 1628 1045 1678 3333.
1097 1600 1223 1689 limus,
1250 1601 1512 1687 sivenolimus,
1546 1603 1593 1673 ita
1618 1605 1773 1673 3331333
1763 1620 1858 1674 iuxta
1880 1607 2087 1677 immutabi-

51 1702 120 1779 Hic
138 1707 214 1777 iam
232 1705 403 1777 dulcescit
422 1705 526 1778 nobis
539 1707 673 1779 dictum
688 1702 845 1791 Christi,
871 1730 951 1778 cum
975 1707 1044 1775 im·
1097 1703 1166 1773 lem
1191 1658 1534 1778 determinationem.
1600 1705 1696 1775 Haec
1720 1718 1804 1776 sunt
1825 1705 1963 1795 Stoica,
1996 1733 2086 1803 quae

51 1809 281 1882 becillitatem
311 1822 467 1880 nostram
494 1822 539 1895 et,
561 1810 717 1902 pericula
735 1800 957 1898 cogitamus,
989 1809 1044 1877 vi-
1097 1830 1172 1874 non
1188 1819 1271 1876 33333
1288 1801 1548 1876 invehendam
1563 1804 1779 1894 Ecclesiam
1807 1823 1841 1880 et
1855 1811 1909 1882 vel
1927 1829 2087 1882 coutem

52 1914 180 1984 demus
200 1935 425 2006 nequaquem
448 1934 515 1982 uos
537 1926 635 1984 tauta
658 1913 850 1983 certamina
870 1912 1044 1982 sustinere
1097 1921 1173 1978 tum
1195 1905 1280 1993 Dei,
1311 1909 1366 1977 vel
1389 1910 1530 1995 odium,
1571 1910 1626 1979 vel
1652 1911 1933 2001 negligentiam
1923 1938 1960 1982 33
1985 1915 2087 1984 331313

53 2037 165 2111 posse.
228 2013 347 2085 Adam
369 2028 404 2086 et
426 2010 504 2084 Eva
527 2039 601 2085 oon
625 2027 791 2107 poterant
812 2013 885 2084 suis
908 2014 1044 2083 viribus
1096 2011 1257 2101 gignunt.
1312 2010 1380 2081 Sed
1398 2035 1463 2081 nos
1479 2013 1663 2083 audiamus
1678 2039 1798 2084 vocem
1815 2016 1947 2085 aeterne
1967 2017 2088 2107 patris,

52 2117 228 2211 sustinere
252 2116 432 2199 dolorem,
473 2142 513 2188 333
542 2118 739 2210 spectaculo
762 2116 897 2208 primae
929 2117 1044 2187 caedis
1098 2114 1159 2207 qui
1177 2113 1278 2206 inqui
1294 2114 1336 2181 de
1352 2112 1442 2183 lilio:
1476 2111 1583 2184 Hunc
1612 2114 1742 2191 audite.
1802 2115 1923 2206 Quare
1948 2142 2087 2188 necesse

10 2292 13 2311 ,
53 2234 182 2294 ortum.
224 2216 343 2289 David
362 2243 584 2312 nequaquam
601 2234 737 2311 poterat
753 2220 926 2290 sustinere
940 2242 1044 2291 suum
1097 2228 1149 2285 est
1164 2215 1279 2286 3331333
1297 2217 1441 2284 verbum
1460 2214 1545 2299 Dei,
1574 2232 1728 2289 metuere
1753 2220 1886 2306 331333,
1913 2234 1947 2291 et
1965 2244 2085 2290 33333

54 2324 231 2408 dolorem,
257 2344 300 2392 ex
316 2310 531 2393 conscientia
548 2322 602 2392 sui
626 2323 764 2393 sceleris
792 2335 825 2392 et
852 2321 949 2391 exilii
966 2346 1040 2390 ma
1099 2318 1158 2389 trrr
1175 2318 1489 2416 promissionibus
1521 2336 1555 2391 et
1576 2344 1682 2404 serre
1716 2321 1812 2392 33333
1831 2317 1898 2392 1333
1920 2325 2086 2394 verbum:

55 2425 97 2496 lis
115 2438 256 2510 ortum,
300 2426 362 2494 sed
385 2420 444 2510 hi,
477 2425 562 2522 quia
596 2426 753 2497 sciebant
781 2425 936 2518 aliquam
972 2447 1045 2493 esse
1099 2421 1210 2490 libere
1232 2419 1346 2489 Deum
1376 2445 1416 2490 ac
1439 2435 1534 2492 certo
1557 2422 1741 2492 nobiscum
1772 2447 1893 2513 agere,
1934 2440 1974 2494 ut
2006 2448 2087 2513 erga

10 2522 13 2597 l
56 2542 232 2599 3333313333
247 2525 463 2611 Ecclesiam,
499 2542 630 2611 norant
647 2527 849 2599 eamaDeo
872 2528 1046 2611 adiuvari,
1099 2547 1181 2592 suos
1206 2523 1337 2592 liberos
1364 2523 1435 2612 agu
1456 2548 1612 2614 sapiens
1645 2527 1759 2596 iustus
1792 2544 1826 2597 et
1849 2528 2002 2596 clemens
2026 2553 2088 2618 pa-

58 2633 193 2722 erigunt
209 2629 320 2719 igitur
336 2652 391 2708 33,
408 2643 443 2700 33
458 2630 686 2702 adiuvantur.
1098 2626 1314 2699 terlamilias.
1367 2624 1590 2696 Petendum
1581 2627 1689 2716 igitur
1707 2642 1739 2697 et
1755 2642 1848 2698 certo
1873 2632 2087 2721 sperandum

155 2730 210 2804 lta
226 2756 293 2802 nos
309 2731 492 2804 confirmet
509 2728 595 2803 baec
608 2757 692 2804 vox:
728 2731 841 2804 Nemo
857 2731 973 2819 rapiet
987 2753 1045 2800 eas
1099 2744 1150 2799 est
1165 2729 1334 2798 auxilium
1351 2723 1440 2814 Dei,
1466 2731 1557 2801 sicut
1573 2725 1734 2801 Christus
1757 2733 1822 2801 ait:
1855 2728 1966 2802 Petite
1982 2746 2016 2800 et
2031 2755 2089 2801 ac·

59 2835 228 2905 demanu
253 2857 345 2906 mea.
411 2831 476 2904 Est
507 2838 681 2925 quaedam
714 2850 856 2907 aeterna
877 2831 1046 2919 Ecclesia,
1099 2830 1246 2923 cipietis.
1309 2828 1413 2902 ltem:
1455 2829 1600 2919 Quanto
1631 2834 1739 2922 magis
1770 2848 1867 2925 pater
1889 2849 2003 2903 vester
2027 2833 2089 2926 qui

61 2960 162 3033 333333
176 2937 363 3007 iuvabitur
377 2935 415 3004 in
437 2939 545 3009 tantis
566 2939 838 3023 certaminibus,
871 2938 943 3007 imo
966 2950 1045 3006 uta·
1100 2934 1138 3002 in
1158 2934 1264 3003 coelis
1278 2947 1347 3016 est,
1375 2933 1473 3003 dabit
1490 2933 1663 3026 Spiritum
1678 2951 1835 3007 sanctum
1851 2939 2065 3028 petentibus.

59 3063 187 3111 morea
203 3051 374 3131 tanquam
388 3040 664 3130 promissione,
684 3043 835 3111 sciamus
859 3039 963 3108 nobis
987 3035 1046 3108 hic

59 3140 94 3213 iu
109 3154 162 3214 tot
176 3143 384 3232 ingentibus
398 3142 565 3233 periculis
583 3145 741 3232 promitti
760 3142 946 3225 auxilium,
971 3165 1045 3210 nou

61 3247 306 3337 praevidemus
336 3266 459 3313 omnes
488 3245 624 3315 diaboli
660 3246 816 3318 insidias.
882 3240 1047 3314 Custodit
1201 3237 1283 3309 Non
1307 3239 1414 3308 fuisse
1432 3238 1614 3328 ambiguas
1639 3243 1826 3313 conciones
1851 3238 2005 3327 Christi,
2037 3245 2090 3313 la-

60 3345 161 3438 igitur
187 3370 255 3417 nos
280 3346 497 3416 dormientes
529 3343 644 3439 Deus,
678 3349 903 3440 implicamur
936 3345 1047 3416 inter·
1101 3357 1222 3415 tentur
1245 3341 1320 3409 eius
1349 3342 1561 3427 adversarii,
1595 3344 1657 3436 qui
1680 3345 1885 3436 intelligunt
1905 3339 2088 3416 Christum

61 3454 139 3520 dum
163 3448 340 3540 negotiis,
384 3470 473 3542 quae
507 3472 652 3539 prorsus
681 3449 938 3519 inextricabilia
966 3461 1049 3517 sunt
1103 3445 1321 3538 praedicare,
1364 3468 1399 3512 se
1424 3467 1496 3514 esse
1519 3442 1651 3527 Deum,
1694 3449 1784 3536 patri
1815 3450 2017 3541 aequalem,
2051 3463 2093 3518 ut

61 3546 404 3630 humanoconsilio‚
450 3568 490 3621 333
512 3552 633 3622 David
656 3553 820 3645 expulsus
847 3574 977 3640 regno,
1010 3564 1050 3620 ut
1104 3550 1226 3619 13333.
1244 3544 1281 3619 5.
1299 3546 1439 3616 dicunt:
1463 3548 1655 3639 Aequalem
1671 3574 1706 3618 se
1722 3551 1801 3620 Deo
1826 3552 1927 3633 lacit,
1964 3566 1996 3621 et
2022 3545 2092 3632 hic,
2146 3633 2153 3640 ·

63 3657 209 3757 populus
227 3652 337 3724 lsrael
354 3676 481 3723 amrssa
499 3678 596 3735 arca
625 3669 658 3727 et
676 3669 794 3745 postea
820 3653 1021 3723 abductus
1010 3677 1048 3720 m
1101 3646 1302 3720 3333133333
1322 3650 1387 3729 sis,
1413 3649 1518 3718 facies
1543 3664 1575 3719 te
1593 3648 1718 3724 Deum.
1772 3652 1843 3721 Nec
1873 3655 2003 3722 mirum
2030 3667 2092 3734 est,

63 3759 316 3849 captivitatem,
344 3756 436 3838 imo,
464 3771 501 3826 ut
518 3753 634 3826 Adam
650 3780 713 3826 suo
736 3758 855 3846 lapsu,
886 3751 945 3824 hic
969 3778 1049 3824 rur-
1103 3749 1329 3822 vehementer
1359 3751 1496 3820 animos
1521 3748 1626 3822 huius
1650 3756 1772 3845 populi
1796 3751 2023 3826 abhorruisse
2047 3756 2091 3822 ab

63 3882 114 3931 sus
129 3884 173 3930 cx
199 3859 325 3928 mediis
348 3859 471 3928 inferis
496 3883 714 3939 revocamur.
776 3856 946 3928 Amemus
968 3881 1050 3947 ergo
1102 3852 1158 3924 hrs
1175 3853 1423 3936 concionibus,
1450 3854 1511 3946 qui
1534 3869 1607 3924 erat
1631 3878 1767 3927 summa
1791 3883 1872 3927 cura
1890 3861 1932 3925 ad
1957 3857 2111 3927 doctri--

47 3956 278 4034 ¹hoedictum
296 3955 628 4041 Christi‚·etnobis
651 3961 887 4044 inculcemus,
922 3975 961 4029 ut
987 3982 1051 4029 nos
1103 3981 1185 4027 riam
1208 3958 1252 4025 de
1276 3957 1419 4038 unitate¹
1434 3955 1502 4025 Dei
1531 3959 1755 4031 assuefactus.
1824 3958 1978 4030 Tolluut
2008 3980 2091 4046 ergo

65 4067 102 4134 ad
116 4063 382 4135 invocationem
398 4063 543 4148 excitet,
568 4078 601 4134 et
617 4065 653 4133 in
672 4077 768 4134 tanto
788 4054 966 4154 ,varietate
989 4087 1049 4153 pe·
1103 4061 1250 4149 lapides,
1274 4071 1315 4126 ut
1332 4059 1427 4128 velut
1444 4056 1690 4149 blasphemum
1711 4065 1875 4148 obruant.
1927 4060 2092 4131 Renovat

40 4167 253 4238 ,siculorum
276 4166 496 4256 privatorum
519 4181 554 4236 33
576 4167 800 4258 publicorum
833 4165 1050 4234 consoletur:
1104 4164 1212 4251 igitur
1229 4175 1425 4244 certamen,
1460 4163 1614 4251 primum
1640 4164 1803 4252 mitigans
1827 4165 2092 4233 contentionem
2178 4159 2182 4163 ⁴

66 4266 169 4342 Nemo
195 4269 312 4360 rapiet
335 4291 392 4337 eas
415 4271 459 4336 de
484 4290 591 4338 manu
615 4292 703 4342 mea.
763 4265 922 4336 Defende
944 4268 1051 4355 igitur
1104 4265 1956 4355 3133333133,1333333133333331133331133311133
1982 4282 2094 4347 vocat,

67 4395 123 4443 nos
145 4368 313 4450 Christe,
340 4370 401 4464 qui
428 4370 589 4464 undique
611 4394 859 4462 oppugnamur
882 4371 926 4439 ab
951 4370 1051 4447 infir·
1105 4367 1234 4460 quibus
1250 4367 1348 4433 verbi
1365 4363 1429 4433 Dei
1455 4367 1612 4436 custodia
1638 4369 1824 4459 praecipue
1848 4375 2092 4438 commendata

69 4477 338 4558 mitatenostra,
364 4497 384 4540 3
410 4474 573 4556 diabolo,
607 4474 715 4542 variis
740 4473 913 4542 scandalis
936 4487 970 4541 et
991 4496 1052 4561 pe·
1105 4485 1166 4539 est.
1213 4468 1404 4556 Curigitur
1428 4465 1680 4558 blasphemiam
1700 4494 1771 4539 esse
1788 4473 1934 4551 ducitis,
1963 4489 2093 4540 rrornen
2155 4546 2156 4554 ,

68 4577 192 4650 riculis.
247 4574 451 4665 Cogitemus
475 4577 569 4645 etde
589 4576 739 4665 publicis
763 4576 927 4649 motibus.
981 4571 1050 4643 Ubi
1106 4571 1171 4640 Dei
1203 4572 1304 4639 alteri
1340 4571 1474 4639 tribui?
1527 4571 1712 4660 Allegatur
1741 4588 1856 4643 autem
1889 4576 2022 4643 dic'tum
2056 4575 2092 4641 iu

68 4702 225 4751 mansura
257 4691 309 4747 cst
333 4674 509 4761 Ecclesia,
547 4679 609 4748 ubi
633 4693 738 4747 333333
761 4678 817 4767 pia
842 4676 977 4760 studia,
1022 4677 1051 4743 si
1107 4673 1292 4745 Psatsz:
1330 4669 1404 4760 Ego
1439 4674 1530 4756 dixi,
1576 4672 1758 4768 Dii‘estis,
1800 4679 1896 4770 quod
1922 4675 2094 4766 significat

68 4779 169 4854 'l'urci
192 4781 301 4851 latius
323 4780 596 4868 grassabuntur,
637 4781 666 4848 si
692 4803 789 4868 reges
820 4793 853 4849 et
877 4778 1053 4869 principes
1106 4780 1269 4846 custodes
1293 4775 1392 4843 verbi
1413 4774 1499 4861 Dei,
1537 4791 1570 4844 et
1592 4788 1723 4866 organa
1747 4805 1893 4870 operum
1918 4777 2006 4864 Dei,
2034 4803 2096 4868 per

65 4880 255 4959 Christiani
280 4880 455 4964 nominis,
496 4884 549 4950 vel
581 4882 760 4953 saevitiam
789 4905 949 4951 exercere
975 4904 1053 4970 per·
1108 4901 1197 4968 quae
1212 4876 1309 4960 Deus
1331 4878 1419 4965 regit
1444 4875 1617 4953 homines.
1671 4879 1807 4962 Moses,
1835 4881 1997 4961 Samuel,
2024 4879 2096 4947 Na-

18 4988 21 4993 '
66 5002 156 5077 gent,
184 4985 245 5056 vel
262 4985 440 5054 intestinis
456 4985 558 5054 bellis
580 4987 758 5056 vastitates
783 4983 820 5052 in
845 4984 917 5053 suis
938 4983 1053 5070 regio·
1107 4976 1210 5064 than,
1238 4981 1376 5062 David,
1402 4996 1484 5051 3333
1502 4984 1665 5052 custodes
1682 4986 1778 5053 verbi
1796 4984 1875 5065 Dei,
1905 4999 1938 5053 et
1958 5008 2018 5072 per
2036 5004 2097 5050 eos

66 5086 338 5165 nibustaciem?
381 5085 428 5157 ¹Si
450 5089 566 5156 studia
585 5088 766 5157 literarum
795 5087 1055 5175 extinguentur,
1108 5083 1271 5151 miranda
1296 5108 1400 5173 opera
1427 5081 1523 5152 Deus
1547 5083 1642 5160 facit.
1694 5086 1799 5156 Tales
1824 5100 1924 5156 eraut
1949 5100 1981 5156 et
1999 5083 2099 5169 Saul,

63 5193 267 5267 sidoctores
291 5190 359 5281 ipsi
385 5191 531 5280 privatis
558 5202 594 5260 et
628 5188 826 5260 ambitiosis
851 5186 1056 5258 certamini·
1108 5199 1141 5255 et
1159 5185 1218 5253 alii
1237 5209 1332 5274 reges
1349 5210 1388 5254 ac
1406 5188 1623 5267 sacerdotes,
1651 5189 1788 5257 etiamsi
1812 5186 2030 5258 miscuerunt
2044 5188 2097 5256 ol·
2186 5204 2189 5209 ·

64 5289 585 5376 bosdilacerabuntEcclesias,
612 5305 646 5361 et
664 5290 891 5360 confusiones
907 5291 1055 5378 dogma·
1108 5288 1186 5356 licio
1204 5311 1284 5358 suas
1300 5290 1526 5381 tyrannides,
1558 5305 1597 5361 ut
1624 5291 1673 5362 ibi
1690 5291 1782 5362 Psal.
1806 5314 1864 5361 eos
1884 5305 2039 5377 accusat,
2066 5304 2100 5361 33
2140 5376 2149 5387 ¹

10 5418 13 5433 '
65 5395 308 5485 torosacient?
363 5387 478 5464 lohis
501 5393 710 5488 spectaculis
734 5391 945 5466 tristissimis
966 5392 1056 5463 rele-
1109 5414 1242 5482 poenas
1258 5392 1424 5465 minatur.

1263 3097 1466 3173 Tollebant
1482 3102 1599 3198 igitur
1615 3103 1745 3175 elerum
1761 3102 1918 3205 Iapides.

1637 5488 1724 5564 ts*
