4522 5782
111 142 237 261 sos
317 204 322 211 ’
527 187 610 269 xu.
652 188 1492 283 ·uuannar101nzvaso.1oauuts
1547 197 1743 276 canxt.
2063 214 2149 297 ω

108 356 266 450 adsunt,
295 368 372 431 esse?
390 356 459 432 Dei
486 360 602 449 dona,
633 375 668 436 et
699 368 911 456 petendum,
941 380 982 440 ot
1006 366 1104 441 Deus
1126 376 1131 389 ’
1153 371 1315 441 etrinsm.
1374 368 1436 443 Sic
1459 384 1493 440 et
1518 370 1624 439 nobis
1642 364 1736 444 bane
1756 367 1940 450 historiam
1963 384 2142 477 propone·

112 480 150 529 ea
172 461 281 530 nohis
304 484 378 533 uon
401 463 489 555 eripi
511 465 627 556 sinat,
652 481 687 538 et
702 493 783 539 cum
798 471 1016 563 eripiuntur,
1042 497 1102 563 pe·
1152 496 1250 558 mus,
1286 496 1366 543 cum
1402 472 1570 542 miracula
1610 473 1683 543 sint
1713 477 1914 551 testimonia
1945 486 2141 576 doetrinae,

108 574 224 631 ιεωιεε
238 558 261 633 ε’
273 558 373 652 Deo,
398 579 440 638 ιιι
451 589 515 638 sua
532 569 691 641 mirabili
705 572 864 643 bonitate
878 574 984 644 nobis
999 576 1103 647 aliter
1151 575 1337 663 diligenter
1360 573 1420 642 illa
1442 573 1667 663 colligamus,
1693 599 1785 669 quae
1805 583 1949 672 propria
1967 602 2052 661 sont
2066 585 2139 662 Εε-

108 662 308 756 prospiciat.
1150 675 1296 761 clesiae,
1320 671 1389 747 hoc
1410 688 1480 761 est,
1507 698 1597 767 quae
1619 674 1719 747 nulla
1743 693 1901 753 creatura
1923 685 2056 759 imitari
2072 716 2138 783 po·

1150 789 1233 861 test,
1270 778 1385 869 dualis
1416 790 1466 847 est
1492 777 1712 848 resuscitatio
1736 795 1981 873 mortuorum,
2015 791 2138 863 sistere

1147 902 1289 948 cursum
1311 879 1414 963 solis,
1445 892 1481 949 et
1504 878 1573 948 alia
1598 882 1783 973 quaedam.
1836 881 1933 956 Haec
1953 876 2138 966 manifeste

325 826 330 831 ⁵
414 828 621 936 Instemuil
642 839 791 941 spiritu.

204 964 358 1041 Nullum
382 973 594 1047 miraculum
619 978 696 1048 sine
713 1000 843 1067 magno
860 978 980 1071 aliquo
998 994 1095 1050 motu
1121 1028 1124 1053 ι
1147 982 1339 1050 ostendunt
1368 975 1461 1051 hanc
1484 980 1702 1068 doctrinam,
1734 983 1779 1052 de
1803 1007 1872 1078 qua
1896 988 2137 1081 testificantur,

106 1067 216 1141 enimi
241 1067 422 1145 aChristo
446 1075 577 1148 lactum
599 1095 670 1165 est,
698 1081 788 1150 sicut
804 1082 879 1171 ipse
894 1082 998 1162 dicit,
1022 1081 1097 1152 Lu·
1145 1079 1256 1152 aDeo
1275 1083 1439 1153 traditam
1457 1104 1541 1151 esse.

107 1168 234 1246 oeta
267 1170 371 1244 Sensi
399 1166 565 1249 virtutem
594 1203 614 1250 a
646 1206 703 1252 me
731 1182 889 1256 exivisse.
937 1183 1096 1275 Apparet

107 1286 224 1345 utem
260 1273 426 1365 inprimis
461 1302 608 1370 magnos
638 1298 752 1354 aestus
780 1285 909 1367 animi,
949 1308 1095 1374 magnos
1194 1312 1250 1387 El
1287 1340 1453 1413 mmm
1482 1324 1534 1385 Μ
1560 1327 1746 1408 monum,
1792 1319 1934 1394 ,imm
1961 1322 2072 1424 ped„
2103 1339 2135 1401 α

106 1396 234 1465 agones
249 1376 358 1447 luisse
373 1378 412 1446 in
433 1374 497 1450 hae
513 1386 796 1464 resuscitatione,
821 1385 960 1469 fremit,
986 1388 1093 1472 dolet,
1245 1400 1588 1519 manus'smpolps·

108 1476 331 1567 indignatur,
366 1480 545 1575 lacrymat.
617 1483 668 1554 Hi
696 1500 813 1556 motus
846 1487 953 1557 nobis
982 1488 1093 1577 ignoti

107 1590 205 1663 ΝΜ»
232 1582 296 1649 ⁸⁸⁴¹
318 1579 516 1669 ‘ignificffll
537 1585 669 1657 lutiam
683 1587 910 1675 acerrimam,
935 1613 1015 1659 ⁶⁰¹⁰
1030 1591 1093 1660 de·
1232 1601 1340 1693 Quod
1356 1627 1442 1676 voce
1459 1599 1591 1677 Christi
1606 1603 1761 1677 Lazarus
1775 1622 1962 1681 revocatur
1977 1634 2017 1682 ex
2035 1637 2133 1686 mor·

79 1694 83 1699 “
107 1680 270 1751 mim!
290 1684 496 1754 ῐθῦῦιιὶίιῐθ
517 1686 709 1773 lenitum,
735 1704 896 1781 Prtsstltlt
916 1705 967 1761 ²⁵1
981 1705 1091 1761 ⁸0¹0?-
1141 1718 1194 1790 te,
1221 1719 1253 1775 et
1267 1729 1391 1776 rursus
1405 1706 1476 1777 vita
1491 1707 1665 1792 donatur,
1692 1709 1933 1780 testimonium
1948 1708 2131 1787 estlivan·

106 1802 188 1851 mon
208 1796 365 1873 patrem,
399 1798 439 1854 ut
463 1781 642 1879 hocopus
665 1792 775 1863 beret.
827 1789 897 1861 Hic
918 1792 1091 1883 impedire
1139 1808 1241 1897 getii,
1265 1810 1361 1901 qood
1386 1808 1432 1878 sit
1454 1832 1522 1885 vox
1545 1807 1684 1889 efficax,
1711 1822 1764 1894 et,
1789 1810 1979 1883 utPaulus
2002 1815 2132 1910 inquit,

106 1903 180 1951 urm
197 1876 297 1953 haud
321 1885 430 1955 dubie
454 1888 618 1960 diabolus
634 1906 802 1977 conatur,
829 1892 967 1963 iniectis
984 1896 1091 1964 variis
1141 1912 1298 2000 porentia
1322 1906 1390 1978 Dei
1414 1911 1457 1980 ad
1481 1908 1629 1978 salutem
1654 1911 1753 1979 omni
1780 1913 1959 2005 eredenti,
1991 1915 2022 1985 si
2045 1942 2131 1991 vnce

106 1983 396 2072 ²⁰ssil⁸¹3⁰¹¹5b¹¹⁸s
424 1988 501 2078 ἰΡΜ
525 1992 679 2062 ιῐῦῐιιῐῦὶ
702 1994 1089 2084 ¹⁰P⁰8¹¹³V51d3³b⁰¹⁰s
1139 2012 1294 2081 restituit
1317 2011 1426 2080 vitam
1451 2010 1610 2100 corporis
1626 2008 1778 2095 Lazaro,
1803 2014 1907 2082 etiam
1932 2015 2027 2087 iuxta
2044 2043 2129 2109 pro·

104 2082 186 2155 elias
215 2085 372 2156 irascens
400 2089 563 2178 diabolo,
598 2094 686 2164 alias
712 2094 855 2179 dolens,
888 2109 922 2166 et
945 2096 1089 2192 illacry·
1137 2112 1341 2181 missionem
1374 2135 1474 2181 suam
1505 2136 1590 2181 voce
1614 2106 1799 2200 Evangelii
1830 2119 1998 2187 accendet
2018 2120 2128 2190 vitam

105 2206 201 2255 Μ*
223 2185 533 2280 ΡῐῠΡῑθῐῙιῦῐΜῐιῑ
552 2195 689 2284 εθῦιῐῑι
706 2195 885 2285 ῐῐιεθῐιίθῐῐι
899 2197 1089 2284 Hiberiam,
1138 2227 1315 2283 aeternam
1342 2227 1377 2284 et
1407 2212 1584 2282 iusticiam
1612 2211 1651 2280 in
1680 2214 1865 2300 cordibus,
1896 2229 1938 2286 ut
1964 2215 2127 2293 Christus

104 2287 192 2377 4⁰⁰⁶
214 2303 379 2379 Ρθῑῑθῑθε
406 2292 459 2361 ira
473 2292 562 2386 Dei,
583 2297 772 2390 tyrannide
786 2298 939 2385 diabfflb
967 2300 1089 2370 infini·
1138 2315 1212 2405 ipse
1232 2316 1412 2406 precatur:
1440 2313 1546 2384 Pater
1567 2314 1742 2383 sanctifica
1762 2336 1821 2384 eos
1837 2317 1876 2385 in
1894 2318 2041 2391 veritate
2055 2335 2127 2407 tua,

105 2387 145 2457 Β·
169 2391 450 2480 “hmifflffbffls
482 2408 517 2465 ⁰1
546 2413 660 2468 ¹¹¹⁰&
690 2400 867 2492 ῑθῐρθῐθῙὶ
889 2414 923 2470 el
945 2415 1088 2471 aelerna
1137 2438 1252 2487 sermo
1283 2429 1364 2487 tuus
1392 2429 1444 2486 est
1472 2415 1630 2499 veritas,
1651 2416 1727 2486 vult
1746 2439 1806 2488 eos
1828 2420 2055 2505 sanctificari,
2087 2424 2126 2493 id
2245 2420 2252 2427 ’

102 2512 305 2579 mmmm
336 2517 410 2564 ‘⁸⁸²
441 2519 571 2586 magno
600 2524 681 2570 tum
713 2503 1088 2592 m⁰0r010⁰⁰gfl³b³b
1137 2531 1207 2603 est,
1239 2518 1318 2589 luce
1341 2518 1483 2607 divina,
1516 2517 1695 2608 agnitione
1719 2516 1804 2603 Dei,
1837 2534 1872 2592 et
1897 2522 2035 2593 iusticia
2059 2526 2124 2595 do·

103 2590 213 2661 doluit
239 2610 384 2684 propter
406 2597 495 2666 iram
512 2597 601 2687 Dei,
627 2616 663 2673 et
676 2626 742 2694 pro
757 2604 862 2672 nobis
876 2604 944 2674 fuit
959 2606 1085 2695 depre·
1136 2619 1233 2708 nari,
1259 2619 1464 2714 quomodo?
1489 2644 1553 2713 per
1568 2642 1767 2690 sermonem
1781 2621 1866 2694 Dei.

103 2700 209 2778 tator,
235 2697 297 2764 sed
320 2697 464 2768 diabolo
482 2699 592 2773 iratus
608 2718 678 2786 est,
706 2718 741 2775 et
756 2729 837 2774 eurn
852 2730 871 2774 a
886 2727 923 2773 se
937 2707 1086 2794 depulit.

103 2788 199 2866 Tales
214 2816 347 2884 agones
362 2799 527 2888 fuerunt,
552 2828 642 2898 quos
658 2806 794 2876 etiamsi
809 2807 1086 2898 nosintelligere
1237 2800 1310 2875 Nec
1335 2803 1413 2873 sine
1433 2822 1536 2873 causa
1559 2800 1694 2872 mentio
1715 2801 1754 2875 lit
1777 2802 1906 2891 stolae,
1933 2830 2023 2900 quae
2039 2807 2125 2881 texit

103 2914 166 2965 ooo
190 2920 401 2984 possumus,
420 2916 539 2973 tamen
562 2907 755 2996 cogitemus
777 2909 935 2978 animum
950 2904 1085 2980 Christi
1136 2927 1281 2988 manus,
1315 2907 1421 2996 pedes
1445 2918 1480 2974 et
1500 2903 1637 2978 faciem.
1688 2900 1778 2974 Nam
1804 2903 1929 2975 Esaiae
1945 2905 2009 2985 25.
2031 2910 2126 2982 clare

103 2996 296 3069 mississe
317 3001 488 3091 otiosum,
519 3020 581 3077 aut
603 3010 778 3094 ferreum,
810 3024 871 3080 aut
892 3011 969 3079 sine
992 3012 1085 3081 reris
1135 3008 1268 3078 dicitur
1302 3008 1347 3075 de
1383 3006 1557 3075 abolenda
1588 3017 1723 3087 morte,
1765 3021 1799 3077 el
1829 3008 2059 3081 devOr‘elfilur
2085 3012 2124 3083 ῐῐι

78 3096 277 3181 ,dulcatus
309 3114 352 3201 et¹
385 3129 465 3174 vera
503 3108 760 3200 indignatione.
823 3108 952 3205 Nullus
987 3114 1084 3181 enim
1134 3123 1254 3179 monte
1277 3102 1346 3177 boc
1362 3106 1467 3176 iacies
1482 3103 1748 3191 involutorum,
1772 3131 1841 3202 qua
1860 3133 1983 3181 omnes
1998 3112 2124 3204 populi

103 3210 162 3267 tem
192 3202 270 3271 acri
300 3203 425 3275 dolore
455 3208 629 3297 allicitur,
657 3235 738 3282 cum
762 3213 859 3283 videi
881 3213 1081 3285 carissimae
1133 3210 1287 3280 involuti
1311 3221 1421 3309 sunt,
1446 3222 1481 3278 et
1503 3220 1765 3298 tegumentum,
1798 3234 1870 3302 quo
1892 3235 2016 3282 omnes
2038 3236 2124 3304 gen·

100 3297 180 3370 viliae
195 3326 374 3375 summam
391 3308 644 3398 calamitatem,
668 3337 774 3406 quarn
794 3314 884 3383 acris
899 3316 1083 3386 dolorsuit
1133 3326 1186 3385 tes
1209 3324 1393 3403 coopertae
1414 3324 1517 3393 sunt,
1541 3324 1574 3379 ει
1595 3332 1691 3378 mors
1714 3309 1945 3381 devorabitur
1963 3314 2124 3402 omnino,
2249 3378 2252 3383 .

105 3394 227 3476 Christi
241 3406 336 3476 mala
352 3421 471 3479 nostra
488 3412 658 3499 ridentis,
683 3416 767 3508 quia
783 3414 1013 3491 diciturEbr.
1028 3418 1081 3491 4.:
1133 3428 1168 3485 et
1190 3415 1364 3502 absterget
1386 3414 1555 3482 dominus
1572 3409 1672 3481 Deus
1694 3435 1836 3480 omnem
1861 3413 2052 3509 lacrymam
2076 3418 2124 3487 ab

104 3494 171 3573 lton
194 3498 373 3578 hebernus
388 3509 611 3599 Pontificem,
637 3519 698 3610 qui
714 3516 787 3585 nou
804 3518 914 3608 possit
929 3520 1082 3610 compati
1132 3516 1232 3586 omni
1253 3514 1359 3601 facie,
1386 3528 1422 3586 et
1444 3512 1676 3605 opprobrium
1699 3514 1822 3604 populi
1848 3515 1903 3583 sui
1927 3518 2059 3587 auferet
2077 3519 2122 3588 de
2184 3525 2191 3537 '

105 3608 220 3677 tastris
236 3609 522 3700 infirmitatibus,
546 3619 606 3686 sed
623 3630 797 3688 tentatum
813 3643 876 3709 per
890 3622 1083 3689 omniase·
1131 3618 1297 3687 universa
1319 3630 1424 3692 terra.
1478 3613 1620 3684 illustre
1642 3626 1677 3683 et
1692 3615 1796 3683 dulce
1810 3617 2053 3687 testimonium
2071 3632 2122 3690 est

105 3710 248 3781 undum
277 3711 573 3798 similitudinem,
608 3720 685 3787 siue
715 3734 869 3810 peccato.
923 3717 1081 3792 Acceda-
1131 3721 1175 3790 de
1206 3718 1398 3803 universali
1426 3714 1685 3787 resurrectione
1714 3729 1749 3786 et
1779 3716 1823 3785 de
1848 3720 2025 3788 reddenda
2048 3720 2121 3792 vita

105 3822 274 3901 mergo
295 3838 375 3883 cum
393 3816 533 3891 fiducia.
586 3818 784 3891 invitemur
800 3834 833 3890 et
848 3823 1019 3893 libentius
1035 3826 1079 3893 ad
1131 3834 1318 3912 perpetua,
1350 3820 1442 3890 sicut
1472 3834 1507 3890 et
1533 3816 1607 3906 ipsa
1631 3814 1756 3886 Lazari
1777 3819 1998 3917 resuscitatio
2021 3821 2119 3891 lesti-

106 3900 271 3983 iihristnm
294 3917 556 4007 confugiamus,
588 3944 668 3990 cum
693 3946 774 3991 vere
796 3947 876 3992 eum
899 3926 991 3995 affici
1014 3926 1082 3995 no'-
1130 3921 1291 3992 monium
1320 3934 1389 4006 est,
1419 3915 1517 3990 hunc
1539 3912 1723 3987 Christum
1751 3917 2023 3990 instauratorem
2047 3942 2121 3993 esse

105 4018 162 4081 tlro
188 4015 316 4086 dolore
345 4019 551 4106 statuimus,
583 4025 679 4114 quod
703 4038 797 4095 certe
818 4025 945 4096 docent
968 4028 1078 4097 multa
1129 4024 1234 4109 vitae,
1260 4022 1426 4092 convenit
1441 4036 1556 4092 autem
1573 4017 1685 4088 forma
1703 4020 1893 4090 verborum
1911 4045 1991 4091 cum
2007 4016 2120 4092 histo-

105 4111 289 4186 ltttimonia
306 4142 466 4211 expressa
481 4122 522 4191 in
537 4123 685 4193 diversis
699 4119 874 4212 historiis,
899 4125 1079 4202 utMatth.
1130 4126 1181 4196 ria
1204 4125 1348 4209 Lazari,
1373 4120 1497 4195 Esaias
1520 4120 1639 4215 inquit
1660 4121 1843 4203 futurum,
1871 4133 1911 4190 ut
1932 4121 2118 4195 involucra

105 4204 146 4281 h:
167 4212 307 4290 Videas
327 4223 466 4307 turbas,
492 4225 657 4296 misertus
680 4241 732 4299 εει
755 4251 897 4315 earum,
922 4244 959 4301 et
977 4253 1080 4322 saepe
1128 4227 1297 4298 facierum
1318 4225 1503 4301 tollantur.
1552 4222 1604 4293 lta
1622 4217 1680 4291 hic
1694 4221 1792 4291 iubet
1809 4217 1972 4294 Christus
1986 4224 2118 4295 auferri

105 4310 186 4389 elias.
1128 4330 1235 4415 stolas
1256 4343 1291 4400 et
1311 4328 1482 4416 tegmina,
1509 4324 1637 4417 quibus
1661 4322 1821 4393 involuta
1842 4337 1942 4394 erant
1958 4326 2117 4397 membra

185 4415 242 4491 Αε
264 4423 410 4493 tandem
432 4450 613 4517 emergens
633 4425 799 4503 Christus
821 4455 861 4502 ex
885 4428 951 4502 hac
973 4433 1078 4518 lucta,
1127 4429 1265 4505 Lazari.
1317 4429 1529 4517 Congruunt
1544 4425 1654 4515 igitur
1670 4422 1841 4514 imagines
1855 4425 1895 4494 iu
1908 4422 2012 4495 Esaia
2027 4440 2061 4498 et
2076 4428 2116 4497 in

104 4513 209 4620 'ncipit
225 4525 357 4613 gratias
371 4549 473 4615 agere
490 4532 600 4623 patri,
625 4536 720 4625 quod
737 4535 933 4605 exaudierit
949 4536 1076 4627 ipsum.
1127 4528 1275 4603 historia
1293 4530 1438 4613 Lazari,
1464 4543 1499 4600 et
1520 4549 1576 4595 res
1596 4525 1718 4594 eadem
1742 4526 1780 4594 in
1798 4540 1948 4621 ultaque
1964 4528 2116 4599 lectione

104 4610 182 4691 ilaec
205 4628 315 4697 verba
338 4639 513 4702 testantur
533 4634 671 4725 priores
690 4636 772 4705 illos
795 4636 936 4705 dolores
952 4662 992 4706 ac
1006 4637 1076 4705 sre-
1126 4634 1354 4722 significatur.
1404 4630 1522 4714 Stola,
1548 4650 1617 4721 qna
1640 4649 1761 4744 sumus
1780 4627 1963 4746 impliciti,
1989 4630 2115 4699 abiici-

105 4720 193 4795 nitos
214 4727 327 4798 inisse
348 4730 460 4799 animi
483 4736 657 4824 precantis
673 4736 808 4816 Deum,
835 4751 869 4807 et
887 4739 981 4807 inter
996 4761 1075 4828 pre·
1126 4750 1203 4819 tur,
1236 4733 1272 4804 id
1299 4745 1369 4816 est,
1394 4729 1553 4822 corporis
1577 4739 1691 4799 nostra
1713 4728 1937 4848 imbecellitas
1959 4743 1993 4802 et
2016 4756 2115 4800 mor·

103 4826 237 4899 nodum
270 4834 500 4921 repugnantis
534 4837 677 4906 diabolo
708 4839 893 4908 obiicienti
925 4838 1074 4930 impedi·
1127 4837 1241 4908 talitas
1269 4835 1426 4917 exuitur,
1459 4847 1493 4904 et
1523 4853 1618 4901 nova
1641 4842 1754 4910 veste,
1786 4832 1823 4899 rd
1849 4845 1919 4921 est,
1954 4834 2114 4922 eorporis

104 4940 213 4999 unta,
263 4927 313 5001 Ει
333 4935 432 5003 addis
453 4935 491 5003 in
510 4936 580 5005 fine
602 4961 742 5007 causam
767 4940 998 5031 principalem
1019 4953 1074 5010 ω.
1125 4938 1309 5006 vivacitate
1335 4958 1522 5018 ornamur,
1548 4954 1637 5025 quae
1652 4943 1773 5001 cernet
1788 4932 1901 5001 oculis
1914 4930 2031 5002 Deum
2042 4970 2064 5017 ,a
2079 4949 2114 5005 et

105 5021 157 5097 lios
169 5030 275 5117 iacti,
300 5055 400 5102 suam
420 5036 680 5107 invocationem
699 5041 825 5110 factam
842 5064 933 5126 esse,
957 5054 999 5112 ut
1012 5065 1074 5132 ap·
1124 5038 1263 5109 ardebit
1282 5038 1438 5108 motibus
1460 5032 1719 5129 spiritualibus.
1770 5031 1867 5103 Haec
1882 5045 1923 5103 ut
1939 5034 1978 5103 in
1996 5035 2112 5105 verbis

105 5138 204 5215 locat
218 5155 276 5217 se,
300 5156 392 5225 quae
406 5136 555 5207 iaciebat
572 5141 727 5228 potentia
743 5136 849 5212 buius
863 5137 948 5227 Dei,
974 5145 1074 5213 cuius
1122 5139 1268 5225 Esaiae,
1292 5141 1340 5210 ita
1357 5140 1394 5207 in
1412 5133 1558 5209 historia
1573 5130 1699 5205 Lazari
1713 5133 2023 5252 significatasunt,
2049 5139 2109 5205 sed

78 5219 218 5323 ,fiboc
244 5237 381 5326 populo
413 5238 572 5308 doctrina
596 5241 727 5322 „tradita
750 5255 842 5322 erat,
873 5244 1008 5328 facere,
1038 5258 1072 5314 et
1123 5264 1244 5312 revera
1273 5241 1376 5325 fient,
1405 5264 1486 5310 cum
1517 5235 1628 5308 sancti
1655 5234 1700 5304 io
1727 5235 1922 5305 unsversalr
1954 5258 2110 5307 resurre-

78 5332 80 5363 '
106 5314 175 5405 bae
202 5335 510 5411 ammirationem
539 5341 616 5413 fieri
637 5343 683 5411 ad
704 5341 981 5415 confirmandam
1005 5344 1071 5415 do·
1123 5342 1239 5415 ctione
1256 5367 1350 5416 nora
1365 5354 1397 5414 et
1415 5336 1712 5512 perpeaea‘gloris
1729 5334 1936 5429 vestientur.
