4522 5782
108 190 158 290 sss
704 203 827 277 eutr.
856 200 972 279 aran.
1000 202 1211 287 scetem
1238 204 1542 289 uxuussrtca.
1637 282 1641 289 .

111 406 172 461 tur
193 381 303 476 igitur
324 379 526 451 universam
549 373 765 461 Ecclesiam,
789 376 839 446 sic
855 377 991 456 Adam,
1016 373 1106 459 No'e',
1261 377 1438 469 Quintus,
1470 385 1688 473 extinguitur
1716 400 1787 456 totu
1812 389 1973 460 clotarius,
1999 418 2007 455 a

112 482 317 570 Abraham,
350 478 472 552 Moses
494 493 529 550 et
549 480 678 574 reliqui
704 478 806 548 electi
830 502 954 549 omues
977 480 1103 549 salvati
1155 480 1304 554 etDeus
1325 499 1508 555 accusatur
1531 490 1726 574 mendacii,
1751 493 1781 560 si
1804 493 2007 564 centanam

112 606 215 675 suut,
240 583 445 659 haurientes
461 606 502 651 ex
516 577 584 652 hoc
598 583 714 665 fonte,
741 582 864 666 idest,
889 605 932 651 ex
946 575 1104 651 boc'me-
1156 585 1270 669 num,
1297 588 1392 679 qnod
1415 588 1460 659 sit
1481 588 1720 661 dubitandum
1740 594 1785 662 de
1802 595 2007 664 feminium,

111 696 205 772 rito,
237 705 273 761 et
304 712 345 757 er
368 684 525 778 potentia
550 684 644 769 eius,
678 685 713 753 id
741 696 812 769 est,
845 698 990 774 propter
1014 678 1105 754 tuuc
1156 701 1286 760 torum.

115 796 294 869 victimam
315 788 495 861 consecuti
512 803 595 858 sunt
611 786 954 869 reconciliationem,
980 786 1104 877 etipse
1258 787 1402 872 Sextus,
1429 793 1580 881 pavidae
1602 811 1736 866 mentes
1753 797 1946 885 adiguntur
1959 803 2004 869 ad

113 899 183 972 tute
204 897 245 970 iu
263 894 314 964 eis
330 892 470 975 efficax,
495 890 594 961 dedit
609 890 660 959 eis
677 888 850 979 Spiritum
867 902 1028 959 sanctum
1048 889 1105 955 in·
1155 892 1348 969 rationem.
1383 907 1416 963 et
1439 896 1580 967 tollitur
1602 912 1694 967 certa
1718 901 1932 987 consolatio,
1964 919 1999 972 et

113 1013 275 1073 coantem
290 1018 420 1066 novam
437 994 564 1077 lucem,
588 1007 622 1064 et
638 993 744 1061 vitam
761 1005 939 1061 aeternam
956 992 993 1059 iu
1008 991 1104 1082 ipsis.
1155 993 1462 1069 conscientiarum.

193 1099 320 1184 ,Hauc
342 1098 453 1187 ipsam
476 1118 552 1164 esse
576 1095 785 1164 sententiam
809 1106 983 1163 testantur
997 1093 1104 1162 verba
1257 1094 1458 1185 Septimus,
1485 1100 1625 1172 tollitur
1646 1125 1727 1171 vera
1744 1103 1942 1190 invocatio,
1965 1133 2007 1198 qe

113 1203 312 1300 sequentia:
347 1196 509 1269 Gratiam
534 1220 599 1287 pro
623 1196 755 1285 gratia,
788 1195 823 1262 id
850 1208 920 1279 est,
947 1195 1105 1266 reconci-
1156 1198 1380 1288 patescunt,
1405 1224 1484 1270 cum
1503 1205 1842 1292 menelogitlleum.
1892 1205 2007 1304 Deniq

114 1308 297 1380 liatiouem
319 1301 431 1373 nostri
454 1324 517 1391 pro
534 1322 653 1368 amore
669 1322 748 1389 erga
765 1298 890 1365 fitium.
943 1297 1042 1368 Sicut
1060 1300 1103 1367 ad
1156 1295 1239 1369 haec
1262 1295 1457 1391 pharisaica
1486 1305 1692 1393 imaginatio
1724 1310 1767 1376 de
1798 1309 1891 1398 lege,
1924 1326 2007 1383 tanta

114 1406 247 1501 Ephes.
266 1410 301 1479 1·
326 1404 476 1495 sriptum
500 1416 568 1471 est:
595 1398 713 1490 Elegit
728 1424 793 1471 nos
811 1401 848 1468 in
868 1401 956 1488 ipso.
1000 1399 1104 1469 Item:
1155 1396 1295 1470 ethnica
1329 1416 1362 1471 et
1394 1405 1581 1474 rationalis
1610 1409 1790 1491 doctriua,
1826 1437 1892 1481 nec
1916 1437 2004 1505 prog

113 1509 249 1583 Dilexlt
268 1533 334 1579 nos
356 1508 394 1575 in
415 1504 561 1589 dilecto,
587 1505 624 1574 id
649 1517 718 1588 est,
744 1516 889 1594 propter
911 1502 1022 1570 filium
1046 1503 1105 1572 di·
1156 1504 1316 1575 ulterius.
1376 1503 1452 1575 Hos
1475 1508 1584 1597 igitur
1606 1524 1722 1581 tantos
1745 1537 1881 1584 errores
1904 1520 2007 1586 taxari

114 1617 256 1685 lectum.
308 1608 379 1683 Sed
402 1602 487 1676 haec
502 1630 577 1677 non
592 1606 748 1695 legamus
764 1618 798 1675 et
811 1605 997 1674 audiamus
1011 1604 1105 1674 otio·
1156 1621 1229 1679 tere
1253 1609 1477 1677 manifestum
1501 1624 1573 1696 est,
1596 1628 1631 1683 et
1653 1614 1698 1681 de
1719 1609 1776 1682 his
1792 1612 1956 1689 Christus
1972 1644 2007 1689 sa

113 1714 325 1797 sicanimis,
356 1712 418 1780 sed
435 1711 576 1780 accedat
590 1708 676 1777 fides
691 1731 749 1779 seu
766 1707 914 1790 fiducia,
940 1731 1030 1800 quae
1046 1730 1106 1777 sn·
1157 1708 1262 1779 micat
1290 1733 1369 1779 cum
1402 1709 1557 1797 ludaeis,
1598 1728 1637 1785 nt
1665 1739 1738 1807 cap.
1761 1717 1796 1787 3.
1827 1744 1906 1789 cnm
1939 1719 2004 1790 Nic

114 1831 244 1892 stertet
267 1839 333 1885 nos
356 1815 395 1881 in
419 1811 512 1882 veris
536 1811 747 1902 pavoribus,
773 1811 916 1878 intuens
937 1811 975 1876 in
991 1810 1103 1879 lilium
1157 1835 1229 1900 cap.
1247 1812 1300 1881 8.:
1327 1809 1365 1882 Si
1393 1813 1572 1899 filinsvos
1596 1816 1779 1903 liberavit,
1806 1846 1885 1891 vere
1908 1823 2007 1892 liberi

114 1920 201 2005 Dei,
236 1931 271 1993 et
300 1942 341 1989 ex
368 1915 443 1984 eius
466 1912 711 2005 plenitudine,
745 1912 872 1980 merito
895 1923 927 1980 et
951 1911 1106 2002 potentia
1129 1902 1133 2052 t
1155 1909 1204 1984 Et
1225 1912 1313 1982 alias
1333 1936 1445 2004 saepe.
1500 1915 1597 1987 {dem
1614 1920 1683 2009 agit
1701 1918 1833 1991 Paulus
1848 1926 1895 1992 ad·
1908 1922 2002 1997 Rom

114 2021 296 2094 hauriens.
348 2010 396 2086 Et
424 2040 505 2086 eum
538 2029 730 2087 statuemus
763 2015 808 2082 ab
840 2027 984 2083 aeterno
1009 2026 1107 2105 patre
1129 2058 1133 2111 4
1156 2015 1214 2104 bi,
1242 2028 1277 2084 et
1299 2011 1460 2107 Baptista
1483 2012 1577 2088 haud
1603 2022 1712 2091 ‹ltrbie
1736 2025 1899 2116 pluribus
1922 2026 2007 2097 verb

113 2150 196 2195 vere
225 2122 347 2217 diligi,
381 2130 575 2191 statuamus
603 2131 638 2189 et
665 2140 731 2186 nos
751 2129 894 2207 propter
920 2139 1001 2185 eum
1024 2139 1107 2185 vere
1157 2117 1329 2207 exposuit.

114 2228 235 2319 diligi,
269 2221 399 2323 recipi,
432 2220 613 2304 exaudiri,
645 2231 678 2287 et
702 2217 851 2298 salvari,
883 2217 1020 2287 etiamsi
1045 2242 1103 2286 su·
1260 2216 1325 2288 Est
1347 2218 1457 2310 igitur
1478 2217 1562 2293 haee
1579 2225 1753 2295 sententia
1772 2228 1807 2295 in
1826 2225 2007 2319 antithesi,

114 2353 194 2401 tuus
219 2326 371 2419 indigni.
424 2319 468 2392 ln
489 2323 551 2392 tali
578 2320 743 2391 exercitio
767 2320 870 2403 fidei,
897 2333 929 2390 et
944 2319 1125 2390 consola?
1157 2319 1259 2390 miles
1285 2337 1368 2392 sunt
1393 2348 1583 2415 personae,
1614 2324 1735 2396 Moses
1756 2346 1789 2397 et
1814 2328 1972 2400 Messias.

114 2434 231 2512 tione,
263 2444 297 2501 et
318 2421 562 2509 invocatione,
587 2422 791 2492 dulcescent
813 2420 917 2490 nobis
939 2415 1025 2490 baec
1049 2421 1106 2490 di·
1130 2434 1134 2493 t
1158 2436 1295 2492 tantum
1320 2424 1387 2495 luit
1412 2428 1536 2495 doctor
1561 2442 1593 2496 et
1617 2428 1783 2519 politicus
1806 2434 2007 2517 gasbernato·

113 2550 192 2619 cta.¹
214 2547 249 2604 et
267 2528 397 2601 clarius
415 2527 671 2617 intelligentur.
724 2521 812 2595 Sum
830 2537 946 2593 autem
964 2524 1108 2593 brevior
1130 2602 1133 2615 Ι
1158 2525 1226 2595 luit
1244 2525 1469 2616 propicietur,
1497 2554 1570 2597 non
1585 2532 1726 2599 sustulit
1741 2547 1921 2618 peccatum
1937 2552 1969 2606 et
1987 2563 2007 2604 n

114 2639 152 2708 in
174 2632 249 2719 his,
275 2629 467 2704 uberrimis
488 2630 592 2702 dietis
609 2626 838 2712 enarrandis,
864 2624 949 2719 quia
962 2624 1106 2694 eaedem
1130 2630 1133 2667 ¹
1158 2624 1307 2696 Messias
1339 2652 1424 2698 vero
1448 2654 1521 2699 non
1545 2644 1682 2702 tantum
1707 2647 1758 2702 est
1782 2636 1924 2719 doctor,
1956 2662 2007 2707 sec

113 2737 309 2815 sententiae
332 2756 434 2824 saepe
456 2744 681 2827 repetentur,
708 2743 747 2800 ut
765 2754 847 2798 mox
863 2728 900 2797 in
918 2727 1108 2798 collatione
1159 2728 1391 2820 propiciator,
1418 2732 1512 2802 toltit
1534 2749 1714 2826 peccatum
1740 2750 1773 2806 et
1794 2753 1960 2823 mortem,
1987 2742 2007 2808 d

114 2842 210 2941 Masi
226 2854 262 2912 et
277 2835 439 2911 Messias.
1130 2838 1133 2885 ἕ
1159 2832 1268 2901 ritum
1291 2847 1451 2904 sanctum
1475 2849 1509 2904 et
1536 2837 1644 2907 vitam
1671 2853 1870 2920 aeternam,
1897 2866 1961 2910 nec
1984 2867 2007 2911 e:

163 3002 243 3085 rix
257 3031 323 3107 per
339 3002 473 3077 Mosen
491 2997 584 3073 doto
602 3012 672 3085 est,
696 3000 827 3098 gratio
845 3009 877 3070 et
896 2999 1031 3070 veritas
1044 3022 1109 3098 per
1130 2888 1134 3043 i
1159 2932 1248 3002 ἠως
1277 2936 1513 3023 gubernatur,
1546 2954 1586 3008 ¹¹¹
1615 2963 1677 3008 ⁹⁰⁸
1702 2938 1821 3010 ¹⁰d³²3
1847 2946 2007 3015 ⁸⁰¹¹¹¹¹3³ll

1130 3046 1134 3145 j
1158 3030 1264 3105 habet
1281 3037 1386 3128 longe
1405 3038 1502 3108 aliud
1519 3039 1693 3123 officium,
1720 3056 1769 3111 est
1786 3043 1927 3114 victima
1944 3071 2007 3137 pro

1130 3154 1133 3241 t
1159 3152 1216 3217 tu,
1244 3152 1294 3208 est
1311 3154 1501 3231 perpetuus
1515 3147 1678 3211 sacerdos
1693 3159 1724 3213 et
1742 3146 1915 3216 mediator
1930 3149 2007 3219 inte.

216 3248 286 3320 Hic
300 3251 354 3318 est
367 3244 517 3333 insignis
534 3242 644 3322 locus,
673 3243 817 3312 tradens
835 3240 1024 3311 discrimen
1036 3240 1106 3313 Le·
1159 3255 1194 3310 et
1207 3235 1390 3328 homines,
1416 3245 1477 3314 dat
1491 3245 1733 3314 remissionem
1751 3263 1993 3337 peccatorum,

114 3355 168 3445 gis
189 3365 223 3439 et
240 3347 447 3439 Evangelii,
473 3346 567 3439 qnod
591 3346 628 3412 iu
645 3339 801 3413 Ecclesia
826 3344 977 3413 maxime
1001 3369 1108 3434 opor·
1159 3342 1333 3412 iusticiam
1361 3356 1396 3414 et
1430 3344 1541 3416 vitam
1578 3361 1771 3421 aeternam.
1830 3347 1915 3421 Dixi
1946 3354 1991 3421 de

114 3469 165 3529 tet
178 3454 338 3525 existere.
391 3447 439 3522 Ut
457 3448 551 3518 enim
571 3441 751 3539 Pharisaei
769 3444 1059 3535 imaginabantur
1072 3470 1108 3516 se
1130 3452 1134 3525 t
1158 3444 1255 3513 mine
1272 3467 1517 3535 personarum.

115 3560 190 3648 lege
206 3556 317 3626 iustos
332 3576 424 3631 esse,
453 3573 517 3619 nec
534 3561 663 3619 runcant
678 3546 848 3616 beneficia
864 3545 1032 3632 Messiae,
1058 3549 1107 3617 sic
1261 3543 1364 3617 Nunc
1392 3549 1583 3620 discrimen
1607 3548 1711 3641 Legis
1742 3563 1772 3621 et
1798 3546 1982 3644 Evangelii

114 3658 221 3731 multi
242 3659 279 3726 in
297 3652 453 3726 Ecclesia
478 3653 699 3720 contendunt
722 3647 885 3719 homines
906 3649 1018 3720 iustos
1034 3673 1107 3719 esse
1158 3648 1288 3731 ciatur,
1315 3653 1411 3742 quod
1434 3653 1590 3722 ostendit
1610 3665 1744 3734 textus,
1769 3680 1849 3722 cnm
1876 3658 1943 3727 ait:
1974 3656 2007 3728 G

115 3762 284 3865 operibns
304 3757 472 3844 Decalogi
496 3768 531 3824 et
554 3753 763 3830 ceremoniis
787 3766 820 3821 et
836 3749 1109 3843 Episcoporum,
1158 3749 1288 3819 veritas
1323 3775 1387 3843 per
1418 3753 1532 3824 lesum
1562 3749 1744 3827 Christum
1780 3755 1869 3825 tacta
1901 3774 1962 3828 est.

39 3942 43 3949 ,
112 3891 179 3936 nec
210 3861 427 3950 intelligunt
444 3855 613 3928 beneficia
642 3848 795 3935 Christi,
843 3867 876 3922 et
907 3855 1107 3924 doctrinam
1156 3866 1263 3923 eruut
1285 3855 1488 3945 perspicua,
1520 3856 1550 3926 si
1574 3858 1744 3947 cogitabis
1766 3855 1960 3948 Baptistam
1984 3864 2007 3931 le

114 3967 208 4041 fidei.
260 3963 338 4034 Hae
360 3962 526 4032 tenebrae
550 3957 682 4025 multos
704 3978 841 4025 errores
864 3959 1108 4049 complectuu-
1158 3954 1295 4043 integro
1316 3971 1351 4028 et
1373 3973 1617 4028 consummato
1635 3960 1804 4031 beneficio
1821 3956 1967 4036 Christi.

114 4068 192 4156 tur,
215 4090 305 4160 quos
318 4086 460 4135 necesse
477 4075 528 4131 est
543 4059 687 4129 refutari
701 4074 735 4129 et
749 4059 903 4150 explodi.
1156 4056 1330 4146 siguificat
1355 4060 1702 4145 reconciliationem,
1728 4089 1797 4156 qua
1814 4065 1853 4132 in
1869 4061 1934 4135 bae
1948 4068 2007 4136 vita

219 4169 360 4239 Primus
392 4187 493 4235 error
522 4175 573 4230 est
601 4161 788 4251 imaginari
818 4161 915 4254 quod
944 4155 1108 4232 homines
1157 4173 1217 4230 tor
1231 4160 1336 4230 nobis
1352 4162 1512 4233 remissio
1529 4179 1751 4255 peccatorum
1762 4168 1869 4252 gratis
1880 4186 2005 4258 propte

115 4272 253 4365 possint
268 4270 336 4359 legi
355 4269 420 4341 Dei
435 4266 645 4338 satisfacere.
684 4294 688 4300 ·
1157 4258 1243 4346 Dei,
1269 4286 1343 4331 non
1368 4279 1514 4357 propter
1537 4265 1648 4355 legem
1673 4282 1734 4338 aut
1749 4283 1869 4338 nostra
1887 4272 2007 4343 merita

217 4372 423 4453 Secundus,
455 4370 551 4460 qarod
576 4365 726 4435 interior
751 4362 930 4436 dubitatio
956 4367 1001 4433 de
1024 4389 1108 4454 pro·
1156 4365 1241 4434 ritae
1261 4365 1433 4456 significat
1449 4391 1567 4437 veram
1583 4367 1651 4439 Dei
1667 4369 1855 4456 noticiam,
1885 4397 1957 4441 non
1976 4400 2007 4443 ce

113 4477 293 4559 videntia,
317 4477 362 4542 de
386 4468 518 4540 iraDei
540 4472 708 4549 adversus
732 4479 889 4558 peccata,
916 4468 959 4536 de
982 4468 1107 4535 remis-
1157 4468 1308 4557 peccati,
1337 4494 1456 4542 veram
1474 4470 1606 4556 vitam,
1631 4495 1707 4541 non
1725 4473 1898 4563 captivam
1918 4492 2008 4548 mort

114 4580 236 4663 sione,
267 4579 352 4648 item
380 4573 548 4645 sectaritas
576 4571 757 4660 negligens
780 4569 870 4638 iram
891 4565 982 4653 Dei,
1011 4570 1107 4639 dilfi·
1157 4569 1267 4661 niqne
1287 4595 1369 4642 vera
1394 4586 1429 4643 et
1451 4587 1592 4643 aeterna
1616 4575 1729 4658 hona,
1757 4600 1848 4666 quae
1871 4567 2007 4648 etsiim

115 4682 237 4755 dentia
254 4703 329 4750 nou
344 4671 868 4765 assentienspromissionibus,
895 4696 969 4741 non
984 4675 1108 4742 ardere
1157 4671 1196 4740 iu
1223 4667 1289 4742 bac
1312 4673 1454 4746 mortali
1479 4675 1573 4757 vita,
1607 4689 1725 4745 tamen
1752 4692 1829 4766 post
1854 4703 2007 4751 resurrec

114 4768 326 4867 dilectione,
350 4778 518 4852 admirari
537 4801 627 4859 sese,
654 4774 830 4845 confidere
850 4774 1004 4866 propriis
1019 4774 1107 4844 viri·
1157 4767 1421 4847 exhibebuntur
1445 4776 1601 4866 integre.
1644 4774 1762 4847 Donat
1789 4780 1897 4866 igitur
1921 4783 2007 4851 talen

116 4891 183 4957 bus
205 4900 238 4957 et
261 4884 441 4975 despicere
463 4881 571 4965 alios,
597 4879 681 4950 item
705 4877 832 4947 vitiosa
852 4876 1107 4967 concupiscere·
1157 4876 1267 4960 ciam,
1291 4877 1467 4949 iusticiam
1482 4892 1518 4948 et
1534 4880 1658 4964 vitam,
1684 4906 1775 4974 quae
1792 4897 1877 4952 tunc
1894 4901 1944 4954 est
1960 4888 2007 4956 sir

114 4992 183 5073 tia,
208 5012 285 5060 non
302 4987 375 5058 sint
390 4999 550 5078 peccata,
576 5006 642 5051 nec
656 4991 853 5071 repugnent
870 4979 939 5067 legi
954 4976 1034 5049 Dei.
1157 5002 1214 5061 re,
1247 4978 1324 5049 sine
1355 4993 1518 5072 peccato,
1553 4981 1630 5052 sine
1655 4998 1781 5054 morte.
1849 4984 2002 5056 Nomina

221 5089 367 5162 Tertius
395 5109 515 5171 error,
546 5084 644 5178 quod
672 5095 814 5153 externa
844 5080 1032 5175 disciplina
1062 5081 1107 5153 sit
1157 5080 1361 5165 veritatem,
1394 5108 1476 5152 vera
1501 5096 1534 5153 et
1559 5099 1700 5156 aeterna
1727 5086 1842 5172 bona,
1870 5114 1910 5159 ac
1933 5092 2007 5159 facil

114 5195 252 5267 iusticia
269 5217 389 5264 coram
405 5187 493 5259 Deo.
1128 5194 1133 5327 ι
1157 5183 1269 5272 telligi
1303 5185 1436 5256 dictum
1460 5184 1641 5278 Baptistae
1672 5203 1803 5278 potest,
1834 5215 1913 5259 cum
1943 5194 2002 5262 illa

194 5297 396 5386 Quartus,
429 5291 523 5386 qavut
548 5284 693 5361 Christo
724 5280 923 5357 detrahitur
945 5308 1050 5359 verus
1072 5298 1108 5357 et
1129 5336 1133 5387 ,
1156 5285 1428 5360 summationem
1451 5289 1660 5380 aspicimus,
1686 5293 1838 5383 quamsi
1854 5307 1993 5367 tantum

115 5399 282 5496 proprius
298 5394 435 5478 honos,
462 5392 700 5475 ludificatoria
715 5405 749 5462 et
766 5387 984 5467 mediatoris.
1130 5388 1222 5466 ictis
1248 5389 1286 5459 in
1305 5384 1372 5462 hac
1396 5393 1536 5463 mortali
1562 5392 1631 5467 vita
1657 5396 1871 5484 cogitemus,
1897 5400 1981 5480 etsi,

187 3118 190 3125 '
214 3109 341 3183 Iesum
355 3100 549 3180 Christum
558 3104 673 3206 sacto
691 3113 753 3175 est.
