4522 5782
38 194 122 279 err
234 190 336 271 arn.
386 196 426 269 a.
452 186 821 279 connanrann
847 188 900 263 m
924 184 1083 265 aner.
1107 181 1260 263 raum
1286 179 1356 261 sn
1382 168 1648 269 nonanus.
1698 192 1805 274 cna.
1832 200 1882 313 r,
1999 210 2081 289 «ω
2170 130 2193 233 '-

44 381 97 441 ert
122 368 287 455 credere,
315 365 412 461 quod
436 376 582 458 propter
603 357 786 436 Christum
812 362 924 435 aimus
945 357 1043 452 iusti,
1094 356 1246 431 verbum
1274 357 1396 446 audis,
1429 373 1465 433 et
1494 364 1609 435 credis
1635 360 1729 441 hanc
1757 394 1833 446 esse
1862 377 2084 453 voluntatem

43 472 175 555 ψη,
199 469 334 561 „cepti
349 466 439 543 000,
831 522 843 543 ,
1097 460 1191 545 eius,
1213 458 1305 529 velle
1319 461 1369 531 sic
1383 485 1464 533 eum
1480 466 1567 550 coli,
1592 470 1682 542 velle
1699 478 1876 565 exaudire,
1894 481 1985 553 sicut
1999 506 2108 576 pro-s

43 628 88 651 .,
148 572 249 645 Hinc
272 584 387 664 potest
416 568 574 662 conspici
598 566 790 639 discrimen
822 565 904 635 fidei
931 578 967 637 et
987 565 1044 636 di·
1095 558 1207 635 misit:
1231 559 1336 633 Hanc
1358 586 1433 634 erse
1455 571 1771 652 sententiamdicti
1798 579 1838 649 in
1857 579 1975 653 Moira
1997 588 2084 659 estis

43 676 229 761 lectionis,
255 688 290 746 et
305 697 415 769 quare
431 674 622 744 dicendum
643 671 705 744 sit:
734 666 824 738 Fide
847 690 969 741 sumus
987 671 1043 738 iu·
1093 665 1218 758 liquet.
1258 663 1333 737 Nec
1358 667 1510 739 dubium
1534 687 1604 756 est,
1637 677 1728 768 quin
1749 680 1794 749 de
1808 682 1877 753 lide
1892 687 2082 760 concione·

47 779 103 851 sti.
170 776 289 863 Item,
325 779 506 872 quomodo
530 769 600 845 hoc
625 770 779 860 intelligi
808 772 935 844 debeat
968 794 1041 840 non
1094 780 1155 837 tur
1177 762 1235 837 lric
1259 765 1413 851 bloises,
1447 785 1482 842 et
1507 776 1662 868 requirat
1685 780 1810 868 tidem,
1841 809 1933 878 quae
1963 794 2083 861 credat

49 895 96 952 est
126 881 225 951 enim
247 879 538 969 imaginandum,
573 873 662 946 Fide
688 880 810 944 s'umus
831 873 935 958 insti,
974 868 1042 943 hoc
1095 894 1169 939 non
1202 870 1318 939 solnm
1353 893 1425 941 esse
1455 873 1588 961 Deum,
1628 883 1820 953 sedetiam
1849 885 1965 959 Deum
1991 895 2081 963 velle

49 998 113 1065 est,
148 980 302 1074 Propter
325 982 517 1051 novitatem
544 992 720 1054 nostram,
748 998 808 1042 ren
834 1000 943 1045 novas
968 977 1041 1041 vir·
1094 974 1234 1061 agnosci
1259 973 1295 1040 in
1317 975 1425 1043 verbo
1451 998 1534 1062 suo,
1572 992 1605 1050 et
1634 981 1685 1051 sic
1706 985 1883 1074 invocari,
1910 972 2002 1062 velle
2022 1018 2083 1064 es-

50 1101 136 1156 tutes
151 1106 275 1155 sumus
289 1084 399 1168 insti,
422 1082 483 1151 sed
500 1081 731 1163 correlative,
751 1078 787 1145 id
804 1090 872 1162 est,
899 1090 1041 1168 propter
1093 1076 1237 1159 assilire,
1263 1088 1298 1145 et
1321 1077 1480 1148 misereri
1513 1082 1608 1152 iuxta
1630 1088 1926 1179 promissionem,
1960 1097 2083 1190 requi-

50 1183 230 1259 Christum
251 1208 374 1257 sumus
396 1183 502 1268 iusti,
527 1183 591 1276 qrri
616 1197 734 1254 tamen
756 1203 830 1248 non
853 1181 957 1250 aliter
978 1202 1040 1269 ap-
1092 1199 1170 1247 rere
1192 1171 1258 1245 hos
1274 1177 1402 1249 cultus.

48 1284 222 1380 prehendi
243 1300 379 1382 potest,
411 1287 482 1357 nisi
506 1286 587 1355 lide.
637 1281 766 1355 Dicere
786 1295 925 1367 autem,
950 1281 1040 1350 dile-
1192 1275 1290 1349 Haec
1306 1282 1519 1370 generaliter
1534 1285 1648 1370 dicta,
1665 1291 1730 1361 etsi
1745 1294 1931 1369 continent
1947 1296 2083 1371 doctri·
2231 1326 2235 1333 ·

48 1392 163 1464 trione
186 1390 272 1464 iusti
294 1413 438 1473 sumus,
471 1401 524 1460 est
548 1388 642 1457 idem
667 1386 803 1473 dicere,
836 1386 933 1477 quod
956 1407 1042 1474 pro-
1090 1403 1175 1451 nam
1191 1382 1236 1451 de
1253 1381 1343 1465 fide,
1370 1395 1486 1453 tamen
1508 1402 1593 1460 sunt
1615 1386 1732 1462 adhuc
1754 1397 1926 1484 obscura,
1951 1415 1986 1474 et
2001 1416 2085 1473 sunt

48 1508 122 1587 pm
144 1506 287 1565 mm,
308 1494 476 1578 vinum,
517 1512 578 1561 ,eu
607 1487 850 1578 pmpstfionem
871 1486 959 1576 legis
980 1509 1039 1557 su·
1092 1505 1195 1553 voces
1218 1482 1317 1574 legis.
1367 1482 1453 1555 ldco
1467 1484 1601 1560 Paulus
1616 1496 1785 1585 proponit
1807 1499 1904 1568 aliud
1922 1506 2084 1584 verbum,

49 1596 238 1669 mimi,
289 1593 438 1667 constat
454 1607 572 1664 antem
589 1591 659 1681 legi
675 1612 748 1659 nou
765 1588 944 1674 satisfieri,
960 1588 1041 1659 ideo
1095 1598 1131 1657 et
1154 1587 1319 1656 nominat
1335 1584 1593 1678 Mediatorem,
1627 1610 1666 1665 ut
1693 1616 1869 1689 proponat
1894 1605 2083 1690 gratuitam

50 1722 187 1769 nm
209 1711 263 1769 m
286 1692 355 1767 hoc
371 1699 507 1768 dietum
532 1718 620 1786 pu„
636 1691 802 1781 ,pfl-„0553
830 1689 1041 1782 fiderem.
1091 1686 1389 1773 misericordiam,
1443 1706 1585 1783 propter
1631 1691 1815 1771 Christum
1862 1708 2084 1794 promissam.

50 1814 164 1873 tanne
176 1800 264 1873 iusti
273 1805 342 1888 ,'ut
356 1796 706 1897 intelligatuqquod
723 1817 797 1865 non
814 1807 960 1886 propter
973 1817 1040 1863 no·
1091 1786 1196 1860 Hanc
1228 1813 1309 1863 cum
1329 1794 1573 1881 agnoscimus,
1606 1796 1693 1869 fides
1726 1802 1764 1872 ht
1794 1819 1906 1886 certa,
1941 1810 2086 1891 scilicet,
2230 1826 2233 1831 ’

51 1916 134 1974 strar
148 1904 319 1989 virtuter,
344 1904 404 1973 sed
428 1914 575 1995 propter
596 1898 828 1969 mediatorem
841 1891 1040 1979 Christum,
1093 1890 1191 1983 quod
1208 1894 1318 1981 gratis
1333 1908 1478 1986 propter
1491 1890 1695 1986 Christum,
1720 1928 1794 1974 non
1809 1921 1957 2001 propter
1972 1910 2084 2001 legem

10 2006 18 2019 '
52 2005 405 2097 permisericordiam
421 2004 531 2095 gratis
547 2024 669 2073 sumus
693 1998 929 2091 imputatione
945 1997 1041 2081 iusti,
1092 1995 1342 2079 exaudiamur,
1369 1997 1548 2069 salvemur
1562 2014 1627 2076 etc.

10 2098 173 2197 [tt-ess,
199 2108 344 2200 recepti.
397 2104 494 2177 Haec
516 2104 594 2176 vult
610 2102 742 2173 Paulus
756 2102 793 2170 in
811 2097 876 2170 hac
891 2124 955 2170 rua
977 2101 1041 2169 de·
1136 2164 1139 2171 .

10 2200 20 2279 s:
55 2207 226 2298 finitione,
256 2233 365 2304 quam
394 2209 544 2280 mirifice
573 2205 801 2297 amplificavit
823 2204 938 2275 citatis
960 2201 1042 2296 qui·

10 2302 23 2397 3,
56 2310 197 2383 lundam
214 2313 334 2384 verbis
355 2337 397 2384 ex
422 2308 716 2384 Deuteronomio.
1193 2299 1448 2372 Accommodat
1470 2301 1580 2390 igitur
1603 2296 1672 2374 hoc
1695 2308 1819 2377 modo:
1850 2304 1905 2379 Ne
1928 2311 2084 2385 diresin

10 2416 18 2435 *
1092 2402 1200 2471 corde
1217 2403 1402 2495 tuo,·quis
1416 2406 1580 2476 ascendet
1594 2404 1633 2475 in
1647 2407 1812 2479 coelum?
1836 2409 1905 2482 hoc
1919 2427 1973 2486 est
1987 2418 2083 2487 enim

10 2570 22 2593 ,
669 2586 674 2593 ¹
1091 2496 1275 2575 Christum
1290 2505 1390 2574 coelo
1408 2506 1475 2575 ded
1482 2530 1601 2592 ucere,
1628 2507 1750 2595 idest,
1776 2512 1949 2602 primum,
1975 2541 2021 2589 ne
2036 2521 2086 2592 ais

10 2616 13 2621 '
147 2608 284 2681 Paulus
306 2623 492 2681 mutuatur
515 2607 789 2697 descriptionem
820 2604 902 2675 fidei
924 2629 965 2674 ex
985 2605 1041 2674 di·
1091 2601 1306 2695 Epicureum
1333 2607 1484 2692 deinde,
1502 2631 1548 2678 ne
1567 2610 1729 2697 dubites,
1754 2615 1844 2706 quin
1859 2610 1946 2688 haec
1961 2620 2008 2691 sit
2023 2646 2087 2691 vo-

10 2712 24 2799 ζ
61 2727 107 2783 cto
128 2711 249 2798 Mosi,
277 2736 343 2782 nee
373 2714 562 2805 detorquet
594 2711 686 2781 illud
716 2711 761 2778 ad
784 2707 958 2777 diversam
981 2720 1043 2778 aut
1093 2707 1211 2778 luntas
1227 2705 1314 2793 Dei,
1341 2724 1382 2782 ut
1404 2705 1570 2782 Christus
1591 2712 1638 2783 sit
1661 2717 1859 2802 mediator,
1883 2723 1981 2812 quod
2000 2725 2087 2797 velit

10 2870 19 2891 .
60 2839 124 2887 non
145 2816 419 2885 convenientem
444 2813 665 2886 sententiam.
734 2808 827 2881 Nam
852 2824 886 2880 et
907 2807 1043 2879 Moises
1093 2832 1159 2879 nos
1174 2807 1270 2880 Deus
1288 2811 1424 2882 salvare
1440 2826 1587 2904 propter
1606 2810 1804 2890 Christum.
1856 2817 1986 2893 sinon
2008 2846 2084 2896 cre-

10 2932 21 2981 r-
57 2916 182 2990 ibidem
208 2918 398 3002 describit,
429 2930 466 2988 et
487 2916 639 3010 requirit
662 2914 780 2985 fidem.
839 2910 912 2985 Sed
933 2933 1044 3002 geue·
1093 2913 1149 2982 dis
1165 2907 1348 2982 Christum
1366 2936 1439 2983 esse
1454 2915 1707 2998 mediatorem,
1730 2932 1770 2991 ut
1783 2921 1895 2992 salvet
1910 2947 1993 3011 nos,
2017 2929 2082 2999 da-

10 3048 16 3073 ÷
55 3021 123 3091 cale
144 3020 281 3091 dictum
304 3034 356 3091 ert
376 3022 421 3091 de
436 3019 546 3090 verbo
563 3031 598 3088 et
618 3018 663 3087 de
685 3017 772 3100 fide,
798 3016 895 3106 quod
910 3011 1043 3085 Paulus
1092 3006 1205 3083 trahis
1225 3038 1305 3083 eum
1327 3017 1372 3084 de
1394 3014 1513 3100 coelo,
1539 3039 1644 3107 negas
1670 3041 1751 3091 enm
1776 3045 1942 3113 regnare,
1969 3042 2004 3099 et
2026 3052 2084 3100 ar-

51 3122 202 3214 rpplicat
224 3125 270 3193 ad
295 3116 364 3193 hoc
386 3122 534 3193 verbum
558 3121 603 3190 de
624 3114 790 3203 Christo,
816 3131 851 3189 et
871 3118 918 3187 ad
935 3116 1040 3197 fidem
1090 3116 1171 3206 guis
1198 3112 1313 3187 Deum
1345 3117 1542 3201 mendacii,
1579 3119 1689 3213 quari,
1715 3124 1905 3216 promissio
1935 3128 2011 3200 eius
2039 3133 2084 3205 sit

50 3219 299 3297 lnChrirtusn.
1092 3219 1205 3291 irrita.

147 3326 314 3398 Primum
346 3326 456 3415 igitur
485 3324 620 3396 dictum
653 3319 763 3393 Moisi
800 3319 1041 3413 inspiciamus,
1294 3383 1301 3400 ,
1335 3386 1337 3390 ,
1481 3384 1491 3405 ,
1739 3389 1750 3408 ,

47 3430 110 3525 qni
134 3428 339 3501 illustribus
362 3427 485 3517 figuris
508 3425 727 3516 impietatem
752 3417 902 3495 humani
922 3424 1040 3495 cordis
1174 3378 1236 3459 N‘
1258 3378 1384 3477 dms»
1409 3381 1507 3484 (Ψ
1525 3382 1713 3505 ᾰΰέωᾰα
1732 3415 1772 3463 ¹7⁸
1798 3389 2005 3491 abimum?

47 3528 229 3624 depingit,
252 3532 348 3625 qnod
365 3529 503 3601 etiamsi
520 3527 650 3618 cogitat
665 3547 739 3595 csse
754 3525 895 3609 Demn,
919 3538 1039 3596 tamen
1191 3520 1233 3592 ld
1253 3537 1325 3608 est,
1350 3547 1396 3593 ne
1419 3526 1551 3617 cogites
1569 3521 1717 3619 Epicuri
1739 3554 1857 3617 more,
1883 3549 1962 3625 post
1986 3561 2083 3608 mor·

1316 2154 1376 2235 Ns
1391 2156 1495 2233 dicos
1514 2160 1555 2232 in
1582 2160 1769 2239 cordetuo
1792 2178 1854 2249 etc.

609 2420 634 2447 s

254 2466 316 2548 Ne
330 2468 473 2577 denaris
496 2470 537 2543 in
562 2464 747 2543 cordetuo
764 2476 826 2540 etc.

24 3620 212 3721 dubitat,
244 3657 289 3703 an
313 3633 412 3705 Deus
434 3643 536 3703 curet
563 3652 648 3715 nos,
681 3642 786 3718 negat
817 3629 1038 3700 voluntatem
1091 3638 1163 3697 tem
1178 3647 1251 3694 non
1265 3640 1396 3695 restare
1411 3627 1518 3697 aliam
1543 3629 1672 3711 vitam,
1699 3655 1744 3702 ne
1767 3636 1898 3725 cogites
1916 3631 2082 3710 homines
2195 3684 2201 3703 t
2253 3718 2256 3727 Δ

44 3734 116 3809 Dei
131 3758 215 3826 erga
236 3758 303 3805 nos
323 3734 489 3825 cognosci
512 3755 633 3824 porse,
658 3743 760 3821 negat
781 3729 940 3799 exarrdiri
961 3754 1039 3812 nos,
1090 3751 1165 3797 non
1188 3750 1288 3818 posse
1310 3726 1456 3799 liberari
1478 3755 1498 3799 a
1521 3744 1636 3802 morte
1652 3746 1724 3805 eta
1748 3732 1921 3827 peccato.'
1955 3738 1996 3813 Si
2011 3744 2082 3812 du-

45 3854 112 3912 me
130 3838 273 3911 alvari.
333 3835 407 3907 llas
428 3835 669 3907 dubitationes
694 3828 839 3902 haerere
861 3832 900 3899 in
921 3827 1040 3902 homi·
1089 3828 1242 3912 bitabis,
1285 3830 1431 3920 negabis
1460 3825 1644 3904 Christum
1683 3839 1930 3924 resurrexisse,
1972 3843 2081 3933 linger

49 3964 140 4013 num
161 3940 293 4013 animis
315 3939 399 4010 satis
421 3951 578 4030 apparet.
637 3934 722 4005 ldeo
744 3935 800 4004 lex
815 3931 882 4002 Dei
907 3958 966 4005 ess
981 3959 1038 4005 ar.
1090 3925 1272 4004 Christum
1290 3928 1408 4003 adhuc
1421 3932 1536 4005 iacere
1553 3937 1764 4020 extinctum,
1791 3936 1907 4011 adhuc
1924 3947 2080 4014 resusci⁶

48 4044 150 4135 gnis,
176 4042 376 4136 etreqrririt
392 4042 512 4112 tidem.
563 4037 617 4110 Ne
634 4036 817 4108 dixerisin
836 4038 941 4106 corde
960 4052 1039 4109 tuo:
1090 4034 1240 4105 tandum
1258 4057 1354 4120 esse,
1373 4058 1439 4105 nec
1464 4059 1538 4105 esse
1553 4036 1721 4110 victorein
1744 4042 1870 4112 mortis
1886 4057 1920 4114 et
1935 4048 2079 4135 pcccati.

47 4144 143 4236 0⁰3⁸
163 4149 329 4217 wude,
352 4144 391 4213 3¹,
414 4143 578 4214 eodum?
607 4141 643 4211 id
667 4153 738 4224 m,
762 4162 808 4209 m
830 4139 880 4207 g,
904 4135 1037 4231 Epicu.
1090 4131 1224 4231 Estque
1237 4158 1378 4208 summa
1396 4138 1608 4224 sententiae,
1633 4163 1679 4209 ne
1699 4143 1841 4228 dubita,
1866 4146 1954 4239 quin
1970 4144 2079 4219 Chri·

49 4273 151 4333 rens,
185 4271 233 4317 ne
255 4247 405 4337 cogites,
431 4241 527 4315 nihil
549 4267 623 4313 esse
643 4243 783 4327 Deum,
814 4255 876 4312 aut
900 4242 1040 4328 nesciri,
1091 4253 1166 4310 stus
1182 4239 1229 4310 sit
1243 4241 1419 4311 mediator
1433 4255 1467 4310 et
1482 4255 1626 4330 regnet,
1653 4264 1698 4312 ne
1718 4245 1863 4328 dubita,
1886 4249 1974 4340 quin
1991 4273 2077 4341 pro·

48 4376 97 4423 ro
113 4352 158 4422 sit
178 4348 295 4434 Deus,
320 4374 366 4418 an
385 4362 483 4419 curet
499 4342 674 4417 humana:
708 4367 754 4413 ne
775 4343 908 4432 cogites
922 4341 1038 4415 Deum
1092 4357 1169 4433 pter
1183 4342 1299 4433 ipsum
1325 4342 1631 4413 veremisereatur
1655 4346 1897 4433 nostriDeus,
1921 4353 2078 4426 remittat

49 4455 98 4525 ita
121 4454 253 4536 latere,
286 4466 324 4521 ut
347 4472 421 4521 non
445 4462 540 4522 extet
572 4448 648 4517 eius
670 4445 836 4516 voluntas
857 4446 897 4514 in
918 4447 1039 4540 aliquo
1091 4458 1250 4534 peccata,
1276 4445 1438 4515 exaudiat
1462 4459 1497 4516 et
1517 4444 1630 4516 salvet
1653 4470 1731 4519 nos.
1786 4448 1839 4521 lta
1861 4453 1961 4524 addit
1980 4452 2078 4526 Pau·

47 4557 180 4627 verbo:
216 4578 261 4625 ne
284 4553 415 4641 cogites
438 4552 514 4622 eius
537 4551 757 4621 voluntatem
777 4548 1040 4638 ignoramus,
1090 4543 1147 4615 lus
1163 4546 1257 4617 dicto
1274 4543 1370 4615 Mosi
1383 4543 1617 4636 Evangelium
1635 4549 1679 4618 de
1694 4551 1908 4641 mediatore,
1928 4570 1963 4628 et
1978 4580 2077 4627 com·

47 4657 135 4753 qnia
159 4659 238 4749 ipre
266 4681 340 4727 non
365 4655 525 4726 cernitur
550 4651 665 4722 oculis
692 4651 955 4741 corporalibus:
993 4675 1040 4721 ne
1091 4648 1257 4740 plectitur
1271 4647 1502 4728 e¹clt¹⁵ivttms
1528 4661 1569 4718 1¹1
1586 4649 1729 4721 fidetsll
1744 4667 1849 4725 terit·

46 4760 185 4851 mim
198 4783 279 4829 gum
294 4782 368 4829 „011
387 4755 573 4840 exaudire,
598 4777 673 4823 non
691 4752 870 4837 misereri,
892 4776 968 4823 non
984 4777 1039 4823 re.
1194 4744 1428 4838 Opponamus
1451 4748 1560 4838 igitur
1580 4750 1778 4825 infirmitati
1805 4770 1840 4827 et
1862 4759 2078 4833 dubitationi

46 4864 195 4959 quirere
219 4858 315 4933 hunc
337 4860 492 4939 cultum,
536 4879 643 4951 quem
677 4854 716 4922 in
746 4853 855 4927 verbo
879 4877 943 4926 rno
968 4869 1040 4925 tra·
1091 4866 1232 4921 nostrae
1248 4845 1340 4920 hanc
1360 4850 1602 4939 gravissimam
1617 4850 1721 4925 Pauli
1737 4860 1961 4945 concionem,
1986 4877 2021 4933 et
2039 4864 2077 4932 in

44 4967 143 5039 didi,
161 4977 229 5039 m·
1092 4979 1131 5025 ea
1156 4952 1456 5042 contemplemur,
1477 4969 1608 5047 quanta
1630 4956 1676 5026 sit
1699 4957 1881 5050 impietas,
1903 4960 2079 5050 dubitare,

152 5064 346 5156 Quomodo
362 5063 471 5154 igitur
487 5057 642 5130 inveniri
657 5070 690 5127 et
705 5053 924 5149 apprehendi
942 5058 1041 5128 Dens
1092 5081 1140 5126 an
1154 5051 1252 5125 Deus
1266 5054 1353 5126 velit
1367 5054 1546 5127 remittere
1562 5072 1720 5146 peccata,
1738 5083 1785 5130 an
1798 5063 1885 5133 velit
1899 5060 2078 5152 exaudire,

51 5170 194 5262 potest?
244 5166 360 5259 P'rope
381 5180 444 5250 est,
463 5163 592 5256 inquit,
617 5162 765 5230 verbum
789 5173 857 5236 etc.
905 5158 987 5231 Huc
1007 5173 1042 5231 te
1093 5159 1235 5241 iuvare,
1255 5156 1410 5240 salvare,
1433 5158 1585 5251 denique
1607 5172 1782 5250 praestare
1805 5163 1889 5254 illa,
1906 5188 1998 5258 qnae
2013 5190 2078 5260 per

49 5274 191 5345 dedum
213 5275 257 5341 sd
279 5271 448 5351 verbum,
473 5261 542 5336 hoc
567 5261 671 5340 audi,
700 5262 750 5333 sic
772 5262 895 5332 credas
915 5284 1043 5352 appre-
1093 5255 1276 5331 Christum
1293 5257 1481 5352 promisit?
1533 5257 1573 5329 ln
1588 5262 1688 5330 omni
1704 5262 1927 5335 invocatione
1946 5270 2077 5359 cogite-

48 5372 166 5445 hendi
190 5370 304 5443 Deum
336 5384 370 5442 et
399 5369 617 5439 voluntatem
647 5363 724 5437 eius
751 5362 928 5457 conspici,
962 5386 1042 5435 cnm
1066 5358 1069 5372 '
1094 5385 1173 5435 mus
1188 5356 1277 5435 haec
1291 5362 1414 5435 verbs:
1436 5358 1748 5455 Nedixerir,quis
1761 5368 1924 5439 ascendet
1940 5369 1978 5441 in
1996 5396 2078 5444 coe·

102 5482 283 5546 hissam.
311 5477 415 5545 Orsa.
455 5473 540 5539 Vos.
563 5469 642 5537 XV.
1400 5458 1453 5534 44
