4522 5782
47 264 54 313 ·.
109 218 162 292 η
704 204 831 284 ausu
858 203 975 280 aar.
1001 203 1211 281 sursera
1238 204 1544 283 axnourtca
2101 208 2163 291 se

75 401 76 405 ’
119 387 255 456 rsariam
273 380 548 462 successionem,
585 380 646 447 sed
673 403 782 470 penes
801 380 892 449 alios
919 380 1109 470 ignobiles,
1161 379 1242 461 dio,
1266 378 1705 453 industriaexcellentitsm
1721 378 1893 452 virorum.
1944 374 2157 471 lslsgiserat

120 491 159 557 in
176 485 413 582 quibuslncet
430 480 687 569 Evangelium,
718 483 838 572 etqui
862 483 1043 555 suntuati
1067 507 1108 552 ex
1161 505 1341 553 successor
1362 480 1516 575 Augusti
1542 480 1797 566 Germanicus,
1837 504 1944 574 quarn
1970 480 2155 559 Tiberius.

120 588 217 679 Deo,
259 602 297 657 ut
330 586 478 656 loannes
509 581 566 655 hic
596 584 729 676 inquit:
770 582 867 655 Haec
898 599 949 656 est
972 608 1110 656 summa
1163 582 1253 655 Nam
1280 585 1413 658 virtute
1443 600 1478 656 et
1505 585 1688 657 laboribus
1719 581 1928 655 Germanici
1965 588 2159 677 regebatur

122 690 229 763 huius
245 690 327 774 loci,
350 710 548 777 congruens
564 711 643 756 cum
659 687 781 756 multis
796 687 972 756 similibus
986 689 1109 778 dispu-
1163 688 1366 779 imperium.
1415 686 1620 779 Antigonus
1643 686 1878 759 antecellebat
1890 686 2027 759 Arideo
2051 689 2160 761 fratri

123 795 318 864 rationibus
341 792 378 858 in
397 784 583 881 Prophetis
607 802 639 857 et
656 787 769 858 Paulo
792 793 835 857 ad
853 787 960 864 Ronr.
980 789 1016 864 9.
1063 785 1111 861 Et
1162 789 1359 861 Alexandri
1374 792 1495 864 electo.
1528 790 1591 863 Sic
1603 788 1820 863 antecellunt
1833 786 2020 882 Episcopis
2036 790 2162 863 electis

127 896 276 965 loannes
299 895 503 962 discernens
524 892 589 961 tria
607 893 782 960 membra:
809 889 891 960 Non
909 917 950 961 ex
966 892 1110 982 sangui·
1164 893 1233 961 viri
1263 894 1359 963 docti
1383 908 1418 965 et
1442 895 1637 986 sapientes,
1680 892 1743 986 qui
1768 891 1968 963 imitatione
1998 894 2161 984 patribus

125 1000 243 1082 nibus,
270 1020 333 1066 nec
348 1019 387 1065 ex
401 995 581 1064 voluntate
596 993 722 1077 carnis,
749 1016 864 1086 neque
877 1017 917 1062 er
929 993 1112 1064 voluntate
1163 998 1375 1081 succedunt,
1413 1009 1447 1067 et
1470 992 1821 1087 comprehenduntur
1849 989 1908 1065 hic
1938 1016 2073 1069 omnes·
2093 996 2161 1090 qui

125 1100 193 1171 visi
215 1114 301 1183 etc„
334 1098 534 1167 considerat
558 1098 682 1165 modos
703 1119 845 1180 omnes,
879 1097 1010 1188 quibus
1026 1120 1112 1188 pro·
1164 1096 1241 1167 sine
1255 1097 1394 1190 Spiritu
1407 1113 1530 1170 sancto
1544 1099 1733 1169 imitantur
1747 1111 1909 1167 externos
1926 1095 2029 1183 ritus,
2053 1121 2160 1169 eser·

125 1216 298 1294 pargantur
321 1212 503 1289 regnaaut
525 1198 660 1288 politici
683 1212 821 1282 coetus,
851 1199 934 1291 quia
957 1201 1114 1271 mundus
1165 1201 1266 1283 sitia,
1298 1201 1526 1290 disciplinam
1549 1215 1763 1275 sanctorum.
1821 1199 1923 1271 Sicut
1944 1193 2163 1272 honestiss-

125 1319 225 1397 pntat
248 1302 434 1396 propagari
455 1299 666 1382 Ecclesiam,
706 1300 797 1371 sicut
833 1324 940 1390 regna
974 1302 1112 1383 mundi,
1166 1305 1325 1375 cerdotes
1339 1304 1526 1375 imitantur
1540 1297 2048 1393 ceremoniasEpiscoporum,
2074 1300 2161 1373 Mo-

125 1408 181 1476 vel
202 1421 341 1488 coetus,
374 1417 434 1473 aut
463 1402 609 1492 collegia
633 1397 801 1478 humana.
854 1401 983 1477 Tradit
1004 1405 1114 1495 igitur
1166 1400 1271 1475 nachi
1288 1405 1477 1480 imitantur
1492 1409 1582 1477 dura
1599 1405 1764 1478 exercitia
1779 1403 1982 1497 aliquorum
2001 1417 2158 1496 patrum,

126 1510 250 1581 utilem
267 1506 466 1579 doctrinam
481 1504 650 1574 discernit
662 1500 853 1574 Ecclesiam
871 1530 890 1574 a
908 1507 1053 1597 palitiis,
1079 1522 1114 1577 et
1165 1506 1362 1598 Baptistae,
1401 1523 1461 1581 aut
1489 1509 1659 1592 Antonii,
1691 1521 1757 1579 etc.
1817 1504 1993 1577 Homines
2026 1507 2162 1579 eruditi

125 1614 270 1681 randum
301 1607 565 1701 propagationis
588 1608 753 1677 ostendit.
815 1606 957 1679 Primus
986 1614 1113 1680 modus
1167 1610 1354 1681 imitantur
1373 1612 1574 1683 doctrinam
1594 1612 1673 1681 sine
1690 1610 1841 1702 spiritu,
1872 1623 1908 1678 et
1923 1604 2161 1687 miscent-hu·

126 1728 193 1799 est,
227 1711 413 1804 propagari
443 1709 576 1778 carnali
600 1711 845 1799 generatione,
877 1712 968 1784 sicut
992 1708 1114 1782 haeres
1167 1737 1309 1783 menam
1328 1714 1549 1806 sapientiam.
1976 1786 1979 1791 ,

125 1830 176 1887 est
190 1814 380 1908 Cambyses
399 1810 508 1906 Cyri,
535 1813 618 1904 qnia
635 1835 678 1880 ex
704 1837 746 1881 eo
769 1826 873 1883 natus
899 1829 961 1886 est.
1014 1814 1115 1885 Sicut
1267 1812 1317 1884 Hi
1336 1829 1406 1887 tres
1421 1818 1551 1906 gradus
1567 1831 1651 1888 sunt
1665 1815 1780 1899 modi,
1806 1811 1937 1904 quihus
1960 1834 2165 1903 propagan-

124 1918 249 2009 politia
266 1916 424 1987 Mosaica
445 1914 512 1985 fnit
534 1915 786 2005 propagatione
803 1917 955 2002 carnali,
979 1920 1038 1986 sed
1057 1919 1116 2002 ita,
1168 1928 1227 1985 tur
1240 1940 1347 2007 regna
1364 1935 1398 1990 et
1413 1918 1550 2012 politici
1571 1933 1714 2005 coetus,
1741 1927 1906 1987 necsunt
1919 1914 1981 1984 alii
1996 1937 2063 1986 nec
2078 1916 2165 2007 plu·

124 2033 165 2091 ut
186 2021 365 2090 accederet
386 2017 617 2087 circumcisio.
684 2015 745 2087 Sic
769 2013 933 2089 haerebat
959 2021 1114 2110 primurn
1169 2042 1223 2090 res
1241 2021 1352 2093 modi.
1455 2066 1463 2073 -
1584 2042 1586 2046 ·

125 2125 163 2192 in
178 2123 293 2193 Adam
309 2120 449 2212 opinio,
477 2119 589 2187 filium
600 2115 781 2191 (lainiaco
797 2114 1007 2203 haeredem,
1031 2123 1114 2215 quia
1269 2120 1339 2194 Sed
1362 2135 1510 2216 quartus
1532 2122 1660 2212 gradus
1682 2116 1882 2203 Ecclesiae,
1910 2110 1982 2189 hoc
2001 2131 2070 2205 est,
2097 2143 2166 2210 po-

128 2250 169 2297 er
191 2226 269 2317 ipso
291 2237 395 2292 natus
424 2236 525 2294 esset.
583 2219 644 2290 Sic
664 2221 926 2318 imaginabatur
952 2223 1045 2294 lsaac
1071 2227 1116 2294 de
1169 2224 1244 2313 puli
1269 2226 1485 2296 renascentis
1501 2227 1545 2293 ad
1563 2237 1768 2315 perpetuam
1789 2220 1897 2291 vitam
1914 2214 2085 2311 proprius
2100 2234 2169 2307 est,

126 2323 240 2410 Eram
264 2325 313 2395 sic
331 2323 444 2396 David
464 2326 509 2392 de
523 2319 704 2407 Absalon,
724 2339 757 2393 et
777 2348 843 2393 nos
864 2327 996 2416 singuli
1018 2328 1116 2415 cogi·
1169 2348 1209 2393 es
1232 2323 1309 2396 Deo
1332 2328 1429 2398 nasci
1456 2351 1519 2419 per
1542 2323 1799 2413 Evangelium,
1833 2322 1925 2393 sicut
1950 2322 2017 2393 ait:
2052 2321 2167 2395 Dedit

46 2459 49 2463 ·
126 2444 243 2500 tamus
257 2426 412 2522 aliquam
429 2425 706 2515 praerogativam
730 2448 803 2495 esse
823 2428 1060 2516 generationis
1082 2443 1115 2499 et
1169 2427 1241 2497 illis
1256 2442 1462 2519 potestatem
1477 2429 1571 2498 lilios
1584 2427 1655 2497 Dei
1672 2427 1768 2506 fieri,
1793 2424 2038 2510 credentibus,
2055 2440 2125 2499 etc.
2146 2510 2150 2515 ¹

74 2612 89 2623 ·
128 2532 294 2601 familiae·
351 2526 625 2600 Contendehant
652 2527 761 2615 igitur
785 2526 963 2599 israelitae
986 2555 1023 2600 se
1044 2554 1117 2600 esse
1271 2532 1461 2602 Discamus
1480 2554 1561 2620 ergo
1585 2553 1660 2599 non
1684 2530 1802 2600 solum
1819 2526 2058 2598 israelitarum
2081 2551 2167 2619 per,-¹

129 2624 302 2726 populum
319 2628 387 2702 Dei
411 2653 473 2700 seu
496 2630 605 2715 filios,
639 2645 823 2721 propterea
847 2635 944 2723 quod
967 2636 1039 2703 nati
1062 2657 1116 2704 es-
1170 2633 1352 2704 suasiones
1369 2636 1541 2717 refutare,
1565 2632 1749 2703 sedetiam
1765 2628 1911 2701 similes.
1968 2623 2167 2703 &nutet

126 2748 206 2808 sent
221 2760 262 2806 ex
279 2735 412 2805 semine
428 2728 623 2816 Abraham,
647 2747 682 2804 et
695 2733 999 2805 circumcisionem
1018 2759 1037 2806 a
1055 2760 1118 2827 pa·
1171 2732 1238 2805 hnc
1258 2751 1417 2827 tempore
1433 2734 1707 2827 Anahaptistae,
1734 2734 1796 2827 qui
1814 2731 2038 2802 contendunt
2053 2745 2168 2803 natos

125 2839 242 2909 tribus
271 2849 448 2927 acceptam
483 2835 696 2908 retinebant.
762 2832 809 2907 Et
839 2850 913 2906 erat
938 2840 1118 2925 persuasio
1169 2863 1211 2909 ex
1225 2834 1441 2910 Christianis
1455 2862 1529 2909 non
1547 2837 1675 2907 afferre
1691 2851 1872 2927 peccatum
1889 2831 2054 2922 originis.
2091 2828 2166 2905 Et·-

128 2940 336 3031 pontificum
352 2936 612 3022 Leviticorum,
642 2937 820 3027 alligatam
834 2962 908 3009 esse
922 2936 1117 3011 Ecclesiam
1169 2954 1251 3012 rant
1273 2941 1335 3035 qui
1356 2941 1578 3012 contendunt
1601 2939 1651 3009 ihi
1675 2960 1749 3009 esse
1769 2934 1986 3015 Ecclesiam,
2019 2935 2084 3005 uhi
2111 2948 2172 3007 esc

126 3043 170 3113 ad
186 3043 314 3112 seriem
338 3039 603 3111 ordinariorum
628 3062 881 3115 successorum.
931 3039 1040 3114 Hunc
1062 3068 1118 3113 er-
1170 3043 1352 3117 ordinaria
1379 3043 1553 3114 successio
1585 3039 1843 3132 Episcoporum
1874 3036 2170 3127 gubernantium,

125 3169 243 3216 rorem
266 3158 300 3214 et
315 3141 474 3235 Baptista
502 3156 615 3227 taxat,
648 3166 728 3213 cum
750 3144 883 3237 inquit:
917 3142 971 3214 Ne
993 3146 1118 3217 dicatis
1171 3171 1260 3239 quae
1275 3147 1447 3216 successio
1464 3169 1545 3215 vere
1560 3158 1594 3215 et
1611 3145 1774 3234 proprie,
1799 3155 1838 3212 ut
1852 3138 2003 3210 loannes
2023 3133 2085 3211 hic
2108 3139 2166 3211 lo·

126 3248 221 3317 intra
238 3246 481 3336 vosmetipsos,
507 3258 642 3335 patrem
660 3239 1035 3334 habemusAhraham,
1052 3263 1117 3322 etc.
1171 3249 1310 3341 quitur:
1338 3246 1398 3319 Fit
1414 3247 1599 3317 voluntate
1614 3247 1744 3330 carnis,
1763 3245 1799 3313 id
1817 3255 1880 3326 est,
1900 3236 2059 3313 humano
2076 3266 2168 3313 con-

228 3347 415 3420 Secundus
445 3349 573 3417 modus
597 3348 863 3437 propagationis
887 3363 939 3418 est
967 3374 1032 3441 per
1054 3353 1118 3421 ad·
1170 3352 1269 3434 silio,
1295 3365 1335 3420 ut
1351 3344 1504 3440 Caipbas
1529 3373 1603 3418 nou
1623 3362 1674 3419 est
1691 3348 1785 3417 lilius
1799 3344 1886 3425 Dei,
1908 3342 2046 3413 etiamsi
2060 3345 2166 3415 ordi·

127 3450 331 3543 optionem,
369 3448 425 3517 vel
448 3448 678 3532 electionem,
717 3461 756 3517 ut
778 3450 940 3535 Augusto
963 3456 1118 3524 succedit
1171 3454 1270 3522 naria
1284 3453 1505 3523 successione
1526 3465 1578 3521 est
1596 3450 1773 3543 pontifex,
1797 3447 1882 3540 quia
1902 3468 1978 3516 non
1992 3458 2043 3517 est
2056 3442 2168 3519 natus

126 3552 306 3623 Tiberius.
367 3549 427 3622 Sic
450 3564 635 3643 postquam
659 3566 797 3622 constat
819 3548 1014 3625 Ecclesiam
1039 3558 1117 3647 post
1170 3581 1212 3625 ex
1235 3552 1322 3624 Deo.
1381 3554 1431 3625 At
1453 3549 1641 3639 Zacharias
1666 3565 1719 3623 est
1739 3550 1833 3620 filius
1860 3544 1948 3633 Dei,
1994 3547 2081 3641 quia
2101 3572 2168 3641 per

126 3659 339 3726 destructam
356 3653 517 3744 politiam
534 3652 728 3723 Mosaicam
746 3678 820 3723 non
843 3679 917 3724 esse
937 3658 1116 3748 alligatam
1172 3659 1318 3727 verbum
1335 3671 1369 3727 et
1383 3655 1558 3748 Spiritum
1574 3670 1736 3726 sanctum
1750 3667 1804 3724 est
1820 3664 1974 3721 renatus.
2026 3646 2168 3723 Errant

126 3760 170 3828 ad
190 3756 364 3827 familiam
380 3770 530 3839 certam,
554 3755 713 3846 obrepsit
736 3756 805 3826 alia
823 3760 1021 3847 persuasio,
1047 3758 1115 3832 Ec·
1170 3759 1273 3830 etiam
1299 3759 1363 3851 qui
1388 3773 1513 3851 putant
1537 3758 1614 3827 lieri
1636 3757 1729 3828 filios
1753 3767 1898 3847 propter
1924 3749 2168 3823 imitationem

43 3868 46 3880 ¹
126 3861 268 3930 clesiam
308 3858 485 3947 alligatam
517 3880 591 3927 esse
619 3860 664 3925 ad
695 3860 950 3931 successionem
983 3887 1118 3948 cortem,
1170 3862 1449 3931 ceremoniarum
1465 3874 1526 3932 aut
1546 3883 1694 3951 opernm
1717 3857 1908 3928 moralium
1931 3853 2169 3945 sineSpiritu

126 3964 188 4056 qui
204 3959 360 4032 humana
386 3959 556 4031 electione
578 3960 797 4029 ordinariam
823 3964 1116 4051 gubernationem
1169 3978 1312 4046 sancto,
1338 3963 1472 4034 etsine
1496 3964 1582 4047 fide,
1606 3959 1673 4031 hoc
1688 3975 1756 4045 est,
1782 3960 1859 4029 sine
1874 3955 2002 4027 fiducia
2022 3958 2169 4027 miseri-

126 4078 259 4136 tenent.
310 4062 380 4133 Hic
395 4086 527 4133 nervus
544 4075 594 4132 est
610 4063 787 4151 potentiae
801 4065 1023 4156 pontificiae,
1052 4063 1116 4138 hac
1169 4066 1330 4155 cordiae,
1356 4065 1448 4136 sicut
1469 4061 1674 4160 hypocritae
1695 4064 1874 4133 finxerunt
1891 4057 2061 4149 meritum
2077 4083 2177 4129 con·.

126 4164 353 4259 persuasione
376 4178 501 4236 tenent
528 4165 739 4236 fascinatum
756 4179 870 4236 totum
894 4170 1018 4238 orbem
1042 4185 1116 4241 ter·
1169 4169 1258 4259 grui.
1309 4167 1401 4239 Nam
1418 4163 1506 4239 haec
1528 4166 1735 4257 imaginatio
1751 4165 1857 4235 etiam
1872 4172 1974 4259 putat
1985 4158 2081 4229 filios
2096 4161 2169 4235 Dei

124 4293 264 4353 rarum,
289 4269 386 4361 quod
407 4266 566 4338 Ecclesia
589 4268 636 4337 sit
659 4280 846 4359 propagata
869 4270 1042 4341 electione
1059 4298 1115 4344 ca·
1169 4272 1269 4360 fieri,
1296 4271 1406 4341 deleri
1432 4283 1634 4368 peccatum,
1662 4281 1793 4339 conatu
1815 4279 1851 4335 et
1870 4261 1988 4333 studio
2012 4263 2169 4335 rationis

125 4373 253 4442 nonita
289 4393 351 4440 seu
380 4370 599 4440 successione
631 4370 812 4441 ordinaria
843 4371 1115 4466 Episcoporum.
1168 4375 1245 4443 sine
1279 4373 1406 4445 fiducia
1426 4369 1564 4443 Christi
1592 4371 1815 4449 mediatoris,
1856 4379 1891 4436 et
1923 4365 2001 4433 sine
2023 4362 2170 4455 Spiritu

124 4476 182 4546 Asl
215 4468 307 4545 hone
329 4472 378 4542 ita
408 4471 558 4561 alligant
581 4470 798 4558 Ecclesiam,
839 4488 879 4546 ut
899 4481 1116 4550 contendant
1168 4491 1301 4549 sancto.
1353 4473 1689 4545 Hassententiasin
1707 4472 1780 4542 illis
1800 4465 2169 4555 exclusivisparticu·

124 4581 399 4647 damnatosesse
424 4597 567 4657 omnes,
601 4577 761 4668 quinon
786 4582 959 4650 suntsub
984 4582 1115 4652 talibus
1168 4579 1212 4649 lis
1229 4578 1415 4670 complecti
1432 4574 1603 4647 loannem
1619 4600 1693 4646 non
1710 4575 1849 4645 dubito.
1904 4568 2081 4639 Absoluta
2098 4571 2170 4660 igi-

124 4678 334 4772 Episcopis,
366 4691 428 4749 aut
450 4701 524 4745 non
548 4679 792 4769 obtemperant
818 4703 942 4751 eorum
966 4681 1115 4772 legibus.
1168 4695 1228 4751 tur
1242 4677 1307 4752 hac
1324 4681 1542 4773 praelatione
1555 4682 1598 4750 de
1615 4677 1796 4750 beneficiis
1809 4668 1965 4755 Christi,
1992 4673 2037 4741 de
2054 4677 2169 4747 modo

123 4782 194 4853 Sed
218 4781 371 4853 loannes
399 4781 516 4872 palam
548 4780 731 4850 reclamat:
765 4780 846 4851 Non
868 4807 910 4854 er
932 4788 1115 4858 voluntate
1167 4809 1239 4878 quo
1254 4809 1295 4854 ca
1311 4782 1582 4877 consequimur,
1618 4782 1712 4853 redit
1726 4774 1955 4867 Evangelista
1971 4774 2016 4843 sd
2039 4797 2170 4871 perso-

53 4915 60 4927 ,
123 4885 250 4955 carnis.
300 4884 405 4954 Alius
423 4896 543 4952 coetus
566 4899 618 4954 est
635 4879 813 4967 Ecclesia,
846 4909 920 4955 non
943 4913 1114 4980 propaga·
1168 4911 1234 4957 nae
1251 4887 1537 4977 descriptionem.

121 5004 179 5058 tns
194 4983 363 5058 humanis
380 4985 630 5070 electionibus,
655 5000 694 5058 ut
719 4985 889 5079 imperia,
914 5005 975 5061 aut
995 4992 1113 5082 digni-

120 5105 208 5162 ,am
223 5088 443 5182 mmmmm·
1352 5052 1407 5128 Es
1438 5051 1601 5129 Verbum
1629 5077 1717 5127 coro
1734 5048 1886 5151 sociam
1912 5053 1976 5120 cst.

223 5192 368 5263 Tertius
382 5190 514 5284 gradus
529 5203 599 5271 est,
625 5191 832 5282 propagatio
856 5217 918 5285 per
943 5194 1115 5268 imitatio·
1268 5192 1348 5265 Hoc
1371 5193 1469 5264 dicto
1490 5186 1955 5267 rehrtatur-Sarnosatenus,
1980 5180 2168 5271 Servetur,

121 5321 215 5366 nem.
267 5293 365 5367 Haec
379 5308 431 5367 est
445 5294 559 5365 multo
579 5294 806 5365 excellentior
819 5298 976 5369 mundo
989 5303 1113 5389 gradu,
1166 5312 1201 5370 et
1218 5299 1370 5387 similes,
1395 5297 1461 5391 qui
1480 5295 1706 5369 contendunt
1724 5281 1841 5387 λόγον
1862 5308 1939 5357 nou
1955 5286 2086 5359 debere
2102 5288 2167 5361 in·-

121 5400 202 5470 ideo
223 5397 328 5469 dicit:
354 5397 437 5471 Non
458 5422 499 5470 ex
524 5398 707 5470 voluntate
729 5397 817 5482 viri,
841 5400 1012 5491 consilio,
1037 5418 1120 5477 stu·
1166 5402 1277 5497 telligi
1296 5424 1504 5496 personam,
1530 5400 1591 5469 sed
1611 5390 1895 5489 haspraestigias
1912 5400 1946 5459 et
1962 5389 2173 5465 calumnias
