4522 5782
52 210 195 323 ,ns
300 268 304 275 -
417 216 421 237 ²
572 220 576 227 ·
695 202 1532 289 emerrrnscmrrasrmrnca
2081 214 2161 291 sss

121 407 158 466 et
179 388 276 465 hand
299 385 408 461 dubie
429 386 575 461 dotibus
598 374 752 476 ingenii,
778 374 952 477 sapientia
965 398 1000 457 et
1014 386 1113 457 omni
1133 393 1142 421 '
1166 381 1236 474 piis
1250 393 1285 453 et
1303 382 1445 474 paridis
1458 379 1686 455 conscientiis
1697 383 1803 458 allert
1814 387 2018 461 uberimsm
2032 410 2159 459 moso-

122 516 251 587 genere
266 493 440 563 virtutum
454 488 618 560 excelluit
633 490 801 559 omnibus
816 484 1024 559 hominihus
1038 489 1114 558 eius
1163 486 1347 556 lationem.
1424 480 1479 554 Ae
1498 506 1639 577 semper
1658 488 1927 562 meminerimus
1954 487 2050 562 hane
2071 514 2157 562 con·

123 597 260 669 aetatis.
330 592 405 664 Has
432 605 547 662 tantas
577 591 726 661 virtutes
748 605 784 660 et
811 588 898 660 haee
920 591 1016 662 dona
1047 589 1114 660 Dei
1163 587 1303 657 cionem
1319 608 1394 656 non
1409 587 1588 677 pertinere
1601 610 1642 658 ae
1656 590 1866 662 exteriorem
1883 594 2013 679 vitam,
2037 592 2157 665 sedsd

121 718 197 769 uon
231 708 443 788 aspernatur
475 691 627 773 Paulus,
668 695 729 763 sed
766 705 870 780 negat
911 715 1012 781 posse
1049 717 1114 783 op-
1162 687 1407 760 remissionem
1426 702 1650 779 peccatorum
1667 691 1705 760 in
1722 716 1806 764 vera
1823 696 2059 786 poenitentia.

120 800 210 893 poni
240 800 314 869 irae
345 807 379 866 et
412 795 544 865 iudicio
572 790 667 875 Dei,
710 808 746 865 et
776 794 945 865 discernit
975 797 1022 866 ab
1052 796 1115 863 illa
1265 801 2028 901 Ethicdiligenteramplificemufflmg„
2042 811 2157 886 Aba,

123 901 282 987 iusticia,
308 900 354 970 de
374 919 444 991 qna
469 896 701 967 concionatur
724 892 978 984 Evangelium‚
1014 896 1114 966 ride·
1164 903 1243 980 hae,
1291 903 2155 1010 Neq11eentmdubtumegt‚quqnffljhmqm

124 1005 249 1072 1100st
273 999 483 1071 remissione
513 1013 756 1091 peccatorum,
793 1021 883 1092 quae
906 999 1012 1072 datur
1033 1022 1116 1091 pro·
1166 1012 1221 1080 vir
1245 1005 1410 1081 habuerit
1431 1011 1641 1083 excellentes
1665 1016 1834 1103 virtutes,
1876 1033 1911 1090 et
1936 1020 2099 1090 moribus
2118 1040 2154 1089 se

125 1117 205 1199 pter
219 1098 417 1176 Christum.
1166 1111 1297 1182 sanctis
1317 1112 1484 1205 operibus
1500 1113 1606 1204 longe
1628 1113 1753 1188 vicerit
1774 1119 1916 1190 multos.
1967 1116 2019 1193 Et
2041 1132 2152 1192 tamen

228 1218 326 1290 Haec
340 1217 445 1287 initio
461 1213 634 1285 monendi
649 1227 731 1286 sunt
745 1213 915 1308 imperiti,
937 1229 977 1287 ut
994 1213 1118 1299 sciant,
1166 1213 1301 1284 Paulus
1314 1215 1422 1285 audet
1437 1211 1623 1287 detrahere
1638 1217 1691 1288 eis
1706 1215 1799 1289 hanc
1819 1221 1969 1311 gloriam
1993 1222 2153 1294 iustilies·

127 1346 200 1418 qno
217 1322 392 1414 pertineat
405 1317 511 1388 Pauli
527 1318 688 1388 doctrina
715 1331 751 1386 et
771 1342 843 1411 quo
864 1319 1049 1387 reserenda
1074 1317 1120 1386 sit
1168 1315 1286 1386 tionis.
1344 1313 1463 1388 Habet
1485 1317 1646 1405 laudem,
1679 1319 1817 1415 inquit,
1854 1326 2016 1395 sednon
2041 1346 2179 1395 eoram·

127 1422 215 1497 liaeo
244 1446 357 1506 nova,
402 1431 439 1490 et
471 1420 563 1488 mira
594 1419 795 1490 extenuatio
829 1420 989 1490 institiae
1024 1417 1119 1508 legis.
1168 1416 1264 1503 Deo,
1296 1416 1333 1488 id
1357 1431 1428 1502 est,
1467 1419 1616 1491 virtutes
1640 1421 1730 1507 illae,
1755 1447 1829 1494 non
1857 1440 2006 1518 possunt
2028 1416 2179 1518 opponi!

127 1524 220 1597 Nam
250 1518 429 1616 prophani
460 1522 677 1592 transierunt
699 1523 744 1591 ad
766 1523 975 1593 exteriorem
998 1520 1121 1605 vitam,
1168 1520 1242 1589 irae
1265 1530 1299 1590 et
1321 1518 1456 1591 iudicio
1478 1517 1565 1606 Dei,
1599 1546 1673 1592 non
1695 1524 1852 1599 liberant
1873 1553 1893 1598 a
1915 1541 2060 1620 peccato
2081 1506 2179 1599 eta⁵

129 1643 252 1720 postea
279 1627 488 1714 interpretes
515 1623 649 1717 aliqui,
675 1647 755 1692 eum
773 1623 952 1694 somniant
969 1621 1119 1693 Paulum
1168 1633 1294 1691 morte.
1360 1621 1442 1691 Hoc
1463 1623 1664 1714 exemplum
1691 1649 1855 1715 magnam
1881 1629 2179 1701 consolationem

129 1734 175 1798 de
204 1727 370 1798 exteriori
402 1726 473 1795 vita
494 1738 528 1794 et
557 1726 697 1795 iusticia
727 1724 845 1818 loqui,
887 1736 1121 1815 corrumpunt
1168 1723 1238 1816 piis
1260 1722 1385 1793 adlert.
1435 1721 1489 1794 Ne
1512 1725 1656 1817 quidem
1670 1725 1854 1801 Abraham
1871 1745 2021 1828 propter
2042 1722 2179 1823 digni-3

128 1829 235 1901 Pauli
256 1828 467 1907 sententias,
501 1839 536 1896 et
568 1839 696 1914 putant
718 1840 856 1896 tantum
881 1823 950 1896 hoe
975 1827 1049 1916 agi,
1082 1839 1122 1896 ut
1170 1838 1276 1897 tatem
1294 1822 1517 1916 propriarum
1536 1827 1708 1898 virtutum
1723 1829 1931 1903 iustificatos
1947 1849 2014 1907 est.
2061 1830 2151 1924 Ergo

129 1933 347 2023 abrogentur
382 1928 601 1998 ceremoniae
630 1926 808 1997 Moesicae
844 1929 882 1997 in
923 1928 994 1999 vita
1026 1941 1122 1997 exte·
1170 1950 1251 1995 vere
1266 1939 1462 1998 statuamus
1486 1930 1592 1998 nobis
1615 1932 1722 2017 gratis
1751 1931 1896 2021 ignosci.
1950 1932 2071 2026 ltaque
2089 1960 2179 2034 po-·

130 2035 246 2117 riore,
271 2030 352 2104 Non
372 2032 530 2099 referunt
546 2023 639 2099 hanc
655 2028 853 2099 doctrinam
876 2030 920 2098 ad
943 2028 1123 2100 remissio-
1171 2029 1236 2098 sita
1260 2028 1419 2118 negativa
1443 2031 1635 2114 sententia,
1661 2033 1761 2104 addit
1784 2058 1826 2104 ex
1853 2032 2153 2114 Gene.15.anti·

132 2156 215 2204 nem
232 2146 455 2225 peccatorum
475 2145 510 2200 et
525 2153 673 2219 agonem
691 2132 937 2206 conscientiae.
1171 2125 1307 2214 thesin,
1331 2153 1421 2223 quae
1438 2145 1488 2201 est
1503 2133 1714 2203 antecedens
1730 2137 1942 2226 argumenti.
1994 2133 2153 2213 Ababa
2177 2166 2179 2193 =

124 2274 130 2279 ·
235 2250 329 2325 snm
352 2264 469 2320 nutem
494 2250 653 2342 quinque
675 2262 895 2336 argumenta,
962 2246 1123 2318 Primum
1171 2230 1385 2323 impulalum
1400 2247 1452 2304 est
1468 2235 1511 2303 dd
1528 2232 1725 2317 lusllclttm,
1751 2240 1846 2331 quod
1865 2238 2042 2329 Credidit,
2065 2238 2152 2333 Em
2177 2254 2179 2281 Ι

123 2357 183 2426 'ab
200 2352 372 2445 exemplo.
419 2345 603 2420 Abraham
622 2349 896 2422 iustificatusest
913 2372 1031 2419 coram
1047 2348 1123 2417 Deo
1173 2349 1207 2403 et
1224 2355 1290 2402 ¹¹⁰⁸
1305 2333 1536 2407 ludificamur
1556 2336 1644 2421 fide,
1670 2360 1745 2408 ¹¹⁰ss
1761 2355 1906 2433 propter
1920 2356 2043 2416 nostra
2058 2366 2179 2439 operes

133 2456 264 2528 fidutia
284 2452 566 2537 misericordiae,
594 2474 670 2521 uon
694 2464 840 2544 propter
859 2473 938 2522 suas
965 2451 1125 2536 virtuter,
1173 2448 1236 2507 ⁸¹²²
1256 2434 1381 2525 ledeffl·
2175 2456 2179 2501 ³

124 2555 230 2648 ¹llrgo
256 2568 291 2627 et
313 2577 379 2625 nos
404 2553 637 2623 iustificamur
657 2551 736 2624 lide.
786 2550 1050 2646 Consequentia
1073 2564 1126 2623 est
1275 2551 1345 2624 Sed
1363 2548 1432 2625 hoc
1451 2570 1700 2646 argumentum
1715 2560 1929 2634 cavillantur
1941 2561 2057 2659 aliqui
2073 2560 2152 2635 mul·
2174 2562 2179 2601 ¹

133 2659 341 2743 manifesta,
380 2656 465 2751 quia
489 2654 613 2724 eadem
639 2667 692 2726 est
719 2655 810 2725 ratio
833 2656 1019 2726 virtutum.
1084 2651 1124 2724 Si
1173 2655 1221 2727 tis
1242 2656 1368 2726 modis.
1434 2656 1510 2727 Atii
1531 2658 1655 2731 dicunt
1690 2685 1764 2733 ease
1793 2660 2053 2758 synecdochen.
2114 2663 2177 2745 Etr

135 2754 338 2843 Abrabam,
365 2781 446 2828 cum
461 2769 514 2827 tot
529 2755 736 2825 excellentes
751 2771 780 2827 et
797 2753 956 2828 heroicas
978 2755 1127 2825 sinentes
1175 2758 1332 2843 credere,
1363 2757 1488 2828 dicunt
1507 2784 1582 2831 esse
1603 2785 1714 2851 opus,
1739 2778 1774 2834 et
1797 2767 1997 2856 significare
2019 2766 2179 2877 reniret-l

123 2857 303 2945 ¹ltelreret,
333 2882 408 2930 non
430 2858 499 2928 init
522 2870 668 2950 propter
689 2881 746 2927 eas
768 2861 881 2929 iustus
905 2881 1022 2928 coram
1039 2854 1128 2942 Deo,
1176 2860 1284 2928 salem
1310 2859 1575 2944 obedientiam,
1617 2860 1801 2935 Abraham
1831 2868 2005 2955 credidit,
2045 2870 2082 2942 id
2102 2882 2151 2955 etl,

136 2977 275 3057 quanto
301 2964 422 3032 minus
453 2955 523 3030 hoe
553 2971 734 3051 praestant
764 2961 913 3035 virtutes
942 2958 1129 3030 inferiores
1176 2960 1336 3031 obedivit
1351 2959 1427 3032 Deo
1450 2963 1547 3033 iuxta
1569 2962 1833 3060 synecdochen,
1868 2969 1952 3063 qnia
1976 2970 2083 3043 fidem
2102 2974 2150 3042 da·

138 3066 179 3136 in
201 3065 294 3139 aliis.
806 3086 809 3091 ’
1176 3063 1238 3132 bet
1260 3065 1359 3156 sequi
1387 3065 1611 3147 obedientia,
1648 3068 1731 3138 ldeo
1752 3070 1821 3141 lide
1847 3071 1949 3143 aiunt
1976 3071 2150 3166 significari

242 3179 446 3254 Secundum
478 3198 520 3246 ex
561 3176 779 3249 delinitione.
835 3176 1042 3250 luctificatio
1078 3191 1132 3249 est
1178 3163 1417 3236 unilttttlem
1437 3167 1689 3244 obedientiam.
2170 3184 2179 3253 l

140 3283 292 3375 gratuita
318 3279 506 3373 imputatio
527 3280 705 3371 iustitiae,
738 3278 833 3369 Ergo
858 3304 932 3350 non
959 3280 1131 3351 instificet—
1282 3284 1358 3355 Alii
1372 3285 1496 3356 dicunt
1514 3288 1605 3357 male
1621 3288 1824 3383 detorqueri
1839 3284 1909 3361 boe
1923 3290 2073 3385 dictum,
2085 3258 2179 3389 quil

142 3408 226 3457 mur
268 3394 415 3477 propter
446 3392 605 3451 nostram
646 3380 853 3475 qualitatem
884 3395 945 3455 aut
977 3382 1132 3472 dignita·
1181 3384 1332 3459 Genesis
1360 3410 1434 3457 non
1466 3387 1571 3459 faciat
1601 3390 1652 3460 ibi
1684 3394 1900 3462 mentionem
1934 3397 1980 3465 de
2011 3342 2179 3511 chriam}

142 3499 215 3557 ten
239 3499 305 3558 etc.
1182 3502 1245 3560 aut
1267 3488 1311 3558 de
1333 3483 1401 3558 hac
1431 3488 1501 3559 lide
1527 3488 1720 3583 accipiente
1739 3495 1985 3567 remissionem
2011 3512 2176 3593 putato,

125 3632 129 3637 ·
246 3601 410 3676 Tertium
432 3624 478 3670 ex
499 3598 718 3672 definitione.
776 3598 980 3672 lustiticatio
1004 3613 1056 3673 est
1076 3623 1134 3670 re-
1181 3614 1276 3664 rum.
1328 3588 1401 3660 Hes
1418 3588 1612 3663 calumnias
1635 3596 1780 3684 prodest
1804 3596 2001 3685 confutari,
2025 3614 2066 3672 ut
2087 3622 2179 3677 ses-r

145 3705 269 3776 missio
295 3715 535 3794 peccatorum,
574 3698 669 3791 Ergo
695 3724 771 3772 non
793 3703 967 3795 contingit
991 3717 1136 3796 propter
1183 3693 1293 3763 tentia
1309 3694 1498 3763 verborum
1517 3691 1666 3765 Genesis
1681 3697 1807 3766 melius
1823 3698 2059 3789 intelligatur.
2173 3736 2179 3777 ι

144 3820 304 3880 nostram
335 3804 570 3890 dignitatem,
602 3802 778 3898 siquidem
803 3826 941 3900 semper
961 3800 1135 3876 habemus
1287 3809 1447 3880 Primum
1471 3813 1580 3901 igitur
1604 3809 1671 3885 hoc
1693 3817 1957 3888 observandum
1981 3833 2053 3908 est,
2076 3798 2179 3891 Pas-t

127 3932 240 4004 opus
256 3907 464 3978 remissione
480 3918 715 3997 peccalorum.
1184 3913 1261 3981 lum
1285 3907 1352 3982 hoe
1374 3915 1469 3982 dicto
1487 3911 1638 3985 Genesis
1660 3918 1862 3989 discernere
1884 3922 2060 3993 iusticiam
2083 3924 2152 4013 lep's

248 4025 425 4118 Quartum
445 4048 494 4113 *ex
515 4023 643 4094 ordine
667 4046 851 4095 causarum
875 4038 909 4096 et
935 4026 1136 4102 effectuum,
1186 4027 1221 4084 et
1242 4015 1335 4085 fidei.
1386 4013 1508 4102 Quare
1530 4040 1670 4088 necesse
1692 4033 1744 4089 est
1763 4019 1833 4091 hoc
1859 4023 1997 4093 dictum
2021 4023 2153 4114 intelligi

147 4122 330 4201 Abraham
361 4127 618 4219 pronunciatur
646 4124 760 4197 iustus
789 4140 872 4198 ante
898 4127 1137 4199 circumcisio·
1186 4116 1330 4208 Pfflprlt
1352 4117 1397 4187 ‘¹0
1420 4116 1499 4185 fide·
1551 4119 1661 4200 ltcm,
1685 4118 1819 4193 Paulus
1839 4125 1939 4195 addit
1960 4125 2155 4217 interpreta-

148 4253 253 4317 nem,
273 4229 369 4318 Ergo
386 4253 460 4300 non
479 4242 529 4298 est
542 4227 654 4299 iustus
668 4241 813 4321 propter
828 4228 919 4299 illud
934 4252 1033 4322 opus.
1185 4220 1340 4301 tionem,
1378 4220 1475 4311 quod
1496 4216 1566 4290 fide
1585 4222 1737 4311 gratuita
1758 4223 2155 4321 imputattoacetptacn.
2177 4232 2179 4319 f

252 4349 428 4440 Quintum
445 4374 487 4420 ex
507 4373 610 4419 eausa
633 4349 890 4438 promissionis.
942 4349 1136 4421 Promissio
1186 4315 1282 4438 &⁸⁰
1298 4316 1356 4389 hic
1373 4321 1515 4438 '’²⁰9''i?
1533 4322 1700 4441 immin
1717 4324 1821 4443 ΜΨ
1836 4351 2018 4399 ³⁸⁸²¹⁸⁵¹¹¹¹¹
2034 4345 2070 4402 ‘¹
2083 4332 2156 4403 ΜΨ
2176 4376 2179 4433 t

148 4452 309 4546 pendens
323 4477 364 4522 ex
386 4452 592 4521 conditione
608 4450 696 4542 legis
718 4476 792 4521 non
815 4465 866 4521 est
890 4466 993 4523 certa.
1047 4451 1137 4524 Pro·
1186 4445 1303 4539 ΨΜ
1343 4447 1412 4515 ‘1¹¹³
1436 4447 1628 4541 ³⁰⁰'P¹¹⁰¹¹⁸
1653 4449 1860 4514 Ρωῐιιιδδᾶῐῃ
1883 4431 2157 4515 ‘'¹5⁵“lffl‘dlffln

147 4553 269 4626 ,nmio
296 4550 426 4645 gratiae
453 4555 557 4625 debe,
580 4576 654 4624 em
679 4567 792 4639 cem,
824 4548 920 4645 Ergo
947 4554 1135 4647 promissio
1187 4526 1224 4641 pd
1241 4537 1304 4608 est,
1329 4548 1398 4616 qua
1415 4537 1615 4607 statuimus,
1641 4529 1736 4619 quud
1756 4527 1851 4601 Deus
1868 4554 1950 4601 vere
1966 4534 2053 4607 velit
2071 4534 2157 4607 nobit

145 4654 280 4747 gratiae
302 4680 377 4727 non
398 4656 528 4746 pendet
551 4679 593 4725 ex
620 4655 825 4727 conditione
847 4656 952 4749 legis,
983 4658 1043 4727 sed
1069 4657 1137 4729 fide
1185 4639 1424 4744 '3¹¹⁰.⁸⁶“⁶.⁰¹
1452 4628 1632 4747 PF⁰Pl⁶¹:'¹⁸
1663 4651 1757 4714 ⁰⁸⁵⁸»
1792 4655 1867 4749 lm·
1892 4633 2158 4709 mistrltotdh!

147 4759 256 4850 ἕως,
269 4758 473 4851 accipienda
489 4769 552 4827 ω,
1186 4742 1316 4816 gratis,
1343 4741 1480 4797 etiamst
1498 4743 1693 4800 sentiamus
1707 4753 1772 4800 nos
1789 4734 1958 4825 indignos
1973 4761 2064 4815 esse.

1288 4857 1354 4931 Est
1376 4883 1458 4950 ergo
1483 4865 1676 4949 sententia,
1700 4867 1870 4950 credidit,
1894 4870 1932 4939 id
1955 4888 2030 4956 est,
2056 4872 2161 4948 detuli

584 5042 588 5047 ,
1185 4984 1221 5031 se
1238 4956 1368 5032 habere
1383 4962 1498 5032 Deum
1515 4966 1733 5057 propicium,
1759 4971 1922 5062 quamvis
1938 4977 2113 5049 sentiebat
2132 4997 2160 5049 se

247 5055 408 5129 Primum
433 5072 681 5147 argumentum
706 5060 751 5128 de
785 5060 944 5151 exemplo
969 5054 1136 5131 Abrahae
1186 5065 1373 5151 indignum
1389 5088 1483 5149 esse,
1510 5081 1544 5135 et
1560 5064 1765 5140 hacliducia
1781 5074 1986 5160 expectabat
2001 5081 2161 5150 auxilinm

144 5164 334 5251 diligenter
367 5161 619 5231 inculcandum
644 5173 698 5230 est
721 5161 860 5231 animis.
936 5160 1013 5231 Etsi
1037 5164 1132 5231 enir'n
1183 5182 1215 5236 et
1233 5168 1445 5256 promissum
1462 5190 1593 5247 semen.
1617 5182 1680 5238 tlt·
1734 5169 2163 5263 llafideltttlffittluwl·

144 5268 274 5334 mirum
293 5265 331 5333 in
347 5266 492 5333 modum
507 5260 658 5330 offendit
676 5259 835 5344 ludaeos,
861 5257 959 5347 llaec,
975 5277 1012 5333 ut
1032 5265 1131 5333 eide-
1182 5269 1217 5336 id
1235 5280 1305 5353 est,
1329 5268 1460 5356 placuit
1477 5292 1539 5358 per
1551 5272 1828 5343 misericordiam
1843 5277 1972 5366 gratis,
1997 5304 2073 5353 non
2089 5289 2162 5375 pro·

141 5378 219 5452 tur,
246 5365 435 5435 immodica
457 5362 659 5435 extenuatio
681 5362 842 5435 iusticiae
867 5363 974 5455 legis,
1006 5381 1125 5439 tamen
1181 5384 1260 5462 pter
1273 5371 1456 5464 propriam
1469 5371 1688 5463 dignitatem.
1735 5372 1784 5449 Et
1797 5375 1835 5447 id
1847 5379 2063 5458 'lide'statuit
2075 5386 2161 5461 tuan

449 4931 583 4996 Primum
604 4945 826 5016 argumentum.
