4522 5782
103 154 205 245 1³66

208 327 374 405 Secundo
401 322 554 407 affirmat
578 316 732 409 Partus,
770 332 867 393 corso
894 316 1027 393 multos
1056 318 1095 391 in

572 224 575 229 ,
694 140 826 231 ruth·
850 140 1206 231 nausearum
1233 143 1537 223 EllEGETlCA.

1900 128 2178 223 «rsso'

1247 316 1397 392 Prodest
1421 313 1509 393 haec
1527 320 1726 391 admonitio
1747 321 1792 391 sd
1816 315 1888 393 hoc
1901 346 2076 417 quoque,
2097 349 2135 394 ne

105 433 264 510 Ecclesia
287 449 470 548 sparsuros
500 436 535 495 et
559 420 769 543 defensuros
795 443 869 539 esse
893 418 985 489 mala
1007 424 1097 511 dog*
1119 396 1125 542 ἱ
1147 422 1322 494 scandalis
1340 422 1473 495 turbati
1487 420 1726 493 existimemus
1741 424 1881 495 nullam
1900 447 1979 494 esse
1994 422 2063 494 Dei
2077 423 2133 497 Et.

106 550 220 623 mata,
243 557 319 605 non
333 546 442 623 rgrtur
458 548 571 598 secure
587 525 693 595 nobas
708 523 938 593 blandiamur
954 540 1098 615 propter
1121 552 1125 579 ν
1149 525 1296 610 clesiae,
1337 527 1397 594 sed
1418 524 1571 594 sciamus
1594 524 1686 594 inter
1709 520 1772 595 bas
1799 528 1895 617 ipsas
1919 528 2134 599 confusiones

31 658 34 665 '
108 639 273 725 titulum,
305 649 346 707 nt
368 630 562 723 cogitemus
576 627 699 698 nullos
714 646 851 695 errores
868 625 906 694 iu
923 619 989 696 hac
1004 626 1101 699 mul·
1150 642 1267 698 tamen
1293 625 1450 720 aliquam
1474 649 1548 695 esse
1573 650 1692 715 veram
1714 623 1936 712 Ecclesiam,
1968 644 2004 700 et
2029 632 2137 699 disca-

108 740 266 815 titudine
283 733 449 821 haerere,
473 754 564 825 qnae
579 729 787 801 nominatur
802 723 972 801 Ecclesia.

1151 751 1231 798 mus
1246 728 1310 799 ubi
1332 730 1533 824 quaerenda
1555 728 1622 812 sit,
1647 741 1683 801 st
1697 753 1763 800 nos
1777 731 1810 800 ei
1827 731 2086 820 adiungamus,
2107 747 2137 805 et

214 873 340 947 'sergo
372 871 504 941 dim-pe
536 866 666 960 impp,
712 878 747 936 ,t
779 865 819 934 gn
851 865 967 955 ‘pede
999 861 1104 956 ponit
1151 832 1190 900 iu
1206 854 1245 900 ea
1261 854 1384 900 verum
1402 826 1517 903 Deum
1543 830 1581 899 in
1599 855 1680 900 vera
1702 834 1884 921 agnitione
1902 834 2057 903 Domini
2080 860 2138 906 no-

112 980 285 1075 quaedam
305 972 463 1066 exempla
479 970 735 1051 traditionum,
759 981 800 1038 ut
822 967 963 1056 agnosci
980 966 1102 1060 possit,
1152 933 1216 1003 ‘ill
1475 1033 1483 1051 ·
1524 1033 1532 1050 ·
1722 1037 1730 1052 ·

1153 1049 1346 1105 statuamus
1370 1058 1622 1124 promrssroues
1646 1038 1750 1105 nolus
1767 1054 1860 1106 ratas
1883 1061 1981 1125 esse,
2007 1054 2040 1107 et
2057 1063 2138 1108 sein.

1086 1192 1105 1236 e
1154 1161 1217 1230 per
1235 1161 1299 1205 nos
1313 1137 1538 1207 consolemur
1555 1130 1624 1207 hoc
1639 1139 1806 1210 articulo:
1824 1137 1943 1211 Credo
1954 1136 2137 1210 Ecclesiam

1154 1253 1309 1309 sanctam
1345 1234 1565 1309 catholicam.
1629 1238 1739 1327 ltem,
1782 1237 1918 1317 Matth.
1941 1244 2023 1313 28.:
2070 1240 2140 1331 Ego

1043 1373 1105 1443 „d
1155 1342 1338 1411 vobiscum
1359 1362 1566 1434 sumusque
1590 1343 1634 1409 ad
1659 1345 2006 1415 consummationem
2029 1346 2142 1419 seculi.

1157 1441 1264 1529 ltem,
1293 1445 1324 1515 1.
1343 1440 1425 1515 Cor.
1447 1443 1521 1515 lla
1550 1438 1629 1513 Huc
1649 1445 1753 1515 facite
1778 1444 1894 1516 donec
1912 1447 2052 1519 veniat.

113 1083 176 1177 qui
201 1076 371 1170 Episcopi
393 1087 428 1145 et
450 1073 620 1146 Doctores
641 1069 778 1140 vitandi
809 1071 898 1150 sint,
946 1083 983 1140 et
1013 1090 1104 1161 quae

114 1188 189 1255 siut
212 1180 344 1271 impiae
371 1175 593 1250 traditiones.
659 1171 874 1266 Ubicunque
904 1169 1013 1260 igitur
1038 1166 1083 1239 ha

115 1299 222 1356 notae
243 1281 495 1363 inveniuntur,
520 1290 654 1347 certum
682 1286 734 1344 est
758 1275 961 1344 defensores
977 1273 1102 1345 talium

115 1409 277 1460 enorum
298 1406 373 1455 non
395 1402 472 1454 esse
497 1379 657 1451 membra
679 1398 785 1446 verae
814 1373 1012 1462 Ecclesiae,

117 1511 249 1580 organa
275 1485 425 1558 diaboli.

217 1622 314 1695 llaec
329 1618 527 1693 admonitio
545 1615 650 1686 valde
665 1616 851 1685 confirmat
875 1613 954 1706 pios
975 1625 1009 1681 et
1029 1631 1106 1677 mo·

117 1731 235 1801 destos
257 1722 421 1795 homines
437 1734 560 1792 contra
585 1718 763 1790 terribiles
785 1717 956 1787 clamores
980 1715 1106 1781 adver·

1239 929 1316 1001 lesu
1336 928 1470 1005 Christi
1487 932 1586 1002 lirina
1611 934 1679 1003 fade
1697 948 1815 1025 etspe
1839 936 2071 1021 invocemus,
2108 952 2137 1007 et

1415 1607 1544 1683 Multi
1569 1606 1733 1706 deficient
1756 1638 1782 1687 o
1807 1608 1896 1707 fide.

1258 1745 1462 1819 Necessaria
1487 1732 1672 1841 diligentia
1698 1765 1749 1822 est
1772 1751 2004 1823 considerare
2026 1752 2146 1825 discri-

117 1833 315 1912 semorum,
347 1826 410 1920 qui
430 1832 620 1916 “l’l‘ffl'm‘t
643 1820 748 1889 ΜΗ*
764 1832 941 1939 ,unquam
965 1811 1107 1935 (520‘30'
1158 1850 1256 1921 mina
1280 1852 1539 1942 professionum
1564 1853 1602 1923 iu
1624 1876 1751 1942 genere
1768 1847 1940 1928 hnmano.
1994 1850 2135 1929 Ethnici

118 1957 201 2004 nem
220 1930 463 2000 venerandum
484 1945 616 1993 nomen
639 1920 836 2006 Ecclesiae,
861 1916 1103 1991 etvocrferan·
1161 1954 1300 2033 ludaei,
1343 1950 1384 2022 Μ
1388 1948 1615 2025 ώοωεῑῐῃλε
1632 1955 1746 2047 palam
1770 1957 2006 2044 profitemur,
2032 1912 2147 2029 ms}

120 2052 181 2109 fur
203 2032 382 2104 ΕθΰῙθθῖθε
405 2026 632 2121 praecipuam
656 2040 791 2114 P³¹¹⁸m
817 2046 892 2093 ²⁸¹²
913 2017 1111 2110 Epl⁵⁶⁰p⁰⁸
1160 2054 1277 2129 hostes
1303 2050 1436 2126 Christi
1464 2069 1499 2127 et
1530 2052 1735 2147 Evangelii,
1783 2073 1817 2128 et
1841 2060 1961 2149 palam
1990 2059 2147 2132 reiieiunt

120 2152 155 2210 et
169 2134 404 2209 sacrificulos.
454 2128 521 2198 llis
539 2149 662 2196 rursus
678 2140 880 2197 constanter
897 2121 1110 2214 opponenda

120 2253 205 2310 sunt
226 2234 312 2306 haec
341 2235 457 2317 dicta,
495 2228 689 2322 inquibus
714 2252 783 2299 vox
804 2229 929 2297 diviua
962 2223 1113 2293 affirmat

120 2340 283 2413 diabolos
304 2350 447 2407 autores
469 2356 542 2402 esse
559 2331 684 2400 talium
702 2330 960 2412 traditionum,
989 2349 1028 2395 ac
1047 2348 1112 2393 no-

122 2442 286 2514 minatim
320 2433 578 2532 prohibitionis
611 2434 788 2524 coniugii,
827 2446 862 2504 et
900 2427 1116 2503 discriminas

122 2547 298 2618 ciborum.

336 2703 397 2778 Dc
423 2701 635 2777 novissimis
661 2697 896 2799 temporibus.
940 2738 947 2755 =

226 2847 304 2920 Etsi
327 2845 448 2916 omnia
467 2843 584 2916 secula
602 2843 686 2913 inde
700 2863 812 2933 usque
829 2840 874 2907 ab
891 2835 995 2908 initio
1013 2859 1118 2928 gene·

123 2956 173 3024 ris
206 2948 357 3023 humani
389 2948 520 3018 mnltas
547 2968 693 3036 magnas
720 2942 949 3013 confusiones
974 2940 1119 3029 religio-

124 3080 230 3137 num,
258 3053 351 3123 bella
371 3064 405 3119 et
422 3049 636 3120 vastationes
659 3041 881 3117 habuerunt:
907 3056 1026 3111 tamen
1051 3066 1118 3112 vox

124 3160 255 3230 divina-
272 3179 373 3243 saepe
398 3168 567 3235 testatur,
605 3151 643 3219 in
665 3147 792 3217 ultir'ua
826 3159 964 3215 senecta
992 3144 1118 3212 muudi

126 3261 277 3330 maiores
299 3259 437 3327 futuras
461 3278 535 3323 esse
559 3252 805 3339 coufusiones,
841 3270 948 3341 quam
974 3247 1120 3316 fuerunt

124 3377 239 3433 antea.
291 3355 340 3429 Et
373 3370 535 3427 crescunt
571 3353 662 3423 mala
702 3364 845 3442 propter
877 3363 947 3417 tres
980 3372 1118 3419 causas:

124 3464 265 3546 Prima,
293 3457 388 3549 Quia
406 3458 594 3528 cumulatis
616 3454 766 3545 peccatis
789 3465 987 3544 sequuntur
1008 3451 1121 3519 maio-

124 3588 182 3636 res
208 3584 353 3653 poenae.
404 3558 589 3643 Secunda,
625 3554 668 3626 lu
695 3549 753 3624 his
787 3554 873 3646 ipsis
906 3552 1056 3642 peccatis
1088 3565 1122 3621 et

126 3666 251 3760 poenis
276 3676 401 3734 natura
425 3662 464 3732 fit
487 3660 692 3752 languidior
712 3670 744 3728 et
763 3655 950 3747 disciplina
968 3655 1122 3725 dissolu·

126 3772 207 3843 tior.
268 3765 414 3850 Tertia,
456 3762 551 3854 Quia
584 3763 699 3833 rabies
730 3759 955 3828 diabolorum
980 3757 1124 3842 crescit,

125 3874 186 3966 qui
221 3871 291 3940 iam
321 3868 472 3938 scientes
497 3867 628 3935 instare
659 3862 753 3933 diem
786 3860 929 3949 indicii,
980 3860 1020 3929 in
1051 3883 1122 3953 quo

127 3998 250 4045 eorum
271 3970 406 4041 malitia
429 3969 597 4040 omnibus
617 3965 753 4055 angelis
774 3977 808 4034 et
829 3958 1036 4034 hominibus
1058 3986 1123 4053 pa·

125 4077 197 4147 lam
215 4074 441 4159 ostendetur,
466 4072 551 4143 odio
574 4070 641 4140 filii
664 4064 733 4137 Dei
758 4066 868 4156 magis
893 4063 1057 4136 saeviunt
1083 4064 1121 4132 in

124 4176 334 4249 Ecclesiam.

226 4308 326 4382 llaec
349 4331 479 4401 magna
502 4306 658 4401 pericula
684 4317 827 4375 nostrae
855 4302 980 4376 aetatis
1001 4302 1123 4396 aliquo

125 4414 234 4484 modo
259 4411 542 4493 consideremus,
569 4423 604 4481 et
620 4419 888 4500 expavescentes
904 4406 1014 4476 simus
1033 4404 1121 4494 vigi-

125 4517 298 4588 lantiores
314 4515 354 4585 in
368 4514 559 4598 discendo,
584 4526 619 4583 et
641 4509 871 4580 modestiores
892 4506 930 4576 in
954 4510 1123 4577 omnibus

125 4618 298 4709 negotiis,
331 4633 366 4687 et
389 4616 608 4688 ardentiores
628 4613 667 4682 in
688 4614 840 4705 petendo
865 4609 1008 4680 aemilio.
1062 4608 1122 4678 ln-

124 4739 288 4794 tueamur
306 4719 412 4788 etiam
431 4717 684 4807 promissiones
706 4713 919 4784 nominatim
942 4714 1049 4781 factas
1066 4712 1122 4782 ul-

126 4827 233 4894 timae
254 4820 390 4911 aetati,
407 4833 448 4889 nt
469 4817 594 4889 Esaiae
619 4818 698 4892 46.:
724 4816 843 4887 Etiam
865 4817 902 4883 iu
926 4830 1065 4885 senecta
1087 4829 1122 4885 et

127 4924 263 4996 canicie
284 4947 348 4992 vos
371 4923 527 5012 gestabo.
577 4917 625 4992 Et
647 4920 789 4990 Psalmo
803 4917 879 4989 71.:
911 4915 992 4987 Non
1010 4917 1122 5008 proii-

1160 2157 1331 2256 symbola.
1383 2154 1432 2227 lli
1447 2157 1549 2228 facile
1565 2159 1704 2247 agnosci
1724 2173 1885 2249 possunt.
1937 2158 2025 2232 Sint
2037 2175 2147 2235 autem

1162 2261 1315 2354 primum
1340 2260 1508 2331 adversus
1532 2254 1598 2331 hos
1622 2261 1759 2331 munita
1783 2274 1943 2353 pectora,
1974 2263 2069 2334 sicut
2091 2267 2149 2335 ad-

1048 2427 1057 2443 ,
1087 2426 1096 2444 ,
1163 2388 1283 2437 versus
1300 2356 1475 2433 Ethuicos
1490 2375 1644 2433 vetustas
1661 2364 1801 2455 collegit
1819 2364 1951 2435 multas
1969 2366 2149 2439 resumtis-

1165 2490 1246 2554 nes,
1273 2489 1361 2558 quas
1383 2465 1537 2554 cogitare
1559 2464 1648 2537 utile
1668 2478 1732 2539 est.

1264 2566 1384 2637 Prima
1401 2577 1518 2637 autem
1533 2581 1568 2638 et
1586 2566 1737 2638 maxime
1760 2566 1912 2638 illustris
1934 2568 2150 2643 confirmatio

1165 2683 1215 2740 est
1232 2668 1408 2739 Ecclesiae
1425 2666 1597 2739 miracula
1615 2668 1843 2739 inimitabilia
1858 2671 2054 2759 creaturis,
2067 2697 2150 2766 qose

1166 2785 1339 2841 testantur
1355 2766 1448 2841 hanc
1465 2770 1665 2841 doctrinam
1682 2794 1702 2840 a
1719 2767 1794 2841 Deo
1812 2771 1985 2844 traditam
2006 2797 2094 2861 esse,
2115 2791 2150 2847 nt

1167 2872 1385 2946 resuscitatio
1420 2886 1665 2960 mortuorum,
1696 2871 1868 2965 repressio
1903 2898 2033 2945 cursus
2063 2878 2149 2963 solis,

1167 2990 1288 3064 partus
1321 2976 1359 3044 in
1393 2974 1518 3045 effoeta
1550 2988 1681 3064 aetate,
1727 2976 1868 3044 eductio
1906 3001 1948 3045 ex
1986 2979 2149 3075 Aegypto.

1167 3076 1265 3147 llaec
1281 3077 1481 3147 testimonia
1498 3077 1576 3147 vult
1590 3101 1654 3146 nos
1670 3077 1768 3147 Deus
1786 3077 1941 3162 intueri,
1976 3082 2062 3173 quia
2078 3085 2147 3153 ideo

1167 3182 1256 3250 facta
1274 3195 1307 3249 et
1323 3181 1453 3269 scripta
1478 3193 1582 3263 scrut,
1609 3194 1646 3248 ut
1669 3179 1741 3248 sint
1765 3180 1989 3267 testimonia,
2018 3185 2096 3253 item
2116 3201 2151 3255 ut

1167 3304 1397 3370 agnoscamus
1421 3276 1517 3350 huuc
1538 3305 1618 3350 vere
1643 3304 1717 3351 esse
1734 3277 1871 3367 Deum,
1899 3286 1962 3376 qui
1982 3308 2021 3354 se
2036 3281 2091 3356 his
2106 3305 2152 3358 te·

1168 3384 1346 3455 stimoniis
1370 3381 1553 3474 patefecit,
1584 3396 1619 3453 et
1642 3384 1887 3455 discernamus
1910 3410 1996 3456 eurn
2017 3390 2063 3458 ab
2083 3415 2150 3459 om·

1168 3488 1274 3556 uibus
1302 3484 1554 3557 commentitiis
1586 3486 1815 3572 numinibus,
1855 3488 1948 3559 sicut
1974 3489 2017 3559 in
2049 3493 2151 3577 primo

1169 3604 1354 3681 praecepto
1377 3588 1504 3677 allegat
1529 3588 1814 3679 patefactionem:
1840 3584 2019 3678 Egosum
2040 3591 2151 3663 Domi·

1170 3715 1240 3762 nus
1257 3691 1353 3763 Deos
1369 3705 1467 3776 turis,
1494 3690 1555 3784 qui
1570 3691 1675 3759 eduxi
1694 3694 1784 3761 tede
1800 3690 1979 3786 Aegypto.

1270 3789 1346 3863 Etsi
1363 3805 1481 3864 autem
1500 3816 1573 3862 non
1590 3792 1680 3863 burst
1698 3793 1831 3863 similia
1847 3797 2028 3887 quotidie,
2046 3811 2151 3868 tamen

1170 3897 1258 3968 facta
1278 3896 1338 3964 illa
1358 3894 1478 3967 multis
1493 3908 1577 3965 nota
1593 3895 1739 3967 fuerunt
1748 3946 1762 3980 ,
1796 3911 1831 3967 et
1848 3897 1953 3968 afide
1968 3900 2091 3990 dignis
2103 3925 2151 3971 re·

1170 4000 1338 4070 citantur.
1372 3996 1558 4068 Praeterea
1574 4021 1759 4090 nunquam
1770 3994 1929 4069 Ecclesia
1944 4020 2043 4075 caret
2056 4003 2151 4073 mira·

1170 4101 1277 4181 culis,
1305 4099 1532 4173 etiamsinon
1549 4099 1682 4190 pariter
1697 4098 1888 4172 incurrunt
1905 4104 1946 4171 iu
1962 4106 2101 4176 oculos:
2121 4120 2150 4177 ct

1174 4217 1384 4295 perpetuum
1401 4202 1613 4273 miraculum
1628 4214 1699 4287 cst,
1724 4206 1949 4276 conservatio
1974 4222 2010 4278 et
2030 4209 2151 4278 instau-

1172 4308 1262 4376 ratio
1292 4301 1471 4375 Ecclesiae
1504 4319 1540 4375 et
1573 4303 1762 4391 ministerii
1797 4308 2017 4398 evangelici,
2067 4311 2150 4404 qood

1171 4408 1276 4478 toties
1307 4408 1425 4478 delere
1456 4407 1574 4477 conati
1604 4420 1690 4478 sunt
1719 4408 1869 4477 immani
1892 4411 1995 4483 rabie
2022 4413 2152 4505 plurimi

1173 4523 1327 4601 regeret
1355 4509 1441 4579 mali
1463 4510 1638 4579 doctores.
1698 4506 1866 4580 Caeterae
1892 4528 2010 4586 sectae
2032 4515 2152 4589 etiamsi

1172 4612 1381 4705 aliquandiu
1398 4614 1637 4697 duraverunt,
1661 4624 1781 4683 tamen
1801 4637 1994 4706 oppressae
2017 4642 2087 4689 non
2105 4618 2152 4687 io·

1172 4727 1389 4786 staurautur.

1275 4814 1436 4886 Secunda
1457 4814 1678 4887 confirmatio
1700 4829 1770 4901 est,
1794 4813 2009 4914 Antiquitas
2031 4812 2154 4895 nostrie

1173 4917 1366 4989 doctrinae.
1398 4915 1488 4989 Cum
1506 4918 1601 4987 enim
1619 4932 1898 4989 consentaneum
1916 4925 1981 5008 sit,
2001 4928 2111 4997 Deum
2123 4946 2152 4993 se

127 5029 198 5097 cias
214 5049 270 5095 me
285 5039 443 5116 tempore
461 5036 639 5105 senectae,
657 5046 736 5092 cum
755 5021 893 5090 deficiet
907 5020 1019 5089 virtus
1034 5043 1122 5091 mea.
1174 5020 1374 5112 patefecisse
1394 5019 1514 5109 generi
1533 5017 1703 5103 humano,
1730 5036 1764 5090 et
1782 5024 1881 5092 nulla
1899 5041 1992 5097 extet
2010 5029 2152 5099 doctrina

127 5129 233 5199 ltem:
260 5123 380 5198 Etiam
404 5126 444 5196 in
469 5138 607 5196 senecta
633 5146 705 5193 non
731 5123 912 5215 relinquas
939 5145 1005 5190 me.
1055 5118 1123 5190 llis
1174 5126 1217 5194 de
1242 5123 1474 5213 patefactione
1496 5122 1698 5215 antiquior,
1739 5122 1812 5194 imo
1839 5150 1885 5195 ne
1918 5130 2062 5222 quidem
2083 5128 2153 5203 sciri

127 5230 406 5322 cogitationibus
430 5229 665 5301 exuscitcmus
687 5246 754 5296 nos
775 5225 820 5294 ad
845 5223 1063 5313 vigilantiam
1089 5239 1121 5294 et
1175 5227 1287 5316 possit
1311 5228 1426 5309 unde,
1460 5247 1653 5318 perquer,
1695 5249 1766 5319 quo
1793 5238 1976 5319 tempore,
2010 5230 2153 5303 ethnicae

127 5336 171 5402 ad
202 5332 454 5424 precationem.
1175 5327 1365 5419 religiones
1388 5326 1540 5399 traditae
1559 5326 1648 5397 sint:
1674 5327 1863 5401 fatendum
1884 5349 1938 5405 est
1960 5330 2054 5405 hanc
2074 5334 2152 5405 anti·
