4522 5782
77 192 160 283 sss
280 182 384 275 xnt
433 136 479 276 ι’
495 194 862 279 connumera
889 199 941 279 sn
964 198 1124 281 uass.
1148 197 1300 277 raon
1329 195 1399 275 ao
1423 198 1689 283 somnos.
1735 206 1842 287 car.
1865 214 1912 293 x.
2035 220 2118 305 oss

79 380 193 459 eset,
215 364 304 447 tuuc
317 396 386 447 nos
398 375 537 467 plaeere
551 366 647 463 Deo,
669 400 751 451 cum
765 374 849 450 satis
861 376 1072 451 meritorum
1120 376 1220 450 tione
1242 372 1390 451 Domini
1411 374 1500 450 salvi
1533 378 1632 453 eritis
1653 382 1701 453 ab
1727 383 1802 456 illis
1823 385 1911 478 ipsis
1937 391 2059 479 malis,
2088 418 2111 469 a

77 468 305 547 haberemus.
331 476 452 549 ·llaee
478 480 516 551 in
541 504 669 571 genere
689 483 734 552 de
754 481 923 553 omnibus
945 476 1072 555 huius·
1121 495 1262 573 peccato
1277 494 1312 551 et
1327 506 1347 550 a
1362 496 1496 563 morte,
1517 485 1685 576 aquibus
1706 510 1779 557 uon
1794 489 1967 563 liberabat
1982 495 2049 566 lex.

76 577 179 647 modi
193 577 301 649 dietis
318 581 402 652 seiri
427 586 583 674 prodest.
1219 582 1316 653 Haec
1331 596 1383 653 est
1398 584 1546 675 simplex
1561 599 1597 655 et
1616 610 1697 657 vera
1711 594 1882 663 sententia
1899 587 2005 666 huius
2021 622 2106 689 pro-

179 676 289 751 Nuue
303 684 349 751 ad
364 696 499 755 testum
513 688 712 758 redeamus.
744 682 890 757 Certum
907 699 959 758 est
975 681 1069 756 Pau·
1118 684 1307 758 missionis.
1360 683 1444 756 ldeo
1460 699 1539 777 apte
1554 688 1705 780 quadrat
1729 692 1771 759 ad
1789 688 2044 786 Evangelium,
2070 715 2105 773 et

10 856 13 879 .
75 776 153 849 lum
176 804 254 851 non
277 785 428 873 probare
456 789 735 874 confessionem,
763 789 834 858 nisi
857 788 949 861 adsit
971 788 1069 868 fides,
1116 790 1216 861 addit
1230 785 1367 881 aliquid
1383 788 1473 858 lucis
1490 788 1690 861 definitioni
1705 793 1863 867 iusticias
1877 798 2102 893 fidei,quam

76 904 160 971 ergo
184 906 262 953 nou
292 887 419 961 tribuit
445 890 679 977 confessioni,
709 892 804 984 quod
836 891 882 963 sit
913 890 1070 984 pretium
1114 912 1220 980 supra
1244 889 1408 960 tradidit:
1453 887 1598 961 lusticia
1631 892 1719 983 legis
1749 911 1800 966 est
1830 898 1942 968 lacere
1974 903 2100 991 legens.

45 1048 50 1067 ,
76 999 135 1054 sut
153 986 322 1057 meritum
339 990 432 1061 vitae
457 1006 630 1066 aeternae.
678 988 782 1064 Esset
802 993 898 1062 enim
924 1006 1065 1064 eontra·
1113 989 1186 1062 Sed
1200 991 1339 1065 iusticia
1361 991 1445 1061 fidei
1466 1005 1518 1062 est
1543 993 1709 1064 invocare
1733 994 1951 1085 Dominum,
1975 1013 2011 1072 et
2029 1017 2101 1076 sta-

23 1130 26 1139 ·
76 1085 206 1172 dictio,
229 1103 271 1160 ut
292 1090 427 1163 dictum
448 1107 520 1176 est,
547 1108 582 1166 et
614 1111 732 1168 tamen
755 1095 907 1189 requirit
927 1095 1065 1167 tonles-
1113 1106 1232 1186 tuere,
1258 1094 1515 1189 quodpropter
1537 1094 1735 1168 filiumDei
1757 1099 1954 1172 liberemur
1977 1128 1996 1173 a
2018 1128 2100 1196 pee-

10 1202 20 1243 ·-
76 1188 233 1271 sionem,
260 1194 343 1284 quia
359 1195 582 1281 obedientia,
609 1213 649 1271 ut
672 1197 805 1269 dietum
830 1212 902 1283 est,
927 1210 978 1269 est
1000 1220 1064 1267 ne·
1112 1209 1190 1267 cato
1207 1212 1238 1267 et
1257 1222 1276 1267 a
1292 1208 1426 1283 morte,
1452 1211 1488 1270 et
1509 1197 1555 1267 ab
1571 1196 1643 1284 ira,
1668 1201 1840 1295 aquibus
1864 1201 1920 1275 lex
1942 1229 2017 1277 nou
2034 1230 2099 1301 po-

11 1344 27 1385 ..
75 1292 246 1377 cessaria,
269 1308 303 1363 et
319 1301 505 1368 ostendere
524 1301 637 1371 voluit
652 1297 784 1370 Paulus
800 1320 837 1370 se
853 1300 952 1394 loqui
966 1353 976 1384 ,
989 1322 1063 1369 uon
1111 1309 1201 1370 terat
1214 1300 1377 1370 liberare.

75 1392 116 1463 de
137 1387 321 1487 hypocrisi
346 1399 446 1485 fidei,
477 1400 514 1471 id
541 1416 593 1473 est
602 1456 613 1490 ,
637 1403 683 1472 de
705 1401 818 1473 otiosa
841 1401 1064 1491 cogitatione,
1211 1398 1396 1472 Dulcescet
1426 1401 1535 1488 igitur
1564 1402 1774 1494 promissio,
1813 1428 1893 1477 cum
1922 1406 2098 1499 particula

10 1544 25 1583 ;
74 1494 131 1565 sed
148 1496 197 1567 de
223 1520 308 1570 vero
331 1515 432 1572 motu
452 1504 592 1590 cordis,
617 1502 680 1599 qui
702 1498 936 1596 apprehendit
956 1503 1060 1575 mise·
1110 1503 1218 1593 gratis
1235 1504 1272 1574 in
1289 1526 1329 1574 ea
1344 1502 1567 1594 intelligitur.
1618 1500 1666 1575 Et
1680 1508 1731 1575 sic
1752 1510 1944 1580 exercenda
1966 1524 2018 1583 est
2038 1512 2097 1581 in-

74 1596 267 1675 ricurdiasu
289 1604 498 1693 promissam
523 1620 669 1699 propter
689 1600 893 1692 Christum,
919 1620 955 1679 et
975 1630 1062 1698 pru-
1111 1607 1269 1698 vocatio,
1299 1629 1345 1675 ue
1370 1607 1545 1677 deterreat
1568 1628 1633 1674 nos
1655 1607 1848 1697 indignitas
1869 1626 2009 1697 nostre,
2034 1615 2096 1683 sed

10 1750 26 1791 ζ
74 1700 312 1791 pterealucet
336 1704 639 1795 inconfusione,
676 1709 868 1802 patientia,
897 1722 933 1781 et
956 1708 1062 1779 bouis
1108 1709 1259 1778 sciamus
1277 1709 1481 1778 mandatum
1500 1705 1565 1778 Dei
1580 1723 1725 1794 esse,ut
1741 1711 1960 1784 invocemus.
1994 1712 2097 1801 ltsm,

10 1862 14 1879 ‚
73 1802 243 1895 ess-plis
260 1807 377 1876 omnis
393 1810 544 1898 generis.
1109 1814 1316 1882 mandatum
1340 1832 1432 1895 esse,
1464 1824 1502 1880 ut
1530 1811 1715 1879 credamus
1739 1836 1805 1881 nos
1826 1815 1985 1885 exaudiri
2012 1839 2096 1907 pro-

10 1988 13 1993 ·
171 1900 359 1979 Praeterea
375 1912 544 1983 discernit
562 1910 738 1983 iusticiam
752 1924 786 1983 et
809 1911 956 1985 salutem
976 1936 1059 2007 pro·
1107 1926 1186 2002 pter
1200 1907 1400 1997 Christum,
1427 1936 1499 1980 non
1524 1924 1669 2002 propter
1692 1912 1898 2003 dignitatem
1922 1931 2095 1993 nostram.

10 2058 25 2097 ξ.
71 2017 150 2096 pter
163 2013 479 2100 perseverantiam.
530 2010 609 2085 Etsi
632 2015 728 2085 enim
752 2015 912 2109 quisquis
936 2018 1059 2086 estiu-
1108 2012 1229 2101 Quare
1253 2014 1462 2085 obediamus
1484 2015 1579 2096 Deo,
1611 2026 1646 2083 et
1669 2008 1766 2085 hunc
1788 2018 1923 2088 cultum
1941 2033 2097 2111 praeste-

10 2164 19 2187 .-
70 2119 166 2193 llus,
191 2124 244 2183 est
263 2126 299 2187 et
315 2109 438 2185 haeres
452 2118 545 2187 vitae
560 2129 742 2202 aeternae,
767 2130 885 2187 tamen
902 2119 977 2188 lieri
997 2142 1061 2207 po·
1108 2140 1205 2202 mus,
1238 2139 1388 2209 cumque
1410 2116 1637 2200 invocamus,
1667 2118 1937 2189 meminerimus
1960 2122 2096 2191 nosai-

10 2258 19 2311 3
68 2222 158 2295 test,
180 2226 223 2283 ut
237 2214 351 2287 iustus
366 2219 494 2289 iterum
510 2219 648 2290 amittat
663 2219 849 2290 iusticiam.
900 2219 1051 2290 ldeoin·
1107 2219 1198 2287 lerre
1220 2217 1466 2308 indignitatem
1483 2230 1514 2287 et
1533 2233 1690 2315 peecata,
1717 2232 1752 2289 et
1768 2234 1928 2312 petamus
1950 2238 2097 2314 propter

10 2340 25 2369 ³·
67 2312 166 2405 quit:
191 2312 246 2387 si
278 2317 520 2406 confiteberis,
561 2321 726 2393 videlicet
762 2333 907 2413 propter
943 2324 1060 2407 fidem,
1105 2315 1309 2406 Christum,
1344 2332 1386 2389 ut
1420 2320 1614 2389 liberemur
1643 2332 1677 2389 et
1707 2322 1956 2409 exaudiamur,
1996 2325 2093 2419 quod

10 2426 14 2473 ἴ
65 2414 172 2507 quasi
201 2418 313 2491 dicate
356 2420 395 2495 Si
429 2424 515 2492 tides
545 2423 652 2495 luerit
675 2424 795 2507 brana,
832 2438 867 2496 et
896 2448 1058 2515 perseve-
1106 2446 1185 2492 cum
1210 2422 1377 2505 iacimus,
1410 2422 1516 2491 simul
1537 2422 1676 2509 agimus
1698 2423 1968 2512 poenitentiam.
2020 2424 2097 2496 lam

64 2538 166 2591 rans.
220 2516 303 2591 Non
317 2525 412 2594 enim
436 2527 561 2618 prohat
583 2526 861 2614 consessionem,
886 2528 957 2597 nisi
976 2552 1059 2619 pro·
1105 2525 1208 2593 facile
1231 2539 1282 2596 est
1306 2523 1497 2594 dissimiles
1518 2524 1710 2594 sententias
1733 2526 1939 2611 conciliare:
1966 2525 2097 2616 Pecca-

63 2632 146 2707 pter
168 2621 290 2697 iidem.
1106 2639 1198 2696 tores
1222 2622 1319 2696 Deus
1341 2649 1415 2695 non
1439 2627 1600 2710 exaudit,
1635 2627 1768 2700 scilieet
1791 2629 1855 2722 qui
1876 2631 1954 2701 siue
1969 2629 2096 2723 poeni·
2120 2626 2124 2633 ⁴

1106 2729 1215 2799 tentia
1231 2741 1265 2798 et
1281 2729 1358 2798 sine
1371 2729 1440 2797 lide
1455 2728 1633 2802 invocent.

273 2779 410 2864 Omnis
432 2792 528 2865 enim
550 2794 619 2896 qui
639 2793 872 2872 invocaverit.

1104 2891 1297 2994 Quomodo
1322 2904 1444 2969 aulem
1473 2893 1695 2968 invocabunt
1718 2919 1818 2993 eum,
1845 2897 1884 2968 s'u
1900 2922 2004 2999 quem
2020 2924 2093 2975 nou

85 2936 97 2959 “
171 2921 336 3002 Primum
368 2932 632 3002 observandum
661 2946 731 3014 est,
773 2935 868 3028 quod
905 2931 1057 3003 inculcat
1567 2998 1575 3015 ,

1474 2994 1730 3069 credederunt?

10 3022 12 3103 J
64 3028 281 3118 perticulam
311 3033 569 3120 universalem,
611 3048 644 3106 et
675 3035 944 3104 meminerimus
975 3059 1057 3126 pro·

10 3168 15 3175 ·
64 3131 257 3203 missiones
284 3156 360 3204 esse
387 3138 616 3208 universales.
678 3136 865 3233 Secupdo,
896 3138 1057 3209 conside·
1205 3133 1317 3209 Addit
1341 3134 1474 3206 Paulus
1495 3138 1663 3221 modurn,
1694 3161 1765 3229 quo
1785 3136 1952 3209 beneficia
1973 3135 2091 3208 Evau-

10 3292 17 3299 .
64 3234 223 3305 randum
247 3248 319 3322 est,
343 3238 430 3331 quid
453 3238 523 3308 sibi
548 3239 634 3312 velit
658 3232 744 3309 haec
765 3263 857 3308 nova
873 3240 1058 3324 sententia,
1104 3238 1188 3330 gelii
1210 3240 1316 3309 nobis
1342 3238 1572 3328 contingunt,
1607 3238 1738 3308 seilicet
1771 3262 1834 3330 per
1856 3239 2093 3310 ministerium

64 3347 168 3407 etan
194 3337 241 3408 ad
261 3333 497 3431 Evangelium
524 3342 731 3415 conveniat:
763 3337 894 3413 Omnis
916 3342 977 3436 qui
999 3343 1058 3412 in·
1104 3341 1202 3412 verbi
1228 3338 1305 3410 Dei.
1362 3338 1497 3438 Estque
1520 3336 1579 3410 hic
1604 3341 1706 3411 locus
1731 3342 1942 3432 praecipuus
1964 3345 2008 3411 de
2029 3364 2095 3412 ne·

63 3438 250 3511 rueaverit
263 3453 329 3513 etc.
1103 3444 1263 3514 cessitate
1278 3456 1311 3514 et
1326 3443 1500 3533 dignitate
1521 3442 1711 3513 ministerii
1735 3443 2003 3533 diligentissime
2025 3445 2093 3515 ob-
2170 3516 2180 3523 ,

168 3538 407 3632 Respondeas
433 3541 531 3616 Haec
552 3559 604 3618 est
628 3568 721 3616 nova
742 3540 950 3639 prophetia,
983 3546 1057 3616 dis-
1103 3548 1314 3631 servandus,
1340 3559 1380 3615 ut
1394 3545 1565 3635 sciamus,
1592 3546 1772 3639 quomodo
1788 3543 1885 3616 Deus
1899 3547 1946 3618 sit
1970 3546 2092 3617 efficax

64 3664 219 3713 emmens
238 3638 475 3737 Evangelium
492 3647 619 3737 alege,
644 3648 727 3741 quia
749 3649 805 3719 lex
829 3649 935 3720 etiam
955 3651 1058 3720 docet
1104 3648 1142 3715 in
1159 3648 1281 3733 nobis,
1305 3671 1370 3717 nec
1383 3670 1594 3739 quaeramus
1617 3646 1705 3716 alias
1729 3647 2008 3719 illuminationes
2031 3673 2092 3718 ex-

62 3741 354 3835 invucstionem,
378 3773 459 3819 cum
476 3751 683 3820 conditione
699 3753 869 3839 perlectae
887 3750 1056 3821 obedien·
1102 3763 1158 3822 tra
1173 3751 1338 3834 verbum,
1353 3772 1417 3817 nec
1434 3748 1663 3837 admittamus
1679 3749 1948 3838 imaginationes
1962 3763 1995 3821 et
2009 3749 2091 3839 opi·

60 3848 150 3923 tiae.
200 3846 273 3921 Sed
288 3845 373 3921 haec
386 3847 572 3943 prophetia
588 3852 766 3944 promittit
785 3853 934 3923 salutem
953 3853 1056 3922 invo-
1103 3853 1286 3922 nionesde
1305 3849 1400 3942 Deo,
1426 3851 1502 3921 siue
1525 3863 1619 3920 certo
1647 3851 1754 3921 verbo
1772 3849 1849 3921 Dei.
1904 3850 2090 3921 Latissime

62 3948 253 4043 cantibus,
285 3948 420 4024 scilieet
448 3953 578 4046 quibus
605 3970 707 4025 antea
738 3955 794 4025 les
823 3978 897 4023 non
920 3968 1056 4047 poterat
1105 3947 1287 4043 patethoc
1311 3954 1601 4046 praeceptumde
1625 3954 1736 4023 verbo
1759 3952 1890 4039 vocali,
1920 3965 1972 4024 est
1992 3951 2089 4021 euim
2184 4018 2191 4041 ,

59 4051 259 4143 opitulari,
283 4069 318 4127 et
332 4055 394 4149 qui
408 4070 490 4126 sunt
508 4058 577 4125 iarn
594 4057 700 4139 tales,
726 4069 764 4127 ut
786 4081 861 4127 uon
881 4071 1056 4146 praestent
1105 4055 1247 4126 difficile
1264 4051 1404 4127 homini
1420 4055 1581 4126 resistere
1597 4056 1634 4124 in
1651 4056 1759 4124 verbo
1773 4052 1859 4140 Dei,
1885 4069 1919 4124 et
1939 4067 2090 4124 statuere

59 4154 328 4240 obedientiam,
363 4181 469 4251 quam
501 4159 556 4229 lex
586 4158 747 4252 requirit.
806 4158 957 4229 Talibus
984 4159 1054 4228 iam
1104 4171 1218 4239 certo,
1244 4153 1424 4227 haucesse
1440 4157 1658 4227 voluntatem
1675 4156 1764 4242 Dei,
1797 4179 1901 4248 quam
1917 4155 1955 4223 in
1979 4156 2088 4227 verbu

60 4256 245 4347 promittit
272 4260 441 4345 salutem,
479 4261 510 4330 si
536 4260 704 4331 invocent
734 4285 868 4331 nomeu
897 4259 1056 4345 Domini,
1103 4261 1382 4352 proponit,ideo
1398 4259 1499 4328 lacile
1515 4259 1694 4329 delabitur
1709 4259 1747 4327 iu
1763 4258 1850 4327 alias
1865 4257 2089 4346 imaginatio·

58 4356 99 4428 id
115 4374 189 4442 est,
216 4359 247 4431 si
266 4361 434 4433 invocent
447 4362 550 4433 illurn
568 4361 784 4446 Dominum,
809 4364 871 4456 qui
895 4386 931 4433 se
955 4387 1055 4433 reve·
1104 4385 1176 4431 nes.
1228 4357 1420 4433 SicutEva
1441 4360 1566 4431 leviter
1587 4359 1743 4430 sentiens
1763 4359 1808 4428 de
1830 4360 1957 4443 verbo,
1989 4360 2089 4430 addit

58 4456 115 4533 lat
138 4461 177 4531 iu
200 4463 266 4534 illo
283 4464 410 4551 verbo,
437 4467 534 4558 quod
556 4466 654 4536 dedit
677 4465 857 4559 patribus,
882 4467 977 4560 quod
994 4490 1054 4535 ex·
1103 4465 1409 4554 imaginationem,
1451 4462 1598 4534 fortasse
1629 4484 1702 4532 uon
1729 4474 1800 4533 tum
1822 4461 1960 4533 duriter
1980 4461 2088 4534 sensit

57 4551 205 4637 hibebit
222 4564 261 4634 in
275 4568 430 4638 adventu
444 4568 521 4643 lilii.
1101 4564 1211 4638 Deus.

167 4664 292 4756 Quare
314 4664 374 4751 hic
397 4692 537 4741 necesse
550 4682 603 4739 est
624 4668 777 4759 intelligi
794 4670 1053 4740 invocationem
1204 4666 1262 4740 Sic
1280 4668 1317 4735 in
1334 4665 1456 4737 multis
1472 4665 1631 4738 articulis
1650 4666 1795 4752 accidit,
1826 4666 1974 4736 verbum
1999 4663 2088 4736 dicit

59 4791 148 4841 cum
171 4770 347 4861 particula
365 4769 497 4846 Gratis.
537 4769 702 4865 Requirit
728 4772 841 4853 enim,
867 4785 908 4842 ut
931 4772 1053 4841 creda·
1102 4771 1214 4842 clare:
1241 4767 1330 4839 Fide
1355 4791 1476 4840 sumus
1497 4769 1581 4838 iusti
1606 4783 1749 4860 propter
1763 4763 1956 4842 Christum.
2007 4764 2087 4837 Hoc

62 4892 146 4943 mus
165 4871 296 4961 gratis,
328 4887 476 4965 propter
498 4874 601 4944 illum
623 4874 834 4966 promissum
857 4872 1053 4945 Dominum
1103 4876 1251 4943 verbum
1265 4871 1350 4939 mali
1366 4873 1528 4942 doctores
1544 4885 1701 4941 tenentes
1722 4871 1943 4962 languidius,
1975 4882 2010 4939 et
2029 4889 2085 4936 se·

61 4996 132 5045 uos
153 4972 317 5046 exaudiri
335 4976 526 5050 etsalvari.
576 4973 666 5046 Nam
688 4971 774 5046 haec
789 4976 974 5069 promissio
988 4999 1054 5067 op·
1102 4990 1248 5068 quentes
1278 4996 1377 5043 suam
1407 4973 1714 5062 imaginationem,
1758 4973 1959 5063 cogitarunt
1987 4992 2084 5039 com-

64 5078 233 5166 ponenda
252 5091 303 5147 est
317 5077 407 5168 legi,
432 5078 533 5172 quasi
557 5079 667 5150 dicat:
702 5076 796 5165 Quia
818 5079 874 5148 lex
890 5102 963 5149 uon
989 5102 1053 5168 po·
1101 5076 1243 5146 modius
1264 5075 1354 5160 dici,
1387 5071 1560 5145 Homines
1580 5098 1653 5144 esse
1678 5076 1807 5160 iustos,
1838 5087 1983 5165 propter
2004 5091 2085 5139 suas

67 5179 136 5251 tuit
159 5178 355 5271 opitulari,
394 5183 480 5278 quia
511 5183 593 5251 estis
615 5182 682 5251 sub
706 5193 849 5271 peceato
872 5193 907 5250 et
929 5192 1053 5259 morte,
1102 5180 1251 5249 virtutes
1266 5190 1299 5247 et
1321 5178 1457 5251 merita.
1517 5175 1656 5246 Deinde
1677 5177 1893 5247 addiderunt
1916 5173 2085 5243 dubitan-

62 5280 137 5353 alio
151 5285 265 5354 modo
285 5283 507 5374 promittitur
531 5283 690 5357 salvatio.
749 5278 846 5353 Deus
868 5282 966 5352 dabit
988 5282 1054 5350 do·
1100 5284 1186 5351 dum
1204 5303 1294 5366 esse,
1321 5294 1356 5351 et
1371 5281 1518 5350 omnino
1534 5281 1732 5349 obruerunt
1746 5300 1864 5349 veram
1887 5274 2084 5346 doctrinam

62 5397 200 5459 ctorem
206 5440 222 5477 ,
247 5385 409 5463 effundet
433 5387 478 5458 de
498 5385 628 5480 spiritu
651 5408 737 5476 suo,
769 5397 805 5457 et
823 5407 887 5457 vos
907 5384 1052 5455 invoca·
1101 5383 1243 5458 deiide.
1292 5380 1395 5457 Sicut
1408 5396 1444 5457 et
1466 5406 1568 5526 nuni
1578 5378 1831 5526 dpabaptistae
1854 5389 2088 5450 contemnunt
