4522 5782
112 219 180 301 us
391 144 399 151 ¹
476 215 562 294 ru
613 213 918 299 anemium
934 218 997 299 ιιι
1016 210 1448 307 avenascensis.
1493 209 1604 293 use.
1631 212 1772 299 xvur.
1881 286 1885 297 .
2076 230 2156 311 aa,

111 396 179 487 ip„
193 389 381 467 miracula.
431 390 518 463 ldeo
536 390 606 463 fuit
627 392 666 463 ln
681 392 788 466 Petro
810 394 947 465 bonum
967 414 1101 488 propo-
1257 386 1337 467 Etsi
1352 402 1471 465 sotem
1487 415 1564 465 non
1580 392 1765 482 scribitur,
1789 399 1855 476 ubi
1878 400 1988 482 luerit
2009 400 2078 484 hoc
2094 408 2153 487 bi·

112 499 230 579 ritum,
252 490 726 576 uthaec-verbatestantur,
752 496 963 571 Lucaeea:
990 497 1101 569 Para·
1154 496 1227 569 duo
1254 492 1399 585 Petrus,
1443 496 1529 587 quid
1561 500 1690 587 egerit,
1729 515 1850 577 tamen
1872 528 2151 589 consentaneum

112 617 165 674 tus
182 620 262 669 sum
277 611 395 669 tecum
410 597 450 666 in
465 612 615 669 mortem
632 598 695 671 ire.
749 596 948 670 Videbatur
963 624 1046 689 ergo
1062 601 1100 671 in
1154 613 1221 679 est,
1249 622 1330 667 eum
1351 598 1456 669 luisse
1472 597 1509 667 in
1527 622 1655 688 magno
1672 603 1782 689 luctu,
1807 618 2016 684 sustentavit
2033 632 2149 689 autem

111 700 213 773 Petro
228 699 409 771 mediocre
424 702 536 770 robur
549 697 634 771 fidei
651 720 746 788 esse,
774 715 942 772 ettamen
965 704 1100 792 exiguis
1153 722 1189 769 se
1207 694 1271 769 hac
1291 723 1397 779 voce:
1423 696 1561 788 R⁰glll
1581 725 1643 790 Ρΐ0
1661 718 1695 775 ¹⁰
1709 703 1823 794 Petre,
1850 736 1895 781 Μ
1911 718 2048 788 <lefwini
2062 722 2150 791 fid&

110 802 405 875 terriculamentis
427 803 576 872 ancillae
598 814 633 872 et
657 823 842 873 servorum
861 794 1100 895 perturbatus,
1152 816 1231 887 tua,
1267 796 1365 870 haee‘
1384 803 1537 871 scintilla
1557 803 1640 873 fidei
1664 831 1743 876 eum
1769 813 1951 905 tantisper
1966 798 2147 894 consolata

110 904 230 976 abiicit
251 904 522 976 confessionem.
582 901 684 973 Talis
709 917 784 974 erat
809 904 925 977 David
948 908 1100 975 donatus
1152 919 1222 984 est,
1260 905 1375 973 donec
1408 919 1528 994 postea
1566 907 1791 981 resuscitatus
1820 914 2000 989 Dominus
2037 925 2148 1014 magis

109 1007 405 1098 Spiritusancto,
439 1020 474 1077 et
488 1006 717 1076 confirmatus
735 1006 857 1076 multis
873 1008 947 1078 suis
961 1024 996 1081 et
1010 1008 1099 1077 alie·
1152 1004 1375 1075 confirmavit
1406 1029 1507 1088 eum,
1548 1005 1731 1097 inquiens:
1783 1012 1885 1086 Pelle
1916 1021 2036 1112 ‘¹5¹3ssss
2068 1027 2149 1095 ¹¹¹0?

109 1110 163 1179 nis
180 1106 379 1181 miraculis.
432 1106 508 1177 lmo
525 1121 700 1199 spectator
714 1107 821 1177 ctiam
838 1110 954 1179 luerat
969 1109 1099 1181 tristis·
1151 1104 1259 1177 Pasce
1274 1131 1357 1176 oves
1374 1129 1478 1178 meas.
1516 1103 1619 1176 Extat
1632 1110 1740 1199 igitur
1756 1118 2021 1215 testimonium,
2049 1130 2145 1219 qnod

108 1205 336 1281 simi‘exitus
365 1209 502 1292 Saulis,
544 1212 641 1304 quod
675 1210 874 1301 exemplum
913 1212 1099 1307 proposuit

108 1308 390 1383 Deus-secuturis
409 1312 569 1399 regibus,
599 1324 639 1381 ut
660 1311 771 1399 magis
789 1311 955 1384 timerent
969 1311 1098 1387 Deum.

105 1410 288 1485 distamen
306 1414 461 1484 vincitur
476 1412 593 1484 David
609 1412 762 1481 flammis
780 1413 959 1499 adulterii,
986 1430 1020 1486 ct
1035 1440 1098 1484 cu-

109 1516 349 1585 mulststatim
363 1538 489 1604 magna
512 1527 664 1605 peccata.
716 1510 785 1583 His
806 1517 975 1608 exemplis
998 1518 1099 1587 inhr-

106 1617 236 1689 mitat-is
272 1617 562 1701 commonefacti,
610 1617 837 1686 emendemus
875 1619 1097 1690 securitatem

106 1733 285 1802 nostram,
324 1733 360 1789 et
381 1720 600 1810 deponamus
622 1718 945 1801 fiduciamssnostri,
984 1721 1099 1791 disca·

106 1845 182 1893 mus
207 1820 333 1890 timere
348 1818 488 1907 Deum,
518 1833 553 1892 et
575 1833 693 1912 petere
714 1820 886 1893 auxilium
912 1836 947 1894 et
968 1824 1098 1913 guber-

105 1924 286 1996 nationem
305 1922 483 1993 divinam..
523 1976 526 1981 .

204 2023 408 2095 Teneamus
422 2025 459 2095 in
478 2037 622 2116 promtu
636 2036 672 2096 et
688 2023 781 2095 dicta
806 2026 852 2094 de
875 2021 942 2095 hac
964 2024 1098 2096 doctri-

108 2149 171 2207 ua,
206 2123 429 2199 loann.15.c
471 2127 558 2199 Sine
588 2151 645 2197 me
675 2121 769 2197 nihil
799 2126 944 2219 potestis
973 2128 1097 2201 facere.

108 2223 332 2300 Matthia:
358 2226 516 2319 Vigilate
534 2243 568 2299 et
583 2243 697 2314 orate,
723 2253 768 2298 ne
793 2229 934 2300 intretis
955 2230 993 2296 in
1019 2241 1106 2323 ten-¹

107 2331 294 2401 tationem:
320 2329 475 2423 Spiritus
491 2332 635 2424 quidem
653 2342 815 2422 promtus
839 2345 907 2416 est,
934 2354 1015 2400 caro
1033 2353 1096 2401 au·

109 2444 175 2503 tem
189 2433 346 2508 infirma,
400 2433 434 2505 1.
450 2430 544 2506 Pctr.
561 2433 642 2503 ult.:
669 2430 844 2520 Vigilate,
871 2433 955 2526 quia
969 2434 1096 2503 adver-

109 2535 215 2604 sarius
240 2552 356 2607 vester
379 2535 563 2618 diabolus,
595 2547 763 2627 tanquam
785 2535 842 2606 leo
863 2535 1006 2625 rugiens
1026 2535 1097 2607 cir-

108 2637 233 2720 cumit,
282 2659 456 2730 quaerens
487 2661 593 2730 quem
627 2637 786 2706 devoret.
844 2640 881 2709 2.
906 2634 987 2709 Cor.
1015 2635 1093 2709 10.:

109 2735 173 2826 Qui
192 2739 336 2810 videtur
358 2754 468 2823 stare,
493 2740 610 2807 videat
633 2761 679 2807 ne
703 2740 814 2812 cadat.
868 2731 999 2809 Matth.
1020 2740 1093 2809 12ιΙ

109 2836 261 2911 l'cuiens
280 2841 419 2911 invenit
444 2843 588 2910 domurn
611 2841 783 2924 otiosam,
819 2853 853 2909 et
877 2840 1025 2909 assumit
1041 2865 1094 2909 se·

111 2965 181 3011 tum
199 2943 290 3013 alios
308 2957 438 3035 septem
463 2943 608 3031 spiritus
630 2943 843 3021 deteriores,
870 2955 904 3011 et
920 2943 1010 3012 liunt
1028 2966 1095 3010 no-

110 3045 243 3115 rissima
273 3041 429 3114 hominis
451 3044 549 3113 illius
578 3044 751 3114 deteriora
783 3042 976 3134 prioribus.
1034 3041 1094 3115 Ad

110 3141 195 3215 Phil.
217 3149 273 3220 2.:
313 3144 404 3217 Cum
436 3146 562 3215 timore
597 3162 631 3216 et
663 3160 816 3215 tremore
832 3159 982 3216 vestram
1000 3145 1095 3214 salu·

111 3260 172 3317 tem
189 3249 409 3338 operamini·
452 3252 487 3321 2.
505 3245 588 3319 Cor.
603 3249 655 3317 b:
681 3245 764 3316 Non
780 3270 901 3317 sumus
916 3245 1096 3317 sufficien-
1118 3262 1121 3287 ¹

112 3363 155 3418 tes
175 3375 218 3419 ex
233 3353 339 3419 nobis
361 3351 515 3439 cogitare
533 3349 692 3442 aliquid,
727 3362 893 3441 tanquam
915 3372 955 3419 ex
980 3350 1094 3421 nobis.

111 3446 167 3521 llis
182 3453 404 3522 etsimilibus
418 3453 520 3522 dictis
531 3454 719 3521 excitemus
735 3474 800 3519 nos
815 3455 857 3519 ad
876 3450 1093 3539 agnitionem

113 3567 246 3627 nostrae
265 3555 499 3638 infirmitatis,
525 3555 569 3623 ad
590 3555 754 3623 timorem
771 3553 861 3632 Dei,
887 3557 932 3621 ad
954 3555 1094 3643 petitio·

1151 1221 1187 1278 et
1206 1210 1278 1278 labi
1295 1208 1431 1298 possint
1453 1208 1586 1291 renati,
1627 1226 1659 1282 et
1692 1214 1781 1303 lapsi
1816 1245 1939 1293 rursus
1961 1228 2005 1295 ad
2030 1227 2146 1301 Deum

1151 1311 1331 1395 converti,
1365 1324 1399 1379 et
1427 1313 1630 1403 quodvere
1651 1315 1881 1404 recipiantur.
1943 1323 2022 1397 Hoc
2046 1332 2146 1402 testi-

1151 1415 1311 1482 monium
1330 1413 1433 1482 nobis
1457 1432 1593 1502 semper
1614 1414 1651 1483 in
1675 1436 1865 1511 conspectu
1890 1425 1953 1506 sit,
1988 1453 2062 1499 non
2086 1455 2145 1502 so·

1152 1514 1225 1585 lum
1251 1517 1295 1585 ad
1315 1513 1521 1584 refutandos
1538 1512 1773 1604 Novatianos,
1808 1528 1868 1595 sed
1894 1528 2061 1601 etiamad
2079 1558 2144 1604 uos

1151 1617 1246 1708 ipsos
1263 1616 1543 1699 confirmandos,
1568 1630 1606 1687 ut
1622 1631 1817 1692 statuamus
1832 1651 1912 1697 vere
1934 1654 1999 1700 nos
2022 1636 2143 1726 recipi,

1151 1720 1286 1789 etiamsi
1302 1718 1424 1789 multis
1439 1728 1472 1786 et
1491 1719 1626 1806 magnis
1649 1723 1839 1796 sceleribus
1861 1729 1987 1820 polluti
2009 1757 2143 1817 sumus,

1150 1834 1184 1890 et
1202 1823 1416 1890 admoneant
1432 1839 1497 1888 nos
1521 1820 1608 1889 tales
1632 1815 1799 1895 historiae
1823 1830 1868 1898 de
1893 1835 2142 1923 promissioni-

1150 1924 1234 1992 bus:
1261 1921 1443 1992 Exuberat
1457 1921 1566 2009 gratia
1584 1945 1689 2012 supra
1705 1927 1886 2000 delictum.
1913 1930 2019 2003 Item:
2047 1937 2141 2010 Vivo

1150 2047 1226 2113 ego,
1249 2025 1336 2095 dicit
1350 2022 1548 2106 Dominus,
1577 2025 1662 2095 nolo
1679 2043 1829 2100 mortem
1848 2039 2053 2125 peccatoris,
2078 2045 2139 2112 sed

1149 2141 1188 2197 ut
1204 2139 1431 2197 convertatur
1444 2136 1478 2194 et
1493 2122 1599 2195 vivat.

1249 2226 1372 2299 Tertio
1396 2223 1639 2297 consideretur
1668 2230 1876 2319 magnitudo
1899 2239 2035 2329 lapsus:
2071 2242 2140 2314 Pe-

1148 2341 1225 2400 trus
1242 2343 1296 2401 ter
1309 2343 1426 2420 negat,
1443 2341 1478 2399 et
1492 2328 1673 2417 negationi
1687 2332 1801 2403 sciens
1817 2340 1915 2410 addit
1929 2343 2140 2433 periurium,

1148 2430 1393 2505 utMarc.14.
1417 2451 1579 2521 expresse
1605 2430 1752 2502 dicitur:
1786 2434 1912 2531 Coepit
1933 2450 2086 2515 execrari
2103 2471 2139 2517 se

1147 2547 1182 2604 et
1202 2535 1340 2608 iurare.
1390 2531 1461 2603 Hic
1492 2531 1614 2624 quaeri
1647 2534 1736 2604 solet
1764 2539 1851 2630 quid
1882 2543 2020 2616 intersit
2046 2547 2139 2618 inter

1146 2631 1424 2726 blasphemiam,
1457 2645 1492 2729 et
1518 2628 1614 2703 hunc
1639 2634 1798 2726 lapsum,
1824 2646 1888 2712 etsi
1912 2645 1973 2713 alii
1991 2672 2008 2715 a
2025 2651 2138 2720 carreis

1146 2738 1265 2828 lapsus
1281 2749 1427 2808 sumunt
1443 2735 1656 2819 discrimen,
1681 2739 1764 2829 qttia
1780 2757 1876 2813 metu
1892 2749 2059 2836 supplicii
2075 2771 2137 2821 str-

1146 2854 1288 2931 peratus
1303 2839 1348 2909 sit
1362 2837 1505 2920 Petrus,
1530 2848 1563 2905 et
1587 2860 1662 2905 non
1685 2841 1768 2925 odio
1785 2838 1917 2916 Christi
1942 2865 2059 2920 motus
2082 2855 2138 2938 sit,

1146 2955 1187 3012 ut
1204 2941 1326 3021 ludas,
1354 2955 1470 3011 tamen
1487 2960 1552 3005 nos
1570 2937 1766 3009 iudicemus
1784 2966 1802 3011 a
1820 2949 2023 3032 posteriore.
2049 2950 2136 3024 Cer-

1146 3043 1246 3112 nitur
1263 3041 1359 3113 Petri
1377 3038 1613 3132 poenitentia,
1641 3064 1730 3132 quae
1745 3045 1888 3135 quidem
1909 3076 1989 3120 mox
2019 3069 2135 3125 secuta

1146 3159 1197 3216 est
1214 3145 1362 3233 lapsuro.
1416 3140 1498 3211 Non
1513 3154 1565 3210 est
1586 3156 1703 3210 autem
1729 3142 1945 3235 blasphemia
1968 3156 2136 3226 adversus

1146 3245 1318 3334 Spiritum
1341 3258 1521 3326 sanctum,
1556 3244 1699 3334 quando
1726 3248 1887 3338 sequitur
1910 3277 1991 3323 vera
2011 3258 2136 3345 poeni-

1145 3348 1265 3417 tentia.
1317 3346 1362 3418 Et
1378 3348 1425 3417 ica
1440 3368 1506 3415 nos
1524 3345 1772 3417 universaliter
1785 3349 2135 3444 iudicaredehcmus,

1147 3451 1211 3519 etsi
1230 3472 1352 3518 verum
1371 3462 1423 3519 est
1437 3448 1507 3516 alia
1527 3462 1665 3536 peccata
1682 3449 1761 3518 aliis
1777 3456 1950 3526 atrociora
1966 3480 2057 3545 esse,
2082 3475 2136 3530 ta·

1146 3576 1227 3620 men
1242 3552 1362 3621 omnia
1381 3561 1625 3636 magnasunt,
1653 3561 1686 3619 et
1701 3551 1806 3641 longe
1829 3556 2002 3646 tristiora,
2030 3584 2136 3652 quam

113 3664 184 3724 nem
198 3656 344 3740 auxilii,
369 3657 459 3725 sicut
477 3670 570 3726 totus
587 3655 717 3728 Psalm.
733 3654 818 3727 119.
836 3654 916 3725 talis
932 3657 1094 3731 doctrina
1147 3669 1188 3724 ut
1205 3678 1223 3721 a
1240 3653 1344 3721 nobis
1358 3645 1613 3740 comprehendi
1631 3675 1755 3720 eorum
1781 3659 1988 3745 magnitudo
2013 3664 2133 3750 possit.

113 3760 393 3848 etprecatioest:
427 3756 1094 3828 Faccumservotuosecundummi-
1145 3753 1285 3827 Deiude
1306 3755 1370 3824 etsi
1401 3753 1522 3821 omnia
1544 3764 1627 3820 sunt
1651 3777 1794 3842 magna,
1837 3772 1953 3829 tamen
1982 3764 2135 3835 aciamus

113 3861 333 3931 scricordiam
350 3876 465 3944 tuam,
491 3874 526 3931 et
540 3858 806 3929 iustificationes
823 3872 901 3927 tuas
927 3861 1013 3927 doce
1027 3882 1093 3929 me.
1146 3859 1351 3926 mandatum
1368 3854 1436 3927 Dei
1453 3852 1675 3923 immutabile
1690 3879 1782 3942 esse,
1814 3872 1854 3928 ut
1877 3885 1951 3930 non
1969 3866 2134 3954 despere-

112 3958 209 4031 ltem:
247 3962 401 4032 Gressus
432 3986 528 4032 meos
558 3961 670 4048 dirige
695 3963 889 4029 secundum
913 3960 1094 4051 eloquium
1146 3982 1244 4042 mus,
1276 3960 1337 4025 sed
1364 3958 1550 4025 redeamus
1574 3956 1618 4024 ad
1639 3952 1755 4024 Deum
1779 3984 1843 4049 per
1865 3965 2133 4052 poenitentiam,

114 4076 223 4150 tuum,
248 4080 282 4135 et
296 4088 369 4134 uon
388 4065 592 4133 dominetur
607 4062 676 4130 mei
695 4063 811 4130 omnis
828 4061 1019 4134 iniusticia.
1146 4077 1181 4132 et
1195 4060 1359 4129 fiduciam
1386 4056 1591 4127 mediatoris
1611 4051 1757 4127 Christi.
1808 4058 2006 4133 Filiusllei
2029 4067 2133 4158 longe
2220 4138 2230 4143 ,

205 4166 372 4255 Secundo
395 4168 657 4236 cousideremns
684 4164 885 4253 exemplum
910 4163 1094 4254 poeniten·
1147 4161 1324 4253 potentior
1356 4182 1430 4229 esse
1454 4172 1528 4229 toto
1551 4156 1660 4244 regno
1684 4162 1818 4250 peccati
1848 4168 2029 4253 credatur,
2069 4173 2131 4262 qui

116 4267 197 4343 tiae:
244 4266 512 4366 Apud'Lucarn
536 4292 610 4358 cap.
634 4270 696 4340 22.
722 4259 806 4335 haec
833 4267 939 4334 verba
969 4265 1094 4354 legun·
1145 4261 1300 4334 hacfide
1328 4265 1480 4332 redeunt
1510 4256 1711 4340 aeneum,
1752 4256 1816 4331 hos
1840 4278 2034 4340 statuamus
2057 4294 2131 4360 non

118 4383 181 4439 tur:
208 4369 257 4441 Et
275 4371 412 4454 statim,
440 4371 608 4462 loquente
633 4393 693 4448 eo,
720 4368 833 4456 gallus
856 4367 1028 4450 cantavit,
1060 4380 1095 4436 et
1146 4364 1275 4437 habere
1291 4379 1470 4456 peccatum
1487 4361 1524 4429 in
1541 4360 1715 4455 Spiritum
1732 4379 1904 4441 sanctum.

117 4495 297 4542 conversus
312 4470 488 4541 Dominus
506 4472 656 4542 intuitus
674 4487 723 4539 est
741 4469 898 4549 Petrum,
924 4483 959 4539 et
974 4493 1094 4538 recor·
1247 4467 1330 4537 Non
1353 4466 1461 4555 igitur
1483 4463 1551 4532 suit
1573 4460 1670 4541 Petri
1691 4463 1810 4553 lapsus
1834 4467 2051 4558 blasphemia
2069 4477 2133 4544 acl-

119 4575 208 4645 datus
221 4590 273 4644 est
291 4574 417 4643 Petrus
432 4575 605 4642 sermonis
620 4573 786 4655 Domini,
816 4587 850 4641 et
868 4592 1024 4660 egressus
1040 4572 1094 4639 fo·
1146 4593 1265 4639 versrss
1280 4568 1451 4658 Spiritum
1468 4577 1648 4647 sanctum,
1675 4569 1735 4633 sed
1753 4564 1879 4651 Iudae,
1907 4571 2074 4663 Caiphae,
2098 4590 2132 4647 et

118 4699 184 4759 ras,
208 4678 450 4746 licvitamare.
479 4673 1094 4744 lnhisverbisdescribunturcon·
1146 4672 1316 4741 similium
1348 4672 1504 4748 littores,
1546 4666 1607 4758 qui
1639 4671 1978 4746 nonredieruntad
2004 4676 2130 4761 Deum,
2246 4722 2256 4728 --

118 4780 204 4848 tritio
231 4795 265 4849 et
293 4803 396 4848 causa
426 4779 661 4849 contritionis.
732 4776 885 4844 Amarae
918 4775 1093 4867 lacrymae
1119 4776 1122 4857 l
1145 4776 1290 4843 luerrsnt
1312 4765 1548 4861 blasphemiae
1570 4768 1736 4839 adversus
1762 4770 1935 4861 Spiritum
1960 4778 2163 4852 sanctum*

116 4881 305 4970 significant
320 4882 480 4951 dolorem
500 4882 537 4947 in
553 4884 658 4948 eorde
675 4877 769 4947 Petri
794 4879 1015 4967 agnoscentis
1032 4877 1095 4945 tri·
1120 4863 1124 4921 l
1146 4875 1262 4963 Magis
1281 4875 1388 4962 igitur
1401 4874 1438 4939 in
1455 4869 1517 4940 tali
1532 4870 1725 4939 tentatione
1741 4873 1912 4945 intuenda
1932 4892 2014 4948 sunt
2031 4903 2131 4947 man·
2188 4944 2192 4953 ,

115 4995 192 5053 stem
208 5000 243 5053 et
258 5006 423 5071 magnum
440 4983 590 5072 lapsum.
641 4979 751 5051 Causa
771 5004 853 5048 vero
870 4978 1095 5048 contritionis
1147 4979 1226 5045 data
1241 4981 1285 5043 de
1303 4974 1531 5064 poenitentia,
1558 4983 1591 5039 et
1608 4973 1858 5062 promissiones
1873 4982 1916 5047 de
1933 4981 2012 5062 fide,
2027 5005 2132 5071 quarn
2201 5031 2209 5039 .

114 5108 250 5157 movens
267 5109 329 5153 cor
346 5084 442 5153 Petri
465 5087 550 5166 luit,
576 5085 671 5176 qnod
687 5078 869 5151 Christum
889 5104 969 5151 eum
986 5081 1093 5150 iutui-
1147 5079 1324 5148 strlitiliter
1344 5075 1566 5169 quaerendae
1584 5096 1706 5143 causae
1730 5077 1860 5149 delicti.
1917 5079 2054 5171 Lapsus
2075 5082 2133 5150 in-

112 5201 179 5272 tus,
216 5188 380 5259 accendit
409 5186 624 5274 agnitionem
657 5179 763 5251 huius
801 5182 890 5252 tanti
920 5183 1037 5272 lapsus
1064 5194 1097 5251 et
1122 5236 1125 5253 .
1146 5170 1231 5269 g'eus
1253 5194 1322 5262 est,
1355 5193 1390 5248 et
1413 5174 1633 5247 horribiliter
1661 5175 1810 5247 offendit
1832 5180 1970 5266 Deum,
1997 5183 2133 5252 etiamsi

112 5292 278 5362 dolorem.
335 5286 442 5358 ltaht
465 5288 631 5357 contritio
656 5297 820 5355 movente
836 5284 943 5355 corda
960 5284 1097 5377 Spiritu
1121 5258 1125 5347 l
1147 5307 1187 5350 ex
1203 5296 1298 5351 metu
1312 5280 1436 5362 crucis,
1462 5302 1535 5347 non
1553 5301 1593 5345 cx
1607 5277 1690 5345 odio
1707 5274 1840 5350 Christi
1854 5294 1953 5351 ortus
1967 5299 2029 5357 est.
2055 5280 2134 5355 Etsi
2234 5342 2239 5351 .

109 5407 226 5465 sancto
242 5392 470 5484 perverbum
489 5390 571 5463 Dei.
1148 5384 1243 5453 enim
1258 5385 1439 5454 latendum
1458 5395 1594 5448 estesse
1611 5379 1740 5468 gradus
1753 5395 1991 5474 pcccatorum,
2017 5402 2134 5458 tamen

157 5499 342 5568 blrxarrn.
370 5496 475 5566 Oeen.
515 5496 599 5560 vox.
622 5492 702 5560 XV.
1457 5480 1508 5553 26
