4522 5782
706 1129 780 1216 ΙΝ
831 1121 1313 1213 EVANGEMUM
1362 1121 1659 1213 10ANNIS

954 1284 1401 1355 ueoanroruena

155 1528 159 1537 ·
191 1507 262 1582 Da
288 1505 565 1581 discrimine
591 1504 735 1608 Lagis
760 1522 800 1583 at
828 1508 1102 1608 Evangelii.

154 1636 277 1756 lutrio
324 1681 561 1752 enarrationis
600 1677 880 1773 Evangeliorum
924 1706 1065 1754 necesse
1102 1696 1154 1754 est

125 1881 127 1884 y
155 1784 228 1859 dici
252 1784 297 1853 de
322 1783 529 1854 discrimine
551 1783 657 1874 Legis
679 1799 714 1856 et
736 1782 936 1876 Evangelii.
990 1783 1060 1856 Sed
1085 1780 1154 1855 hoc
1245 1816 1248 1820 ·

155 1886 275 1981 ipsum
290 1886 400 1957 tradit
416 1884 568 1956 loannes
585 1887 701 1958 statim
716 1887 755 1955 in
774 1888 891 1978 primo
905 1889 1031 1980 capite.
1063 1886 1153 1958 Nam

158 1988 281 2080 etipse
297 1986 470 2059 iudicavit
489 1989 685 2058 necessario
709 1991 749 2057 in
766 1986 924 2061 Ecclesia
940 1987 1008 2062 hoc
1026 1990 1154 2060 discri-

155 2113 242 2162 men
273 2091 506 2176 tradendum,
546 2093 835 2183 propagandum,
877 2107 910 2164 et
939 2117 1156 2164 conservan-

157 2195 246 2265 dum
261 2214 345 2262 esse.
397 2191 506 2281 Quod
531 2193 601 2262 uisi
625 2207 717 2265 extet
738 2206 773 2263 et
789 2196 1044 2287 conspiciatur,
1070 2189 1155 2264 hor-

158 2298 290 2366 rendas
311 2297 477 2366 tenebras
499 2298 543 2366 de
566 2318 704 2365 summa
727 2297 930 2381 doetrinae,
945 2300 999 2368 'de
1021 2298 1156 2367 beneb-

159 2398 225 2469 riis
247 2391 400 2487 Christi,
435 2391 479 2468 de
502 2405 584 2468 vera
613 2399 858 2484 invocatione,
897 2402 1057 2482 deiide,
1091 2423 1156 2470 ne·

157 2521 255 2591 cesse
270 2514 321 2569 est
335 2500 446 2592 sequi.
501 2500 622 2590 Quare
636 2499 713 2570 Deo
729 2501 859 2590 gratias
876 2524 1032 2592 agamus,
1059 2504 1155 2595 quod

158 2597 255 2671 banc
290 2601 405 2672 lucem
436 2596 615 2672 Ecclesiae
645 2623 728 2671 suae
749 2605 925 2690 restituit,
967 2621 1007 2676 ut
1033 2628 1156 2676 verum

160 2702 353 2774 discrimen
368 2700 473 2794 Legis
497 2718 531 2774 et
547 2700 734 2794 Evangelii
757 2705 999 2797 intelligatur,
1025 2722 1059 2777 et
1076 2731 1158 2800 pre·

162 2826 285 2876 cemur
300 2829 401 2893 eum,
426 2820 470 2886 ut
485 2821 619 2877 mentes
634 2821 774 2878 nostras
787 2812 975 2890 accendat,
1001 2823 1042 2881 ut
1059 2822 1157 2879 tanto

160 2931 311 2979 munere
341 2907 379 2976 in
408 2910 634 2979 invocatione
658 2907 745 2995 Dei,
788 2925 821 2983 et
852 2913 1027 2983 exercitiis
1065 2912 1159 2997 fidei,

159 3011 253 3099 grati
268 3023 422 3086 utamur.
472 3008 648 3083 Differam
669 3025 788 3084 autern
810 3015 1009 3087 doctrinam
1029 3017 1075 3085 de
1090 3011 1159 3085 hoc

163 3112 370 3181 discrimine
394 3117 438 3182 ad
461 3115 722 3185 enarrationem
752 3117 827 3185 eius
848 3118 918 3187 loci
948 3118 987 3186 in
1013 3120 1044 3188 1.
1063 3141 1158 3208 cap:

156 3211 237 3307 'Lex
254 3238 320 3313 per
336 3212 464 3285 Mosen
483 3218 561 3286 data
588 3230 659 3301 est,
684 3219 795 3306 gratia
819 3234 853 3288 et
875 3220 1003 3290 veritas
1023 3244 1087 3313 per
1107 3216 1162 3290 le-

42 3352 48 3362 ·
162 3337 242 3397 snm
257 3310 440 3387 Christum
457 3318 545 3387 lacta
564 3332 627 3391 est.

158 3426 161 3431 ’
266 3413 317 3488 Ut
330 3432 447 3489 autem
468 3419 513 3487 ab
536 3419 641 3492 initio
664 3422 789 3492 mundi
813 3418 990 3490 Ecclesiae
1014 3421 1164 3492 traditae

164 3532 249 3590 sunt
264 3521 515 3611 promissiones
535 3524 579 3592 de
593 3520 746 3608 Massia,
781 3546 886 3617 quem
910 3537 1074 3594 aeternus
1096 3547 1161 3616 pag

86 3663 88 3666 v
164 3635 220 3693 ter
234 3645 301 3713 pro
315 3624 422 3692 nobis
436 3625 550 3696 voluit
572 3626 648 3694 fieri
673 3627 878 3710 victimam,
911 3638 945 3696 et
968 3651 1161 3721 quem,vo·

1308 1511 1357 1583 Et
1374 1511 1544 1605 quoniam
1562 1511 1660 1581 testis
1685 1523 1736 1580 est
1750 1507 1902 1583 loannes
1923 1525 2043 1584 tantae
2066 1511 2139 1596 rei,
2165 1523 2200 1581 et

1206 1629 1379 1686 monstrat
1395 1628 1556 1684 autorem
1564 1615 1664 1705 ,virae
1682 1627 1823 1684 aeterna
1832 1664 1845 1701 ,
1872 1618 2046 1710 quaedam
2064 1616 2110 1684 de
2126 1614 2203 1718 ipso

1207 1716 1341 1788 loanne
1358 1717 1538 1788 recitanda
1556 1729 1652 1788 sunt.
1814 1818 1816 1821 Ι

1556 1917 1627 2017 De
1653 1913 1846 1991 Ioanne.

1308 2086 1362 2161 Er
1379 2091 1524 2162 caeteris
1538 2090 1772 2182 scriptoribus
1793 2087 1961 2162 historiae
1982 2092 2206 2182 evangelicae

1206 2208 1351 2285 apparet
1376 2192 1546 2278 loannem
1571 2193 1680 2263 luisse
1703 2193 1816 2262 fllium
1840 2192 2037 2279 Zebedaei,
2071 2209 2106 2264 et
2130 2197 2205 2265 lra-

1207 2311 1296 2368 trem
1315 2297 1390 2365 eius
1405 2293 1594 2381 Iacobum,
1621 2295 1683 2389 qui
1699 2298 1745 2366 ab
1759 2290 1905 2366 Herode
1921 2296 2127 2368 interfectus
2142 2311 2206 2378 est,

1207 2423 1303 2469 anno
1326 2412 1454 2492 quarto
1475 2412 1554 2489 post
1579 2391 2056 2483 resurrectionem-Christi,
2083 2414 2125 2469 ut
2139 2424 2206 2468 an·

1209 2501 1348 2572 notavit
1364 2497 1553 2573 Eusebius.
1607 2496 1667 2569 An
1681 2500 1791 2569 fuerit
1806 2513 1911 2570 natus
1927 2523 1968 2568 ex
1982 2523 2105 2570 sorore
2122 2499 2206 2570 Ma·

1208 2605 1302 2688 riae,
1330 2627 1405 2673 non
1420 2617 1575 2688 constat,
1603 2605 1663 2671 sed
1680 2617 1799 2672 tamen
1816 2614 1980 2690 cognatas
1996 2603 2106 2673 fuisse
2121 2627 2208 2682 con-

1208 2720 1418 2790 sentaneum
1445 2721 1508 2780 est.
1560 2705 1668 2795 Quod
1693 2728 1778 2775 vero
1793 2700 1958 2774 Christus
1979 2706 2210 2773 commenda„

1208 2806 1305 2879 vitei
1325 2823 1494 2894 matrem,
1521 2809 1586 2878 etsi
1604 2805 1803 2897 exemplum
1823 2809 1866 2875 ad
1892 2829 2015 2875 omnes
2042 2808 2209 2898 pertinet,

1209 2926 1329 2983 tamen
1345 2911 1582 3000 significatum
1605 2910 1780 2993 arbitror,
1814 2905 1911 2978 hunc
1941 2908 2036 2977 inter
2050 2904 2210 2999 Aposto-

1210 3015 1264 3084 los
1293 3014 1493 3085 diutissime
1523 3015 1804 3103 gubernatnrum
1826 3008 2034 3082 Ecclesiam.
2103 3006 2210 3083 Hanc

1211 3116 1244 3184 ei
1267 3131 1416 3186 matrem
1440 3118 1628 3207 praecipue
1652 3108 1819 3185 Christus
1847 3112 1965 3182 voluit
1994 3136 2068 3182 esse
2092 3136 2210 3199 curae,

1211 3242 1251 3287 ar
1272 3218 1393 3288 scribit
1418 3213 1644 3308 Sophronius
1668 3216 1729 3293 68.
1751 3239 1847 3285 anno
1872 3228 1950 3305 post
1977 3216 2211 3286 resurrectio-

1212 3344 1294 3390 nem
1315 3315 1452 3390 Christi
1477 3317 1647 3391 loannem
1675 3342 1750 3389 esse
1773 3332 1955 3388 mortuum
1974 3312 2127 3408 Ephesi,
2154 3317 2211 3385 vi-

1212 3423 1357 3508 delicet,
1384 3421 1489 3492 tertio
1503 3421 1652 3493 Traiani
1665 3444 1775 3506 anno,
1802 3443 1883 3489 cum
1898 3419 2025 3489 caeteri
2042 3415 2212 3511 Apostoli

1212 3539 1247 3595 et
1263 3523 1397 3595 Paulus
1411 3525 1527 3596 multo
1544 3539 1627 3596 ante
1642 3523 1787 3594 extincti
1809 3537 1933 3594 essent.
1993 3520 2125 3592 Docuit
2143 3522 2215 3612 igi»

1213 3641 1272 3698 tur
1287 3651 1362 3697 non
1384 3628 1509 3717 exiguo
1531 3643 1709 3720 tempore,
1740 3625 2044 3695 videlicet-annos
2068 3624 2214 3695 circiter

58 3811 60 3816 .
164 3724 234 3795 luit
257 3747 332 3795 esse
355 3729 592 3797 redemtorem
617 3741 652 3798 et
681 3729 892 3799 salvatorem
922 3730 1062 3819 generis
1091 3723 1161 3800 hu·
1212 3730 1274 3805 67.
1302 3729 1449 3802 Interim
1466 3745 1502 3801 et
1515 3731 1670 3801 exulavit
1684 3727 1894 3822 aliquandiu
1909 3728 1976 3796 sub
1991 3723 2216 3812 Domitiano,

166 3828 277 3906 mani.
330 3823 379 3899 Et
393 3829 648 3918 promissiones
674 3830 754 3902 illas
767 3828 889 3902 Patres
911 3844 947 3902 et
962 3826 1161 3923 Prophetae
1213 3833 1315 3904 cuius
1329 3833 1416 3902 actis
1431 3833 1586 3904 rescissis
1600 3835 1667 3903 sub
1685 3829 1866 3912 Traiano,
1891 3824 2075 3921 Ephesum
2091 3830 2212 3901 rediit.

153 3930 335 4015 ¹*omnibus
364 3933 605 4023 temporibus,
625 3934 760 4020 ¹donec
786 3935 862 4027 ipse
882 3933 1033 4005 Messias
1053 3934 1163 4021 venit,
1212 3935 1407 4006 Auditores
1435 3950 1515 4026 post
1543 3958 1579 4005 se
1607 3933 1755 4028 reliquit
1785 3930 1963 4022 Ignatium
1990 3927 2213 4022 Episcopum

165 4048 465 4202 propagaverunt.
532 4032 584 4106 lta
627 4049 747 4127 postea
785 4035 952 4129 Apostoli
989 4051 1164 4110 testantur
1214 4031 1502 4120 Antiochenum,
1550 4035 1787 4132 Polycarpum
1825 4029 2044 4127 Episcopum
2085 4033 2215 4128 Smyr·

196 4155 266 4202 unc
287 4126 455 4204 Messinm
479 4131 677 4209 exhibitum
701 4163 794 4224 esse,
823 4153 857 4210 et
881 4139 993 4232 ipsius
1013 4140 1164 4213 recitant
1214 4165 1370 4225 naeum,
1421 4154 1455 4211 et
1497 4136 1644 4234 Papiam
1695 4134 1914 4231 Episcopum
1965 4134 2217 4228 Hierapoleos.

167 4234 388 4321 ἆθῑῑῐῖΰθῐῐῑ,
411 4254 581 4325 mortem,
604 4256 638 4313 et
657 4240 962 4316 resurrectionem.
1158 4276 1163 4282 ·
1214 4243 1360 4333 Quanta
1375 4243 1499 4335 messis
1515 4238 1723 4332 Evangelii,
1747 4253 1879 4334 quanta
1896 4234 2075 4309 Ecclesiae
2098 4238 2214 4309 felici-

154 4374 159 4379 ·
271 4335 351 4410 Hoc
368 4340 520 4411 consilio
535 4341 687 4415 Ioannes
698 4348 739 4415 ‘et
755 4339 851 4415 hanc
871 4341 1058 4416 historiam
1077 4371 1164 4416 con·
1213 4361 1266 4417 tas
1282 4346 1371 4429 fuit,
1395 4357 1468 4415 tarn
1493 4347 1602 4436 longo
1616 4360 1774 4437 tempore
1798 4341 1923 4411 audire
1938 4337 2154 4433 Apostolum
2180 4355 2219 4411 et

91 4472 98 4479 ·
155 4440 331 4531 ¹scripsit,
372 4457 413 4514 ut
443 4445 483 4512 in
504 4439 661 4517 Ecclesia
686 4449 785 4518 testis
817 4461 909 4523 esset
930 4450 975 4518 de
1004 4444 1164 4521 exhibito
1215 4451 1292 4520 eius
1313 4448 1533 4539 discipulos?
1591 4447 1662 4520 Sed
1700 4464 1820 4522 tamen
1852 4438 1920 4513 hoc
1947 4443 2025 4536 ipso
2051 4457 2216 4535 tempore

169 4538 323 4626 Messia,
353 4558 388 4615 et
408 4559 559 4619 mortem
583 4560 618 4618 et
640 4550 935 4621 resurrectionem
956 4551 1032 4623 eius
1056 4576 1165 4644 expo-
1215 4551 1319 4622 multi
1346 4550 1492 4621 fanatici
1514 4553 1676 4622 doctores
1703 4550 1832 4641 passim
1859 4547 1976 4636 vagati
2004 4558 2104 4615 sunt:
2140 4546 2217 4617 iam

168 4658 291 4729 neret,
321 4661 356 4719 et
379 4649 550 4720 beneficia
574 4665 807 4738 monstraret,
845 4667 992 4746 propter
1014 4679 1104 4750 quae
1120 4656 1167 4725 li-
1215 4650 1336 4724 Ebion
1352 4666 1384 4723 et
1400 4648 1595 4724 Cerinthus
1615 4651 1803 4723 turbdrant
1818 4643 2014 4732 Ecclesias,
2040 4649 2102 4741 qui
2124 4671 2218 4720 con-

168 4748 342 4819 berautur
357 4774 377 4819 a
392 4764 553 4842 peccato,
577 4753 624 4823 ab
647 4756 700 4825 ira
718 4750 807 4841 Dei,
831 4768 866 4825 et
886 4758 1069 4828 donantur
1091 4757 1165 4830 vita
1215 4757 1409 4828 tendebant
1425 4755 1463 4824 in
1481 4750 1625 4827 Christo
1642 4778 1715 4825 esse
1731 4765 1870 4824 tantum
1895 4747 2089 4821 humanam
2104 4765 2217 4823 natu·

77 4896 83 4907 ,
170 4864 327 4923 aeterna.
379 4849 477 4926 Haec
501 4867 552 4925 est
567 4850 678 4930 huius
701 4854 869 4928 historiae
892 4881 1047 4944 summa,
1076 4861 1167 4934 sicut
1216 4883 1313 4943 ram,
1342 4859 1387 4927 ad
1411 4852 1477 4928 hos
1498 4857 1745 4948 reprimendos
1770 4869 1805 4926 et
1827 4855 2035 4924 refutandos
2058 4851 2216 4927 loannes

172 4952 249 5043 ipse
266 4949 418 5023 loannes
442 4958 624 5046 sapienter
651 4973 773 5030 monet
794 4962 839 5030 de
855 4984 992 5031 summa
1007 4976 1041 5031 et
1058 4985 1165 5055 scopo
1216 4961 1357 5053 scripsit
1370 4955 1607 5048 Evangelinm
1631 4978 1752 5042 suum,
1785 4971 1827 5027 ut
1848 4968 2037 5029 testaretur
2057 4954 2154 5026 clare
2177 4955 2217 5028 e't

171 5055 332 5138 milii,
359 5081 434 5147 cap·
448 5060 530 5134 20.:
557 5055 656 5132 Haec
678 5063 808 5153 scripta
831 5076 932 5147 sunt,
958 5076 998 5132 ut
1015 5068 1166 5138 credatis
1216 5085 1398 5156 expresse,
1424 5063 1463 5131 in
1483 5059 1627 5134 Christo
1650 5066 1739 5134 duas
1763 5083 1837 5133 esse
1860 5070 2022 5141 naturas,
2049 5058 2252 5233 divinata¹

172 5156 270 5250 quod
284 5155 381 5230 lesus
394 5174 447 5232 est
459 5157 642 5251 Christus,
666 5178 704 5237 et
723 5178 763 5235 ut
778 5167 962 5236 credentes
975 5167 1085 5238 vitam
1101 5163 1166 5241 ha·
1217 5180 1252 5239 et
1267 5163 1481 5252 humanam,
1507 5167 1627 5237 unitas
1641 5166 1709 5248 ita,
1734 5177 1775 5235 ut
1790 5160 1834 5231 sit
1847 5184 1919 5232 nna
1939 5185 2088 5254 persona
2104 5156 2161 5233 ch
2173 5160 2205 5253 ᾗ·
2221 5196 2230 5207 -

170 5257 285 5334 beatis
300 5258 340 5330 iu
356 5264 503 5335 nomine
516 5265 605 5342 eins.

1217 5285 1290 5342 stus
1312 5268 1408 5339 filius
1428 5265 1514 5355 Dei,
1553 5283 1587 5339 et
1607 5267 1783 5338 mediator
1806 5278 1937 5334 noster.
1998 5261 2220 5337 Recitantur
