4522 5782
72 2094 80 2105 .
193 2059 258 2108 vos
279 2034 368 2109 Sion
393 2035 494 2128 quasi
524 2056 605 2124 ager
635 2034 795 2104 arabitur
821 2047 856 2105 et
879 2033 1096 2131 ierosolyma
1120 2039 1189 2107 erit

37 234 60 278 2,
167 176 279 267 aoso
765 173 899 251 anan
925 172 1044 251 aar.
1067 118 1282 255 scotera
1304 172 1655 259 nacrrrcar
1959 186 1977 229 -·
2119 186 2212 263 soar

181 357 317 456 poenis.
366 352 475 427 Nulla
499 346 657 444 potentia
677 343 852 430 bnmsoa,
879 348 971 420 nulli
995 350 1168 425 exercitos
1218 352 1432 427 liberatione
1462 355 1614 453 alege,
1659 367 1695 427 et
1728 370 1824 431 recte
1851 360 2126 433 accommodari
2144 355 2208 432 boc

181 462 293 552 magis
314 459 483 528 muniunt
504 453 670 545 imperia,
706 476 812 544 quam
840 448 926 523 haec
948 456 1169 525 severissima
1221 470 1336 550 potest
1357 459 1558 528 communis
1580 459 1783 549 responsio:
1815 459 1949 533 Sumus
1966 462 2078 534 liberi
2104 489 2124 533 a
2147 462 2215 553 lege

184 566 239 634 lex
262 559 354 631 Dei:
393 557 540 629 Necesse
567 568 619 625 est
640 555 787 625 obedire
819 570 962 645 propter
986 557 1171 630 eonscien-
1221 557 1369 644 morali,
1392 560 1488 652 quod
1510 561 1554 629 ad
1579 560 1866 637 iustificationem
1885 564 2040 652 attinet,
2066 568 2213 635 sednon

186 667 292 751 tiam,
318 661 418 734 cuins
434 660 520 748 legis
534 660 546 733 i
551 681 609 749 pse
625 654 722 730 Deus
736 672 899 728 executor
916 669 977 727 est.
1222 662 1320 755 quod
1334 663 1379 731 ad
1393 662 1646 731 obedientiiam
1663 667 1800 739 attinet.
1852 664 1944 737 Nam
1963 667 2043 760 ipsa
2059 667 2213 738 liberatio
2253 670 2255 687 '

286 780 384 852 Haec
400 780 588 868 diligenter
603 776 788 865 cogitanda
812 789 914 857 sunt,
940 790 975 846 et
997 798 1016 844 a
1039 777 1174 868 populo
1223 763 1336 854 alege
1354 763 1576 855 regeneratio
1592 777 1644 834 est
1657 767 1702 835 ad
1720 790 1848 837 novam
1867 770 2130 843 obedientiam.

188 882 452 958 etsdominis.
507 879 597 950 Nam
620 890 654 946 et
678 878 837 963 domini,
878 902 958 948 cum
990 877 1081 949 fiunt
1117 891 1175 974 ty·

189 989 312 1072 ranni,
337 987 467 1068 idest,
493 1005 572 1052 cum
598 979 734 1050 violant
750 980 945 1062 iusticiam,
970 981 1126 1052 lacerant
1141 992 1176 1052 et
1390 1066 1414 1087 ..
1612 1070 1619 1086 ι

190 1090 260 1182 ipsi
284 1086 548 1158 ordinationem
572 1080 753 1164 divinam,
779 1096 814 1152 et
835 1082 1009 1151 divinitus
1031 1079 1178 1154 haerent
1326 1065 1374 1140 El
1389 1068 1514 1137 ¹¹⁸d⁶¹¹¹
1530 1069 1692 1140 f⁰¹¹l¹b¹1⁸
1710 1086 1897 1143 ⁸⁰m³nlt¹r
1911 1075 2216 1167 responsionum

190 1192 231 1261 in
252 1190 387 1283 poenis.
454 1184 512 1256 Fit
538 1185 645 1271 igitur
672 1184 711 1252 iu
737 1184 822 1276 ipsis
846 1208 988 1277 quoqne
1012 1208 1070 1256 rea
1093 1210 1178 1256 con·
1229 1165 1299 1243 l¹⁰⁰
1314 1168 1591 1291 &timidum
1611 1196 1687 1240 ⁰⁰¹¹
1701 1186 1753 1243 ‘⁸¹
1769 1175 1824 1244 ¹²¹
1841 1175 1980 1268 Ρθδῖῑθ,
2007 1179 2163 1268 ⁸²3¹th
2184 1198 2217 1256 ut

191 1291 358 1373 seientia,
381 1302 421 1360 ut
446 1302 543 1357 totus
559 1285 738 1356 Psalmus:
769 1287 864 1358 Deus
887 1286 985 1356 stetit
1007 1287 1046 1355 in
1074 1309 1181 1382 syna·
1231 1275 1646 1363 ¹08⁰¹¹1⁸l¹¹⁸⁸¹i⁰⁰r³m
1662 1274 1759 1360 Deo,
1785 1299 1848 1347 teu
1869 1282 2030 1371 quodad
2048 1295 2215 1355 aeternam
2251 1320 2255 1353 ,-

191 1416 278 1486 goga
300 1390 458 1463 Deorum
483 1389 575 1460 Deos
605 1388 798 1474 iudicans,
838 1402 979 1458 accusat
1001 1402 1183 1486 tyrannos,
1233 1375 1407 1447 iusticiam
1428 1374 1568 1445 attinet.
1618 1373 1689 1446 Sed
1714 1377 1947 1451 iustoestlex
1968 1384 2108 1472 posita,
2131 1390 2216 1481 qrsod
2250 1384 2255 1453 l

190 1499 348 1566 minatur
369 1494 419 1564 eis
443 1512 585 1584 poenas.
640 1486 688 1562 Et
713 1513 816 1583 saepe
846 1491 994 1584 repetita
1021 1506 1072 1564 est
1096 1488 1184 1565 hoec
1233 1479 1278 1550 ad
1295 1478 1403 1548 vitam
1418 1477 1638 1567 corporalem
1664 1479 1809 1567 attinet,
1838 1482 2007 1556 videlicet
2030 1486 2126 1578 leges
2146 1491 2215 1578 cibi,

196 1597 336 1670 concio.
1236 1593 1361 1674 potus,
1385 1578 1550 1670 politicae
1567 1578 1754 1653 societatis.

291 1712 485 1786 Esaiae3.:
512 1707 690 1780 Dominus
710 1710 756 1779 ad
780 1709 955 1781 iudicium
980 1711 1103 1784 veniet
1120 1713 1187 1783 ad·
1336 1674 1442 1751 Adde
1468 1692 1503 1750 εἰ
1540 1679 1687 1750 ‘mmm
1722 1683 2017 1775 re³l'⁰¹¹⁸3⁰¹¹⁰¹¹¹²
2058 1688 2153 1764 lutto
2182 1695 2211 1764 iu
2253 1726 2255 1762 ι

190 1839 314 1890 versus
328 1814 512 1906 Principes
532 1825 567 1883 et
583 1810 754 1883 Seniores
769 1813 905 1903 populi,
1238 1794 1411 1877 quantum
1434 1781 1497 1853 tali
1523 1806 1596 1850 non
1620 1795 1671 1851 est
1686 1783 1741 1853 lex
1757 1786 1887 1877 posita,
1913 1788 1951 1858 id
1977 1806 2053 1879 est,
2081 1795 2213 1866 lernou
2250 1822 2255 1881 a

292 1928 457 2006 Micheas
479 1934 529 2003 δε
564 1926 699 2000 Audite
729 1928 916 2025 Principes
939 1945 1004 2006 etc.
1042 1946 1189 2025 propter
1240 1888 1385 2005 minii
1412 1885 1543 2002 mim
1563 1884 1773 1955 minentem
1800 1888 1989 2008 i¹¹⁸²i⁰ifm
2058 1894 2127 1968 &d
2148 1922 2213 1968 (Μ
2249 1922 2255 1966 ¹

504 1986 512 2006 ⁸
1241 1989 1373 2059 desrnrt
1393 2007 1467 2055 esse
1488 1997 1629 2071 iustus,
1669 2002 1792 2059 eontra
1813 1995 2213 2093 conserentiamyiolm
2248 2024 2253 2067 2

1242 2090 1409 2161 mandata
1425 2084 1513 2180 Dei,
1539 2089 1595 2158 lex
1611 2111 1733 2160 rursus
1748 2102 1828 2162 eum
1844 2094 2005 2169 damnat.

1492 944 1628 1012 Attea
1652 962 1957 1032 argumentans.

195 2162 341 2210 acervus
366 2137 539 2228 lapidum.

292 2251 486 2327 Zachariae
506 2255 583 2327 11.:
610 2252 729 2347 Super
747 2270 905 2349 pastores
922 2255 1034 2326 iratus
1058 2269 1110 2327 est
1130 2255 1190 2325 lu·
1562 2271 1664 2337 Atta
1697 2271 1894 2344 obtectio,

196 2382 263 2432 ror
280 2382 393 2433 meu&
1046 2474 1055 2492 ·
1109 2476 1118 2494 ·
1342 2390 1417 2467 cur
1441 2394 1481 2464 fit
1509 2417 1569 2464 rea
1596 2399 1809 2470 conscientia
1831 2402 1966 2476 taciens
1994 2421 2124 2480 eontra
2143 2409 2217 2500 leges
2251 2488 2254 2496 ,

298 2476 370 2548 Hic
387 2493 504 2549 autern
528 2477 684 2548 breviter
707 2476 752 2544 de
768 2477 907 2548 duabus
921 2477 1190 2572 quaestrombus
1240 2495 1512 2586 massmanno,
1543 2499 1728 2584 civilium,
1767 2515 1800 2573 ,a
1831 2528 1905 2573 110„
1939 2507 1979 2578 ἧι
2014 2532 2078 2580 ‚23
2106 2514 2216 2585 [mm
2251 2538 2255 2577 r

197 2581 489 2674 respondendum
504 2592 567 2654 est.
618 2577 724 2648 Prior
742 2574 830 2648 haec
846 2594 918 2652 est:
1242 2612 1365 2670 contra
1383 2599 1593 2668 traditiones
1613 2599 1895 2692 Episcoporom?

305 2681 437 2755 summ
452 2680 594 2750 liberali
612 2681 743 2768 alege,
1342 2695 1575 2790 Respondeo:
1601 2699 1707 2773 Ratio
1723 2706 1938 2777 diversitatis
1952 2722 2018 2780 est.
2068 2709 2159 2786 Deos
2172 2740 2216 2784 er-

298 2779 396 2875 E¹8⁰
419 2807 491 2852 ¹¹⁰⁰
507 2783 660 2853 liediffli
683 2781 899 2855 ⁶⁰⁰⁵⁰le¹¹¹i³
920 2781 1117 2854 Vi⁰¹²¹3⁰¹¹⁸
1137 2780 1191 2851 ¹⁸·
1242 2822 1360 2891 presse
1391 2823 1477 2870 voce
1498 2801 1686 2891 Evangelii
1708 2809 1822 2877 sanxit
1840 2805 1942 2879 ,hana
1963 2810 2167 2886 libertatem
2188 2820 2218 2886 ir

353 2909 437 2976 dum
462 2885 699 2975 P⁰¹ili⁰³f¹¹¹¹h
1241 2900 1416 2987 Ecclesia,
1435 2914 1476 2973 ut
1492 2928 1556 2973 nec
1570 2900 1738 2998 Episcopi
1755 2911 1910 2982 condant
1924 2915 2143 2989 traditiones
2154 2942 2219 2991 curt
2251 2900 2255 2989 i

300 3003 516 3098 Respondeo
532 3003 687 3073 breviter
710 3005 754 3072 ad
778 3003 1006 3072 antecedens:
1033 2997 1191 3071 Creden-
1242 3004 1412 3096 opinione
1430 3006 1669 3091 necessitatis,
1706 3034 1770 3079 nec
1792 3007 1951 3083 Ecclesia
1979 3041 2044 3087 eas
2069 3020 2119 3090 sic
2146 3022 2219 3092 acci-
2252 3050 2255 3095 ι

203 3123 256 3180 tes
280 3108 319 3176 iu
343 3107 577 3177 mediatorem
599 3118 682 3175 sunt
703 3104 845 3174 liberati
872 3129 891 3173 a
914 3106 1008 3193 lege,
1034 3105 1128 3196 quod
1146 3103 1190 3172 ad
1244 3107 1329 3196 piat.
1380 3104 1464 3175 ldeo
1483 3104 1652 3182 Colosd.
1677 3135 1836 3202 expresse
1857 3116 1997 3187 dictum
2021 3136 2093 3190 est:
2125 3122 2218 3192 Neruo
2251 3106 2255 3193 a

203 3211 487 3282 iustificationem
508 3208 651 3291 attinet,
677 3207 713 3275 id
738 3220 811 3289 est,
836 3206 1017 3298 proposita
1046 3218 1099 3276 est
1119 3204 1190 3273 alia
1243 3232 1307 3277 vos
1323 3222 1446 3297 arguat
1460 3209 1499 3277 in
1516 3209 1608 3300 cibo,
1631 3227 1717 3303 potu
1730 3227 1792 3284 etc.
1821 3212 1868 3285 Et
1881 3219 1926 3286 ed
1941 3216 2114 3293 Galatas:
2140 3224 2218 3297 State

204 3337 282 3398 res,
306 3324 474 3403 quasunt
495 3310 579 3379 iusti
603 3331 720 3378 eoram
737 3307 833 3392 Deo,
857 3309 991 3377 scilicet
1017 3307 1193 3377 mediator
1244 3302 1480 3395 inlibertate,
1503 3313 1669 3404 adquam
1687 3318 1805 3387 vocati
1829 3320 1923 3389 estis.
1973 3320 2051 3392 Sed
2075 3329 2120 3395 de
2143 3327 2255 3419 poli-¹,

204 3416 267 3507 qni
287 3414 416 3484 liberat
438 3411 573 3480 animas
596 3434 637 3479 ex
660 3424 773 3480 morte
795 3423 937 3480 aeterna
959 3422 1089 3480 erectas
1112 3409 1192 3482 fide.
1244 3411 1312 3483 tica
1342 3425 1511 3502 potestate
1540 3436 1700 3504 expresse
1730 3419 1960 3491 dictumest:
2003 3422 2155 3498 Necesse
2179 3442 2217 3498 est
2251 3458 2255 3495 a

205 3515 344 3587 interea
366 3525 512 3582 manent
534 3526 654 3582 tamen
677 3512 714 3580 in
738 3506 804 3581 hac
824 3512 895 3582 vita
917 3511 1094 3603 corporali
1109 3534 1193 3600 pro-
1244 3514 1390 3583 obedire
1413 3527 1558 3605 propter
1587 3519 1850 3590 conscientiam.
1914 3520 2008 3595 Vult
2035 3527 2134 3600 Deus
2154 3555 2219 3601 con-
2252 3558 2255 3596 ι

206 3618 282 3711 pria
300 3615 415 3685 officia
432 3614 605 3705 corporis,
631 3637 722 3707 quae
747 3627 829 3684 sunt
851 3616 920 3684 alia
943 3638 998 3682 res
1013 3637 1118 3707 quam
1137 3634 1193 3680 re·
1244 3615 1332 3707 spici
1357 3615 1545 3685 discrimen
1572 3619 1665 3688 inter
1693 3644 1838 3710 regnum
1861 3617 2001 3695 Christi
2029 3643 2067 3700 et
2095 3633 2220 3724 imperia
2252 3658 2255 3717 ς

205 3718 409 3792 conciliatio
423 3730 576 3801 aeterna,
592 3717 743 3799 iusticia,
764 3729 797 3785 et
814 3716 883 3786 vita
899 3716 1055 3808 spiritus.
1098 3712 1193 3803 Quia
1244 3717 1389 3801 mundi,
1421 3717 1499 3785 vult
1522 3720 1604 3788 sciri
1631 3734 1766 3792 tantum
1793 3749 1878 3795 voce
1897 3721 2098 3819 Evangelii
2123 3736 2219 3826 colligi
2252 3760 2255 3800 1

207 3835 325 3894 antem
345 3820 396 3890 sic
417 3818 551 3905 colligit
574 3816 669 3889 Deus
688 3815 904 3904 Ecclesiam,
930 3831 964 3887 ct
984 3841 1058 3886 uon
1080 3818 1194 3900 aliter,
1246 3842 1394 3907 regnum
1418 3815 1563 3890 Christi.
1631 3822 1714 3893 Non
1751 3827 1828 3896 vislt
1860 3828 1997 3916 adlingi
2030 3838 2220 3907 traditiones
2253 3864 2255 3901 a

208 3923 372 3994 videlicet
408 3921 668 4011 praedicatione
698 3919 885 4008 Evangelii
927 3921 965 3989 in
1001 3916 1066 3989 hac
1109 3919 1193 3998 vita,
1246 3915 1446 4004 humanas,
1482 3946 1571 4011 qnae
1594 3926 1786 3996 obscurant
1806 3926 1862 3996 vel
1883 3933 2106 4021 opprimunt
2128 3941 2219 4011 luceo
2253 3976 2255 3993 ‹

208 4027 286 4096 vult
301 4023 369 4093 nos'
390 4023 577 4112 tantisper,
603 4025 698 4116 quod
715 4025 759 4092 ad
778 4046 924 4112 corpora
941 4021 1080 4105 attinet,
1108 4022 1193 4090 sub·
1245 4018 1444 4112 Evangelii.
1486 4023 1624 4095 Interea
1642 4028 1747 4097 simul
1765 4030 1841 4098 vult
1857 4032 1964 4118 seiri,
1985 4059 2142 4130 corpora
2155 4045 2220 4112 sub

210 4129 319 4198 iactos
341 4149 414 4193 esse
435 4124 572 4212 legibus
596 4148 805 4213 corporum,
836 4124 924 4209 cibi,
949 4137 1070 4214 potus,
1096 4122 1194 4214 poli·
1246 4123 1334 4195 iecta
1359 4145 1434 4193 esse
1459 4126 1604 4216 politico
1629 4131 1769 4216 ordini,
1805 4144 1839 4201 et
1858 4157 1958 4222 reges
1985 4157 2146 4214 armatos
2165 4166 2220 4213 esse

210 4229 271 4300 tici
287 4227 437 4297 ordinis.
488 4225 662 4297 Similiter
681 4225 776 4294 enirn
802 4248 856 4294 res
877 4226 1090 4294 necessariae
1111 4239 1194 4295 sunt
1248 4239 1417 4317 potestate
1440 4231 1616 4299 condendi
1638 4231 1750 4319 leges,
1777 4236 1821 4302 ad
1847 4229 2041 4309 honestam
2066 4247 2219 4315 defensio

212 4330 354 4420 corpori
368 4329 487 4411 cibus,
511 4340 619 4421 potus
627 4378 639 4412 ,
665 4328 890 4414 coniugium,
913 4327 1074 4397 educatio
1088 4328 1194 4395 sobo·
1248 4351 1329 4397 nem
1348 4351 1555 4421 corporum,
1580 4334 1623 4402 ad
1641 4357 1747 4425 quam
1762 4358 1850 4427 opus
1866 4352 1919 4408 est
1934 4339 2124 4416 interdum
2141 4349 2220 4418 noris

210 4433 275 4515 lis,
301 4432 443 4520 politica
459 4431 625 4513 societas,
651 4429 809 4498 defensio
824 4452 1032 4516 corporum,
1057 4441 1092 4498 et
1108 4429 1195 4497 scri·
1248 4428 1394 4517 legibus.

211 4546 313 4627 ptum
333 4546 402 4603 est:
429 4530 643 4600 Habendum
667 4555 741 4599 esse
764 4524 935 4599 honorem
956 4531 1110 4621 corpori.
1150 4528 1197 4600 Et
1349 4530 1533 4601 Caeterum
1562 4536 1693 4622 pariter
1713 4553 1859 4628 peccant
1880 4541 2115 4630 magistratus
2128 4550 2219 4619 civilis

212 4651 333 4707 tamen
358 4631 423 4703 hac
444 4658 500 4702 res
516 4658 588 4703 non
612 4647 694 4703 sunt
718 4634 779 4702 illa
800 4646 940 4702 aeterna
964 4633 1121 4712 iusticia,
1153 4635 1198 4702 de
1249 4645 1283 4702 et
1298 4627 1479 4723 Episcopi,
1498 4639 1641 4727 quando
1656 4642 1816 4710 condunt
1832 4643 1926 4732 leges
1943 4664 2144 4736 pugnantes
2157 4675 2218 4722 cun

216 4761 285 4833 qua
309 4736 396 4805 dicit
411 4733 559 4805 Daniel:
587 4733 728 4805 lusticia
751 4747 893 4804 aeterna
916 4737 1111 4804 adducetur
1134 4749 1198 4805 etc.
1250 4736 1426 4806 mandatis
1448 4737 1600 4823 divinis,
1640 4756 1699 4812 aut
1723 4744 1947 4832 praecipiunt
1976 4773 2094 4821 novos
2116 4754 2219 4824 cottus

216 4862 307 4934 quae
349 4838 465 4931 reipsa
506 4853 558 4910 est
599 4837 743 4908 libertas
781 4836 926 4931 spiritus
965 4849 1000 4906 et
1034 4837 1198 4909 liberatio
1252 4835 1401 4906 Talibus
1425 4839 1563 4926 legibus
1586 4865 1660 4909 non
1689 4858 1740 4913 est
1765 4844 2033 4937 obediendum,
2066 4856 2154 4928 sieut
2171 4877 2218 4924 nee

216 4966 237 5015 a
259 4942 345 5033 lege.
397 4976 402 4984 ·
1252 4937 1430 5011 lsraelitae
1444 4942 1659 5013 obediebant
1672 4943 1742 5034 legi
1756 4943 2115 5044 Nabuchodonosor,
2139 4979 2218 5049 prae

317 5044 413 5114 Haec
428 5043 577 5134 simplex
592 5041 778 5138 responsio
790 5042 895 5111 facile
915 5038 1065 5130 intelligi
1086 5055 1199 5130 potest
1252 5041 1398 5133 cipienti
1412 5043 1561 5111 adorare
1575 5060 1735 5119 statuam.

220 5148 264 5216 de
274 5146 479 5217 discrimine
493 5145 757 5214 aeternaelucis
772 5156 804 5211 et
823 5143 981 5212 iustitiae
995 5144 1032 5213 in
1047 5145 1153 5211 corde
1166 5155 1201 5213 et
1352 5141 1576 5234 lnterrogaut
1592 5162 1708 5217 autem
1729 5148 1857 5242 aliqui:
1884 5148 2060 5228 Maiorne
2076 5180 2216 5229 revenn-

215 5250 309 5318 vitae
332 5248 548 5338 corporalis,
572 5263 606 5317 et
622 5248 734 5316 donec
751 5245 789 5312 in
809 5240 877 5315 hoc
892 5244 1032 5315 mortali
1054 5268 1202 5334 corpore
1252 5243 1302 5314 tia
1324 5245 1474 5316 debetur
1494 5250 1656 5337 potestati
1679 5250 1796 5333 civili,
1820 5275 1929 5341 quam
1953 5261 2152 5347 pastoribus
2166 5256 2217 5330 lis·

216 5349 382 5423 vivimns.
438 5349 538 5418 Alibi
570 5361 688 5420 autem
717 5345 894 5439 copiosius
920 5346 1054 5419 dictum
1084 5360 1135 5416 est
1157 5349 1201 5418 de
1224 5378 1228 5405 ι
1252 5347 1406 5435 clasiae,
1440 5372 1521 5419 cum
1542 5352 1678 5424 dictum
1700 5353 1768 5426 sit:
1801 5352 1879 5444 Qui
1903 5381 1970 5429 ros
1996 5365 2150 5454 spernit,
2174 5379 2216 5429 ne
