4530 5776
81 171 170 293 tsir
273 205 376 292 xrn
425 208 467 287 ι.
486 178 788 289 maneant)
813 202 973 287 arrsr.
998 202 1205 287 rnronss
1229 178 1301 285 an
1324 199 1657 286 nnurnnusc
1706 202 1811 283 cae.
1834 205 1902 287 nr.
2014 190 2117 299 ιιιι

81 410 168 459 runc
181 384 338 458 laborem
359 354 520 458 ducendi
536 384 674 477 placere
695 380 794 471 neo,
819 397 854 456 et
867 379 945 455 Deo
958 354 1064 453 curae
1116 381 1342 459 der-ationem
1364 381 1410 453 ad
1430 404 1468 454 se
1497 378 1697 476 pertinere.
1727 390 1769 454 nt
1788 333 1933 456 videam
1956 381 2022 456 ubi
2045 404 2111 455 ne·
2173 376 2175 379 ’

81 512 142 563 ιιι
165 486 409 563 defensionem
430 486 637 561 docentium
659 500 695 561 et
712 486 947 571 discentium,
972 484 1063 558 sicut
1113 506 1206 557 cesse
1222 486 1267 557 sit
1284 504 1460 579 pugnare,
1483 484 1549 557 ubi
1562 507 1638 557 non
1652 484 1867 561 necesse'sit.

81 586 333 667 tasscerdotio
347 590 466 688 inquit
480 590 591 665 Dent.
608 588 685 663 tta
709 585 888 663 Dominus
908 600 960 661 est
976 580 1062 658 hae-

81 694 200 767 edim
215 707 342 770 vestm,
401 691 490 765 leem
513 690 581 763 132,
598 687 678 765 ὄις
718 688 827 764 pomi
851 690 896 760 in*
914 714 978 763 012
998 703 1062 761 tuo
1111 668 1283 746 Ecclesia
1298 668 1379 744 Dei
1398 669 1549 744 viventis
1569 667 1741 744 columna
1763 667 1912 746 essedas
1927 670 2106 748 veritatis.

81 798 218 868 terbum
249 820 388 885 meum,
419 809 455 868 02
475 796 621 868 dmm
642 816 721 866 Μ
743 809 926 889 Ρῐθῑθὸῑω
944 806 997 879 ¹⁰2
1021 805 1061 864 ¹¹¹
1211 820 1283 894 Hic
1303 822 1428 896 inserit
1444 821 1622 895 Ecclesiae
1638 823 1911 918 descriptionem
1926 837 1960 896 et
1975 834 2104 915 magnd

80 899 207 971 ’hm‘
222 898 353 970 ‘⁰⁰¹⁰⁸·
1110 925 1222 995 animi
1239 938 1339 996 motu
1356 927 1394 995 in
1409 922 1475 998 hac
1490 926 1566 1018 ipsa
1588 927 1925 999 commemoratione
1939 926 2105 998 accendi·

167 1031 400 1108 Severissime
431 1030 537 1107 etiam
568 1030 691 1126 puniri
728 1027 980 1122 negligentiam
1021 1026 1060 1097 in
1110 1040 1188 1114 tur,
1212 1051 1253 1097 ac
1270 1029 1423 1099 celebrat
1442 1027 1724 1120 magnitudinem
1740 1027 1910 1101 bonitatis
1925 1026 2013 1111 Dei,
2039 1027 2104 1123 qui

80 1135 236 1208 liscendo
267 1150 402 1208 certum
434 1149 505 1224 est,
536 1149 578 1208 ut
601 1130 717 1206 Oscae
737 1130 772 1204 4.
789 1132 936 1202 dicitur:
963 1127 1058 1218 Quia
1109 1128 1273 1200 mirando
1289 1131 1439 1202 consilio
1458 1131 1553 1202 misit
1569 1131 1696 1215 filium,
1719 1145 1753 1203 et
1768 1130 1903 1222 colligit
1920 1144 2103 1202 aeternam

80 1239 251 1310 cientiam
267 1238 441 1332 repulisti,
453 1237 621 1331 repellam
636 1249 682 1316 te,
703 1258 748 1305 ne
765 1232 961 1305 sacerdotio
975 1232 1060 1301 fun-
1107 1224 1302 1302 Ecclesiam
1329 1257 1415 1304 voce
1439 1228 1647 1324 Evangelii,
1674 1233 1771 1306 etin
1793 1257 1920 1324 genere
1943 1228 2103 1304 humanu

80 1335 274 1425 :ariamihi
326 1338 403 1412 Hae
427 1337 784 1412 commonefactiones
806 1337 958 1406 excitent
974 1334 1058 1426 dili·
1108 1333 1202 1405 inter
1227 1333 1454 1405 diabolorum
1474 1335 1631 1418 furores,
1665 1337 1760 1407 inter
1778 1358 1901 1426 regum
1920 1334 2102 1428 etimpio·

80 1443 241 1532 gentiam,
261 1442 374 1515 acient
391 1441 549 1514 iuniores
567 1465 641 1511 rem
663 1439 844 1509 difficilem
867 1460 941 1508 esse
964 1448 1058 1509 recte
1107 1459 1187 1506 rum
1205 1438 1379 1508 tumultus
1402 1436 1497 1508 inter
1517 1436 1708 1528 impiorum
1728 1436 1858 1512 ruinas,
1878 1459 2017 1529 semper
2030 1432 2102 1507 Ee-

80 1543 251 1637 omplecti
276 1557 388 1616 toturn
411 1543 595 1614 doctrinae
619 1563 767 1635 corpus,
798 1539 912 1611 multo
939 1552 1056 1610 autem
1107 1537 1233 1608 etesiae
1248 1538 1416 1633 reliquias
1439 1552 1565 1613 servat.
1615 1536 1715 1611 Haec
1738 1537 1953 1635 perpetuitas
1976 1534 2102 1609 Eccle-

80 1646 247 1717 iifbcilius
265 1670 338 1717 esse
360 1658 452 1715 recte
470 1659 502 1716 et
523 1644 707 1737 perspicue
735 1665 931 1735 exponere,
962 1653 996 1711 et
1020 1662 1059 1710 ae
1105 1638 1179 1712 siae
1194 1653 1246 1713 est
1264 1641 1403 1712 illustre
1419 1640 1662 1713 testimoninm
1677 1638 1972 1736 praesentiaeDei
1989 1654 2023 1713 et
2039 1662 2100 1711 ve·

80 1749 106 1818 id
123 1743 212 1818 haec
228 1761 323 1819 tanta
341 1771 447 1840 opera
463 1760 607 1839 propter
622 1744 770 1836 gloriam
778 1742 858 1829 Dei,
875 1742 1057 1836 propriam
1107 1741 1221 1819 sitatis
1237 1743 1432 1815 doctrinae.

80 1851 214 1922 alutem
233 1863 266 1920 et
282 1851 472 1921 utilitatem
490 1843 668 1919 Ecclesiae
684 1858 905 1938 praeparent.
938 1843 992 1914 Ac
1007 1844 1056 1914 si·
1210 1858 1373 1930 primum
1400 1873 1519 1931 ,utem
1550 1873 1636 1932 noga
1660 1859 1708 1935 ,ἢ
1727 1859 1888 1931 definitio
1909 1854 2101 1948 Eccteeiqe,

80 1953 140 2027 nul
172 1964 313 2042 petant,
352 1965 392 2022 ut
415 1946 513 2020 Dens
541 1963 638 2042 regat
665 1961 821 2033 mentes,
852 1945 943 2017 sicut
969 1943 1057 2037 petit
1105 1984 1211 2056 quam
1225 1976 1319 2034 recte
1333 1961 1561 2034 constitutam
1576 1977 1697 2033 tenere
1713 1964 1857 2055 propter
1870 1961 2000 2033 multas
2014 1985 2100 2034 cau·

80 2046 242 2146 'ropheta
256 2051 398 2123 Psalmo
417 2051 517 2127 tta:
544 2049 614 2123 Fac
635 2073 717 2121 cum
732 2070 835 2119 servo
850 2061 912 2120 tuo
928 2070 1055 2118 secun·
1105 2086 1161 2133 η,
1182 2063 1418 2134 necessarium
1440 2078 1503 2139 οη,
1562 2063 1673 2136 Multi
1697 2065 1792 2134 enim
1815 2064 2006 2136 nominant
2027 2059 2100 2135 Ee.

79 2160 148 2226 tnm
173 2155 453 2225 misericordiam
481 2168 599 2235 tuam,
630 2165 666 2223 et
688 2150 953 2222 iustificationes
978 2162 1056 2219 tuas
1104 2165 1246 2235 elegiam
1273 2164 1482 2256 ,tmpttciffl
1505 2187 1652 2254 mgnum
1679 2165 1920 2257 pontificium,
1954 2179 1996 2237 ug
2014 2162 2099 2237 cai.

83 2280 150 2328 ⁰⁶⁰
173 2280 242 2329 ¹¹¹²·
304 2253 352 2326 Hi
376 2256 515 2326 ¹³b⁰f²⁵
537 2253 615 2325 ¹3²⁰
648 2254 789 2344 illicem
820 2265 855 2324 ‘l
879 2264 1056 2322 ⁰¹⁰⁸¹¹l¹¹¹
1105 2261 1193 2358 phas
1215 2267 1425 2338 nominabat
1446 2262 1640 2338 Ecclesiam
1664 2289 1790 2356 agmen
1811 2290 1891 2337 cnm
1914 2269 1991 2361 ipso
2008 2291 2099 2337 con·

81 2358 249 2446 ιᾶθῐῦῑῑδ,
288 2358 385 2432 fluia
420 2357 512 2428 illud
544 2356 662 2428 Lucae
685 2353 766 2428 19⁶
808 2352 965 2425 Habfflll
992 2354 1055 2422 di·
1105 2370 1287 2451 iunctum,
1315 2367 1518 2453 erroribus,
1547 2368 1745 2452 sacrificiis,
1779 2368 1905 2440 officiis
1927 2383 1963 2442 et
1985 2369 2100 2440 tradi-

80 2463 172 2537 itur.
1106 2469 1275 2541 tionibus.
1326 2467 1403 2540 Alii
1419 2472 1568 2542 omnino
1586 2481 1806 2542 removentes
1821 2485 2001 2542 externam
2018 2494 2098 2562 spe·

164 2593 336 2690 Sequitur
359 2592 579 2665 enumeratio
604 2591 799 2664 multarum
822 2588 994 2662 virtutum
1017 2587 1054 2659 in

79 2698 147 2773 icis
178 2711 213 2789 et
240 2680 467 2783 mulierhsus,
507 2719 657 2789 quarum
679 2708 720 2767 ut
744 2694 834 2764 ordo
864 2706 899 2763 et
919 2714 1055 2762 summa

79 2793 317 2893 smprehendi
335 2797 459 2890 possit:
486 2798 599 2867 sciant
621 2796 780 2867 iuniores
801 2793 962 2865 omnium
981 2794 1055 2862 vir-

79 2919 181 2977 etum
223 2900 422 2971 doctrinam
454 2899 494 2968 in
523 2896 737 2987 Decalogum
770 2895 1054 2967 distribuendam

79 3028 145 3091 sse,
171 3002 255 3072 inde
267 3018 301 3074 et
317 3001 502 3092 explicatio
526 3024 647 3071 earum
662 2996 806 3089 longior
822 2997 914 3067 sumi
929 3008 1055 3089 potest,

79 3106 153 3183 tin
175 3100 313 3177 Ethicis
329 3103 493 3178 traditur.

164 3253 217 3326 Ac
233 3254 315 3323 satis
332 3265 477 3343 apparet
491 3249 644 3322 Paulum
667 3249 876 3350 noqsolum
890 3242 1055 3337 Evange-

81 3363 96 3432 i
117 3378 333 3459 praeconem
351 3355 579 3424 excellentem
601 3375 692 3438 esse,
716 3352 907 3423 sedetiam
931 3352 1054 3443 politi·

78 3486 139 3534 rm
155 3458 382 3528 monitorem.
421 3454 590 3525 Nominat
606 3458 700 3524 enim
717 3455 866 3524 virtutes
882 3477 956 3522 non
975 3468 1054 3524 tan·

78 3586 135 3637 rrn
152 3561 326 3653 privatas,
351 3570 392 3628 ut
414 3558 704 3648 temperantiam,
727 3556 911 3627 sedetiam
931 3556 1054 3647 politi-

78 3665 171 3737 asin
189 3659 446 3751 gubernatione
460 3658 692 3744 necessarias,
726 3671 767 3728 ut
790 3679 837 3726 ne
853 3653 1054 3749 Episcopus

78 3771 106 3841 ἰι
132 3786 330 3856 percussor.
388 3759 459 3830 Hic
479 3760 649 3831 discernit
673 3758 911 3831 ministerium
931 3755 1054 3829 Evan-

78 3868 144 3942 elii
165 3892 186 3936 a
207 3865 411 3955 magistratu
435 3862 597 3952 politico,
630 3861 692 3954 qni
714 3863 921 3931 mandatum
946 3856 1053 3932 habet

78 3996 123 4044 uo
141 3968 270 4040 ordine
289 3965 462 4058 puniendi
487 3965 523 4035 vi
548 3963 743 4056 corporali,
777 3975 817 4033 ut
839 3963 928 4032 alibi
952 3986 1053 4053 saepe

79 4075 192 4145 ictum
216 4084 279 4145 est.

161 4204 265 4278 lubet
280 4203 388 4288 item,
418 4226 464 4273 ne
481 4202 526 4272 sit
542 4199 696 4292 rixatur,
718 4203 755 4271 id
780 4213 851 4287 est,
878 4224 925 4270 ne
941 4214 1051 4272 certa-
1068 4247 1071 4251 -

78 4312 158 4382 rina
190 4320 331 4378 moveat
363 4328 439 4374 non
466 4301 678 4386 necessaria,
710 4302 785 4373 imo
807 4304 925 4374 videat
945 4303 1052 4373 etiam

78 4415 123 4486 bt
139 4410 309 4504 asperitas
326 4407 492 4479 lenienda
515 4406 560 4476 sit
576 4397 764 4500 ἐπιεικείᾳ,
790 4405 916 4476 ιοΙιιιι
937 4406 976 4474 in
992 4404 1051 4474 in·

79 4516 169 4588 rmis
183 4526 217 4584 et
231 4511 451 4583 sanabilibus
470 4508 589 4602 aliqua
604 4508 848 4578 incommoda:
875 4508 1054 4599 sapienter

77 4629 149 4690 erat
165 4616 303 4710 aliquas
320 4613 487 4689 iniurias,
513 4634 560 4679 ne
573 4622 730 4680 crescant
746 4608 890 4679 dissidia
907 4608 1049 4678 inflam-

77 4733 152 4791 rata
167 4719 300 4791 mutuis
319 4712 585 4786 certaminibus.
635 4711 716 4782 Hac
741 4712 786 4781 de
807 4735 845 4781 re
861 4711 1049 4803 sapientis-

77 4825 146 4892 ime
161 4832 385 4913 praeceptum
404 4830 474 4901 est,
500 4812 631 4883 multos
646 4834 793 4904 magnos
815 4814 961 4884 morbos
984 4837 1047 4882 cu-

77 4924 127 4997 ari
147 4921 361 4994 abstinentia
381 4933 414 4990 et
431 4917 562 5013 quiete.

158 5078 257 5149 Haec
272 5074 414 5167 politica
433 5081 615 5164 praecepta
632 5065 793 5135 nondum
807 5064 974 5155 intelligit
989 5088 1049 5136 ae-

77 5181 268 5263 seminar,
313 5178 372 5247 sed
400 5189 519 5246 tamen
548 5164 674 5240 harum
704 5166 874 5236 virtutum
901 5168 1048 5239 nomina

79 5298 237 5374 tcunque
266 5300 452 5368 agnoscere
476 5287 512 5345 et
534 5274 673 5342 flectere
701 5288 739 5337 se
761 5267 807 5337 sd
830 5270 1046 5339 moderatio-

78 5410 136 5458 em
152 5384 301 5455 discant.
354 5378 427 5450 Alii
448 5375 654 5468 grandiores
677 5370 789 5440 sciant
810 5363 902 5440 hanc
925 5371 1042 5441 consi·

1106 2573 1215 2661 ciem,
1254 2573 1453 2666 loquuntur
1478 2575 1523 2644 de
1547 2570 1704 2645 Ecclesia
1734 2573 1908 2644 invisibili
1929 2587 2098 2668 tanquam

1105 2676 1150 2743 de
1172 2674 1250 2743 idea
1274 2673 1478 2760 Platonica,
1518 2699 1609 2770 quae
1639 2699 1815 2769 nusquam
1849 2678 2007 2748 cernitur
2036 2688 2099 2747 aut

1105 2776 1303 2851 exauditur.
1369 2774 1415 2848 Et
1445 2790 1631 2869 propterea
1663 2791 1856 2866 vagantur,
1896 2791 1931 2848 et
1962 2777 2099 2847 nullius
2166 2795 2173 2804 ·

1105 2877 1386 2967 congregationis
1402 2877 1496 2947 cives
1511 2901 1585 2949 esse
1600 2879 1743 2949 volunt:
1776 2875 1862 2949 haec
1891 2879 2098 2967 imaginatio

1106 2978 1212 3049 etiam
1237 2975 1528 3071 reprehendenda
1551 2993 1613 3053 est.
1670 2979 1746 3052 Etsi
1776 2981 1872 3049 enirn
1897 2982 2098 3074 plerunque

1105 3103 1211 3170 regna
1227 3081 1406 3172 pontificia
1427 3104 1555 3170 magna
1575 3093 1678 3166 sunt,
1704 3094 1738 3152 et
1761 3082 1953 3153 obscurant
1976 3104 2097 3152 veram

1105 3180 1316 3264 Ecclesiam,
1350 3196 1386 3254 et
1406 3183 1510 3252 valde
1545 3183 1691 3273 exiguus
1718 3206 1889 3255 numerus
1920 3196 1979 3254 est·
2002 3195 2097 3255 recte

1104 3283 1367 3369 invocantium,
1392 3297 1432 3355 ut
1447 3297 1605 3376 tempore
1620 3281 1813 3355 Zachariae
1835 3308 2003 3375 magnum
2021 3297 2097 3356 erat

1103 3408 1252 3477 regnurn
1280 3381 1553 3457 Pharisaeorum
1586 3400 1619 3457 ct
1649 3385 1932 3460 Saducaeorum:
1976 3399 2097 3458 tamen

1103 3511 1240 3579 semper
1254 3489 1384 3583 aliq'nis
1394 3489 1544 3559 visibilis
1558 3501 1678 3560 coetus
1694 3502 1746 3559 est
1761 3489 1849 3558 alias
1864 3489 1990 3575 maior,
2005 3488 2094 3561 alias

1104 3590 1239 3673 minor,
1278 3592 1341 3684 qni
1377 3605 1430 3663 est
1463 3604 1581 3662 custos
1610 3590 1856 3677 fundamenti,
1887 3587 1948 3662 hic
1975 3605 2096 3662 coetus

1103 3693 1327 3786 quaerendus
1357 3706 1429 3778 est,
1468 3694 1569 3764 etad
1593 3688 1690 3764 hune
1711 3693 1762 3784 pii
1783 3694 1988 3787 ubicunque
2012 3705 2096 3761 sunt

1103 3794 1295 3883 adiungere
1317 3815 1353 3863 se
1374 3794 1505 3866 debent
1543 3817 1588 3865 ua
1612 3796 1835 3866 confessione
1853 3808 1889 3867 et
1903 3794 2015 3865 simili
2033 3793 2094 3862 in·

1103 3896 1299 3971 vocatione.
1350 3895 1411 3968 Sic
1436 3896 1500 3987 igit
1561 3891 1836 3968 bsecdefinisio.

1205 4026 1361 4102 Ecclesia
1379 4030 1418 4101 in
1434 4025 1500 4101 hac
1515 4030 1587 4101 vita
1609 4039 1660 4103 e'st
1679 4045 1798 4104 coetus
1824 4030 1991 4115 visibilis,
2017 4053 2094 4099 am-

1104 4135 1333 4228 plectentium
1354 4130 1612 4224 Evangelium,
1654 4147 1689 4206 et
1711 4147 1805 4205 recte
1836 4130 2012 4204 utentium
2038 4154 2094 4202 ss·

1103 4234 1309 4316 oramentis,
1336 4235 1376 4305 in
1399 4261 1470 4330 qno
1496 4249 1598 4306 coetu
1614 4230 1712 4306 Deus
1732 4249 1785 4307 cst
1809 4235 1929 4306 efficax
1947 4258 2009 4325 per
2023 4235 2094 4302 mi-

1103 4338 1288 4408 nisterium
1307 4350 1342 4407 et
1358 4339 1488 4409 multos
1504 4339 1550 4407 ad
1566 4337 1674 4408 vitam
1690 4349 1870 4410 aeternam
1887 4337 2093 4417 sanctificat,

1102 4438 1207 4510 multi
1228 4440 1402 4510 tamenin
1424 4441 1546 4511 eodem
1569 4452 1672 4511 coetu
1694 4453 1800 4526 sunt,
1825 4440 1889 4534 qni
1914 4462 1989 4509 non
2010 4451 2094 4508 sunt

1102 4541 1232 4621 sancti,
1273 4543 1334 4612 sed
1375 4556 1491 4614 tamen
1514 4542 1558 4610 de
1581 4565 1663 4612 vera
1697 4541 1860 4613 doctrina
1890 4542 1930 4611 in
1951 4554 2093 4611 externa

1102 4643 1319 4736 professione
1340 4668 1419 4714 cum
1444 4643 1573 4714 sanctis
1597 4645 1836 4720 consentiunt.
1889 4641 1937 4715 Ut
1954 4640 2092 4711 Mariae

1101 4760 1259 4834 ternpore
1288 4761 1390 4817 eraut
1412 4742 1567 4816 Ecclesia
1593 4746 1765 4832 visibilis,
1799 4740 2008 4827 Zacharias,
2032 4741 2092 4813 Si-

1100 4870 1227 4928 meon,
1254 4843 1401 4939 loseph,
1428 4846 1563 4929 Maria,
1590 4844 1795 4931 Elisabeth,
1824 4844 1949 4925 Anna,
1974 4856 2008 4913 et
2028 4842 2090 4913 alii

1100 4948 1224 5028 multi,
1267 4944 1397 5020 horum
1429 4949 1628 5020 doctrinam
1658 4952 1843 5022 audientes
1870 4961 1905 5016 et
1935 4967 2016 5014 cum
2041 4944 2092 5013 eis

1099 5051 1308 5135 sentientes,
1333 5065 1367 5124 et
1388 5053 1510 5121 eadem
1537 5050 1762 5124 invocatione
1784 5051 1900 5120 Deum
1925 5045 2092 5131 colentes,
2151 5138 2156 5151 ι

1098 5176 1252 5247 quornm
1274 5152 1335 5222 alii
1351 5155 1451 5245 plus,
1477 5155 1540 5224 alii
1556 5157 1673 5225 minus
1687 5156 1777 5224 lucis
1794 5146 1984 5221 habebant.

1204 5268 1306 5342 Talis
1321 5288 1440 5346 coetus
1455 5276 1518 5344 etsi
1537 5297 1611 5343 non
1629 5285 1723 5343 tenet
1741 5291 1907 5361 regnum,
1933 5268 1995 5338 sed
2008 5291 2090 5360 pas·

1097 5371 1163 5442 sim
1183 5374 1287 5447 multi
1308 5379 1420 5467 sparsi
1437 5389 1539 5457 sunt,
1566 5389 1684 5446 tamen
1700 5371 1917 5468 conspicitur
1938 5384 1973 5442 et
1987 5371 2090 5441 oudi-
