4530 5776
108 166 184 279 nn
680 104 832 237 euru
853 78 1535 284 unuscmeranirnenrrcs
1981 252 1988 261 ,
2059 181 2128 293 pp

116 345 195 412 dem
221 340 394 412 (livinitus
415 338 559 423 insitae,
593 358 684 431 quae
707 334 903 418 affirmant,
938 338 1034 428 quod
1059 335 1104 407 sit
1159 333 1316 420 Veritas,
1342 365 1447 433 quam
1470 343 1520 447 pic
1544 345 1755 423 nominavit.
1814 348 1879 425 Est
1901 349 2128 437 noticia,·in

116 440 230 527 Dens,
257 445 352 537 quocl
375 443 419 511 sit
443 441 681 524 iudicaturus,
707 452 741 510 et
765 441 895 509 docens
911 438 1026 532 qualis
1046 439 1103 523 sit,
1157 439 1252 528 quit,
1279 441 1322 509 de
1347 440 1442 528 Deo,
1469 460 1504 516 et
1526 460 1681 518 caeterae
1703 452 1875 535 noticiae,
1900 479 1993 548 quse
2014 479 2128 533 vorsu

117 546 281 615 videlicet
301 544 458 637 sapiens,
485 545 620 627 bonus,
652 565 777 628 verax,
809 539 939 626 iustus,
970 556 1101 611 castus:
1158 553 1216 608 tur
1233 539 1344 631 Leges
1369 541 1575 629 Naturales,
1611 574 1703 644 quae
1724 577 1848 623 omnes
1867 570 1953 627 suut
1981 557 2128 631 testimo

113 659 230 731 tarnen
251 648 287 716 in
305 645 472 717 cordibus
491 646 572 716 talis
588 656 638 712 est
662 644 797 712 aversio
815 668 833 711 a
852 639 946 725 Deo,
972 654 1102 711 utnon
1159 643 1258 711 nium
1276 648 1320 712 de
1337 643 1430 729 Deo,
1455 662 1487 717 et
1502 652 1648 737 docent,
1668 655 1789 745 quales
1804 656 1848 726 sit
1864 653 1974 743 Deus,
2001 672 2036 730 et
2049 663 2128 753 quos¹

120 773 202 816 vere
227 750 393 830 timeant,
421 772 493 816 non
518 771 600 817 vere
623 745 774 834 diligant
790 742 905 814 Deum
930 767 1002 812 non
1022 767 1105 812 vere
1158 743 1452 822 iudicaturussit.
1495 747 1589 839 Quia
1607 765 1722 822 autem
1739 770 1775 827 et
1789 755 1923 828 Gentes
1940 775 1974 831 et
1996 758 2128 835 ludaeos

98 845 294 919 'confidant
319 849 369 931 ei,
399 872 471 917 non
498 872 579 916 vere
600 847 780 915 invocent:
808 847 880 913 imo
904 846 1105 940 plerunque
1156 861 1314 931 accusat,
1339 848 1422 918 facit
1442 853 1657 922 mentionem
1674 838 1759 945 legis
1774 874 1940 945 naturae,
1967 865 2128 935 seunoti·

119 953 313 1022 rnanilestis
330 951 509 1021 luroribus
524 944 619 1020 bunc
637 949 788 1016 iudicem
808 961 1049 1020 conteumant.
1156 947 1228 1015 ciae
1256 950 1426 1019 naturalis
1455 951 1605 1039 deDeo.
1676 954 1746 1026 Ubi
1783 960 1941 1031 iuniores
1967 966 2128 1037 monendi

123 1052 162 1079 “’
218 1052 316 1122 Haec
336 1067 376 1123 ut
398 1053 484 1121 fiant
508 1050 688 1142 planiora,
731 1046 788 1118 bic
810 1051 1028 1117 recordanda
1052 1064 1103 1119 est
1155 1063 1347 1132 sunt,n0s
1371 1053 1516 1144 quidem
1539 1057 1577 1124 in
1602 1051 1782 1144 Ecclesia,
1824 1077 1863 1133 ut
1891 1065 2127 1146 confirmemus

116 1156 260 1245 puerilis
284 1155 464 1233 doctrina,
498 1176 587 1244 quae
612 1151 782 1220 discernit
803 1150 952 1219 noticias
971 1151 1015 1218 ab
1038 1175 1102 1240 ap·
1154 1153 1391 1220 assensionem
1408 1168 1582 1236 nostram,
1609 1160 1740 1229 intueri
1767 1165 1894 1233 debere
1911 1168 2041 1236 ordine
2063 1190 2126 1239 orn-

117 1256 366 1345 petitionibus,
400 1267 434 1323 et
463 1253 677 1340 videndum,
711 1277 801 1346 qnae
826 1253 1003 1342 potentiae
1031 1254 1102 1321 sint
1154 1275 1216 1320 nes
1232 1247 1413 1337 historias,
1433 1257 1470 1326 in
1486 1258 1615 1349 quibus
1631 1283 1668 1327 se
1687 1265 1844 1349 patefecit
1866 1262 1982 1354 Deus,
2005 1269 2122 1341 utori-

117 1359 295 1426 (tomicilia
321 1356 492 1440 noticiae,
533 1356 630 1425 unde
654 1357 726 1425 siut
760 1348 826 1422 bae
859 1355 1034 1436 noticiae,
1067 1370 1101 1425 et
1155 1354 1270 1422 racnla
1292 1357 1381 1425 facta
1408 1359 1445 1426 in
1468 1360 1562 1428 exitu
1586 1384 1626 1428 er
1648 1362 1828 1456 Aegypto,
1856 1369 2123 1442 resuscitationes

119 1459 257 1551 quales:
299 1472 332 1527 et
356 1484 419 1527 cur
445 1459 483 1526 in
507 1471 633 1529 natura
656 1452 811 1525 humana
834 1455 991 1547 reliquae
1016 1456 1101 1540 sint,

114 1561 176 1628 nbi
194 1561 237 1629 sit
251 1559 469 1630 contumacia
486 1573 644 1629 naturae.
672 1557 794 1629 Sciant
808 1557 916 1646 igitur
930 1557 1100 1637 iuniores,

115 1661 219 1752 Legis
242 1662 409 1731 noticiam
437 1661 611 1730 divinitus
641 1660 783 1730 insitam
816 1681 890 1726 esse
921 1659 1100 1728 mentibus

114 1761 280 1834 burnonis
304 1765 340 1832 in
365 1763 563 1847 creatione,
604 1762 694 1832 sicot
716 1784 945 1831 numerorum
968 1760 1098 1829 noticia

114 1866 218 1935 nobis
232 1866 334 1934 insita
352 1880 420 1949 est,
447 1876 568 1957 estque
583 1866 619 1934 in
634 1878 732 1955 parte
748 1875 996 1950 cognoscente,
1018 1887 1096 1930 cum

113 1993 181 2062 qua
200 1982 280 2037 ante
298 1968 432 2056 lapsum
451 1967 666 2055 congruebat
677 1964 851 2033 Voluntas
868 1977 902 2033 el
918 1961 999 2037 Cor.
1026 1962 1095 2034 Sed

114 2066 199 2138 baec
218 2065 400 2138 baunonia
419 2068 574 2157 inlapsu
601 2070 742 2139 turbata
765 2080 835 2148 est,
859 2088 925 2133 nec
944 2064 1015 2135 iam
1040 2089 1097 2136 ar-

110 2172 197 2241 dent
215 2169 388 2240 Voluntas
409 2184 442 2239 et
468 2170 542 2238 Cor
565 2170 755 2240 dilectione
772 2165 850 2240 Dei.
901 2161 949 2236 Et
977 2181 1097 2238 tamen

112 2273 224 2342 voluit
244 2272 337 2341 Deus
361 2271 533 2363 reliquam
564 2294 636 2339 esse
657 2270 847 2353 noticiam,
881 2282 921 2337 ut
944 2281 1034 2341 extet
1057 2270 1096 2338 in

114 2389 239 2447 natura
263 2375 502 2459 testimonium
525 2374 569 2442 de
593 2375 690 2457 Deo,
725 2384 759 2440 et
792 2384 832 2439 ut
865 2391 1096 2460 agnoscamus

111 2492 311 2567 peccatum,
340 2487 435 2544 etot
457 2475 648 2560 fateamur,
684 2497 749 2542 nos
772 2472 862 2542 iuste
885 2495 904 2539 a
929 2471 1004 2541 Deo
1030 2497 1095 2563 pu·

110 2577 195 2650 nisi.
259 2576 443 2646 Postremo
475 2575 608 2656 etiam,
647 2590 687 2648 ut
712 2570 778 2644 hac
802 2572 932 2643 noticia
955 2588 1097 2664 regatur

108 2679 308 2772 disciplina.

211 2779 394 2871 Cogitetur
409 2781 532 2862 etiam,
557 2803 663 2873 quam
686 2774 870 2850 borribilis
887 2777 1028 2847 miseria
1052 2779 1096 2849 sit

110 2900 256 2957 naturae
272 2881 464 2953 humanae:
493 2879 577 2952 baec
599 2883 754 2953 turbatio
780 2879 982 2972 pulcerrimi
997 2881 1095 2949 ordi·

111 2987 187 3071 nis,
214 3011 293 3055 cum
306 2986 375 3053 iam
391 2985 555 3055 voluntas
572 2998 604 3053 et
621 3007 683 3052 cor
699 2985 844 3075 expulso
858 2981 933 3052 Deo
949 2995 1094 3068 rectore,

110 3101 344 3158 contemnunt
358 3088 598 3167 conditorem,
624 3100 660 3155 et
678 3099 716 3156 ut
733 3087 824 3154 inira
840 3085 988 3168 dicitur,
1016 3108 1095 3153 cum

115 3193 186 3260 iam
210 3213 332 3259 sensus
354 3191 470 3258 earnis
495 3187 681 3259 inimicitia
711 3189 756 3258 sit
778 3191 945 3257 adversus
967 3186 1095 3255 Deum.

4 3288 15 3295 ’
112 3291 185 3361 Nec
201 3305 315 3383 potest
332 3292 547 3361 tristioribus
565 3302 625 3359 aut
641 3290 875 3358 atrocioribus
889 3288 1005 3356 verbis
1020 3312 1094 3356 ma·

109 3394 258 3480 gnitudo
285 3393 416 3483 pcccati
440 3393 479 3461 in
507 3405 634 3462 natura
653 3384 810 3460 bominis
825 3389 998 3475 describi,
1026 3390 1094 3457 iam

106 3488 174 3563 boc
192 3493 268 3584 ipso
284 3491 435 3562 Paulino
451 3493 559 3563 dicto·

122 3584 125 3589 ⁵
210 3592 279 3664 Hic
293 3595 397 3664 etiam
415 3595 632 3664 recordanda
656 3606 707 3664 est
726 3592 887 3662 doctrina
904 3587 1094 3676 Ecclesiae,

110 3720 199 3793 quae
222 3696 411 3780 discernit,
438 3695 553 3790 qualis
575 3696 720 3767 libertas
747 3693 941 3764 voluntatis
964 3696 1002 3762 in
1029 3690 1092 3762 bo-

109 3800 206 3871 mine
222 3798 357 3892 reliqua
372 3797 435 3883 sit,
461 3797 577 3891 qualis
599 3796 826 3869 amissa'sit.·
853 3792 902 3867 Ut
925 3797 1019 3865 euim
1038 3795 1094 3863 di-

111 3901 260 3995 scipliua
275 3901 348 3989 regi
366 3901 495 3992 possit,
519 3895 615 3970 Deus
639 3894 732 3968 banc
757 3898 956 3968 libertatem
980 3897 1094 3967 voluit

108 4005 279 4098 reliquam
297 4027 392 4087 esse,
418 4016 458 4072 ut
472 4001 685 4071 loromotiva
708 4000 927 4090 obtemperet
944 4000 1092 4091 imperio

109 4104 313 4176 voluntatis.
387 4102 457 4176 Sed
487 4102 642 4172 actiones
674 4103 790 4171 bonae
815 4125 895 4190 erga
917 4098 1031 4170 Deum
1056 4102 1091 4168 in

109 4207 237 4292 corde,
264 4230 337 4276 oon
362 4205 453 4274 liunt
475 4204 551 4272 sine
574 4203 805 4274 conversione
829 4206 872 4271 ad
887 4203 1000 4272 filium
1017 4202 1094 4285 Dei,

108 4322 142 4377 et
175 4307 251 4377 siue
278 4306 409 4377 auxilio
432 4304 587 4396 Spiritus
612 4306 735 4378 sancti.
810 4301 908 4372 Haec
933 4303 1093 4373 doctrina

108 4407 195 4477 alibi
212 4408 389 4497 copiosius
405 4407 575 4488 traditur,
602 4432 692 4503 quae
712 4406 854 4476 eumad
873 4398 967 4474 banc
990 4429 1092 4474 enar·

109 4507 284 4579 rationem
316 4509 507 4579 necessaria
536 4511 601 4596 sit,
642 4505 701 4579 hic
738 4507 949 4597 cogitatione
987 4529 1088 4600 repe-

108 4610 214 4680 tenda
230 4621 293 4684 est.

139 4771 333 4873 Quatenus
354 4777 450 4847 enim
470 4775 770 4950 Denslpognosci
787 4766 923 4875 potest,
953 4787 1063 4851 nolus

505 4889 556 4950 est
624 4905 697 4954 eos.

211 5007 398 5107 Expositio
427 5028 479 5087 est
501 5015 755 5106 propositionis
784 5029 887 5087 antea
916 5016 1095 5104 recitatae,

1153 1472 1393 1537 mortuorum,
1418 1471 1451 1528 et
1473 1461 1561 1544 alia,
1587 1463 1679 1531 etin
1709 1459 1837 1535 borum
1863 1470 2121 1556 cogitationesi·

1153 1557 1227 1626 ruul
1247 1553 1314 1626 boc
1331 1561 1536 1650 complecti,
1564 1557 1659 1634 bunc
1679 1565 1794 1655 ipsum
1816 1595 1895 1639 vere
1916 1572 2036 1641 Deum
2059 1597 2118 1645 esst

1152 1660 1395 1744 conditorem,
1422 1664 1483 1753 qui
1503 1686 1539 1731 se
1564 1665 1614 1732 ibi
1637 1671 1820 1756 patefecit,
1855 1687 1886 1741 et
1905 1673 1985 1743 Deo
2000 1698 2061 1766 pro
2076 1668 2120 1763 bis

1151 1762 1362 1830 testimoniis
1383 1763 1512 1851 gratias
1525 1788 1679 1854 agamus.

1226 1860 1298 1930 Has
1316 1866 1567 1952 patefactiones
1587 1893 1665 1938 cum
1685 1873 1999 1961 consideravimus,
2012 1878 2118 1949 deinde

1150 1967 1290 2055 prodest
1305 1965 1409 2034 etiam
1426 1969 1580 2057 cogitare
1593 1972 1637 2041 de
1650 1975 1781 2044 noticia
1799 1978 1965 2061 naturali,
1987 1992 2117 2071 etquat-

1152 2090 1228 2134 rere
1247 2068 1448 2136 testimonia
1468 2071 1505 2137 in
1530 2088 1674 2158 natura,
1710 2100 1861 2168 quorum
1890 2078 2009 2172 aliqua
2024 2079 2113 2171 {valde

1151 2168 1302 2239 illustria
1318 2183 1419 2254 sunt,
1445 2187 1478 2241 et
1496 2176 1711 2245 convincunt
1724 2172 1898 2249 bumanas
1913 2197 2063 2268 mentes,
2082 2194 2112 2253 ut

1150 2283 1321 2354 statuant,
1348 2267 1443 2341 bunc
1460 2279 1632 2344 mtsndum
1650 2302 1723 2346 non
1746 2280 1899 2351 extitisse
1924 2306 2026 2368 casu,
2047 2306 2110 2353 cuns

1148 2373 1333 2442 intuentur
1357 2375 1608 2461 pulcerrimum
1632 2380 1796 2449 ordinem
1818 2406 2008 2474 corporum
2031 2383 2112 2467 coeli,

1147 2487 1180 2541 et
1195 2472 1473 2548 Elementorum.
1525 2475 1614 2548 Item
1634 2473 1800 2550 'ordinem
1825 2483 1864 2552 in
1896 2488 2038 2556 noticiis
2057 2508 2109 2554 nn·

1149 2599 1345 2659 merorum,
1384 2591 1417 2647 et
1440 2577 1537 2663 aliis,
1571 2605 1612 2651 ac
1637 2585 1840 2675 praesertim
1866 2586 1906 2656 in
1931 2588 2110 2657 discrimine

1149 2672 1378 2747 bonestorum
1400 2691 1433 2747 et
1457 2681 1632 2771 turpium:
1674 2686 1768 2777 quod
1793 2687 1933 2758 nullum
1958 2713 2029 2759 esse
2049 2711 2110 2780 pos·

1150 2790 1220 2857 set,
1247 2780 1276 2847 si
1301 2804 1374 2847 non
1393 2804 1411 2848 a
1431 2781 1492 2849 tali
1509 2796 1636 2854 natura
1658 2788 1726 2856 orti
1751 2810 1923 2873 essemus,
1948 2815 2036 2884 quae
2056 2792 2110 2881 ipsa

1150 2881 1323 2970 intelligat
1341 2877 1408 2950 boc
1425 2883 1628 2958 discrimen.
1677 2889 1785 2975 Item,
1811 2892 1848 2958 in
1866 2894 2110 2962 conservatione

1146 2984 1352 3073 specierum.
1406 2981 1511 3070 ltem,
1537 2987 1574 3055 in
1600 2989 1743 3078 politica
1765 2993 1947 3074 societate,
1975 3011 2008 3067 et
2029 3016 2109 3082 regu·

1148 3084 1281 3156 laribus
1298 3085 1422 3176 poenis
1437 3089 1609 3158 atrocium
1624 3090 1847 3162 delictorum.
1897 3093 1993 3166 Haec
2008 3093 2107 3167 omnis

1147 3186 1290 3256 collecta
1307 3188 1517 3258 confirmant
1533 3214 1598 3263 nos
1623 3194 1667 3260 de
1689 3194 1923 3284 providentia.
1977 3197 2044 3269 Sed
2063 3198 2111 3266 do·

1146 3288 1292 3358 lendum
1311 3302 1379 3374 est,
1396 3282 1538 3361 ‘tantam
1556 3293 1740 3383 caliginem
1763 3319 1836 3367 esse
1859 3299 1989 3369 mentis
2005 3295 2110 3369 boros-

1147 3413 1231 3469 nae,
1255 3403 1295 3459 ut
1317 3405 1434 3460 tamen
1457 3394 1611 3464 assensio
1634 3397 1738 3466 valde
1753 3398 1921 3487 languida
1935 3402 1999 3485 sit,
2024 3415 2057 3473 et
2071 3399 2109 3467 ls-

1147 3491 1212 3560 cile
1231 3492 1436 3562 excutiatur.
1509 3492 1593 3565 ldeo
1618 3496 1715 3568 Deus
1740 3500 1878 3570 addidit
1900 3502 1988 3573 alias
2014 3499 2109 3572 mani·

1147 3594 1250 3662 festas
1271 3594 1519 3683 patefactiones
1546 3610 1581 3668 et
1603 3600 1786 3670 miracula.
1836 3600 1978 3676 Horum
2000 3605 2110 3694 cogita·

1147 3695 1278 3764 tionem
1294 3696 1525 3785 adiungamus
1542 3702 1586 3768 ad
1603 3696 1688 3771 baec
1702 3699 1858 3798 pbysica.

1247 3796 1351 3866 Nunc
1365 3799 1409 3866 ad
1427 3801 1532 3867 verba
1548 3814 1664 3872 textus
1688 3807 1805 3879 redeo.
1859 3804 2025 3901 Syntaxis
2046 3803 2112 3878 batt

1147 3912 1214 3970 est:
1254 3899 1451 3970 Invisibilia
1480 3898 1570 3986 Dei,
1606 3905 1771 3978 videlicet
1798 3922 1939 3979 aeterna
1965 3907 2113 4002 potentis,

1146 4015 1179 4070 et
1195 4000 1362 4070 divinitas
1379 4002 1479 4093 eiust
1493 4005 1763 4094 conspiciuntur
1776 4010 1821 4080 ab
1836 4010 1979 4103 opificio
1994 4008 2113 4091 mundi,

1146 4104 1387 4173 animadversa
1404 4106 1645 4195 exoperibus,
1663 4110 1699 4178 id
1716 4125 1784 4196 est,
1809 4136 1849 4181 ex
1864 4114 1993 4184 ordine
2009 4124 2113 4187 etant

1146 4229 1306 4296 operum.
1359 4203 1448 4277 Com
1473 4220 1589 4276 autem
1612 4211 1776 4284 nominat
1795 4214 2038 4300 divinitatem,
2068 4202 2114 4283 io·

1146 4307 1275 4396 telligit
1290 4307 1395 4378 talem
1412 4309 1619 4391 essentiam,
1640 4312 1805 4385 videlicet
1824 4331 2023 4401 aeternam,
2046 4338 2115 4387 con·

1146 4409 1307 4478 ditricem
1332 4432 1470 4495 rerum,
1496 4412 1793 4502 omnipotentem,
1828 4418 2046 4511 sapientem,
2067 4440 2124 4491 se·.

1146 4534 1278 4595 racem,
1304 4510 1454 4595 iustam,
1480 4515 1630 4601 bonam,
1656 4518 1871 4603 beneficam,
1909 4534 2062 4603 castam,
2082 4517 2117 4587 li·

1147 4612 1286 4697 beram,
1300 4613 1559 4688 discernentem
1578 4630 1670 4688 recte
1686 4619 1776 4690 lacta
1793 4635 1828 4692 et
1840 4620 1993 4713 scelera,
2018 4637 2052 4695 et
2065 4642 2117 4712 pu-

1146 4714 1303 4785 nientem
1324 4715 1462 4784 delicta.
1514 4715 1640 4787 Talem
1665 4722 1849 4795 essentiam
1870 4723 1950 4797 vult
1970 4720 2119 4814 intelligi,

1147 4839 1228 4889 cum
1242 4816 1405 4887 nominat
1421 4816 1654 4892 divinitatem.

1248 4913 1302 4988 Ac
1323 4918 1589 4991 meminerimus
1613 4918 1681 4993 boc
1703 4925 1803 5011 loco,
1834 4927 2009 5001 noticiam
2029 4940 2118 4999 nuo·

1146 5020 1256 5091 ralem
1283 5020 1329 5089 de
1350 5017 1426 5090 Deo
1453 5045 1527 5091 esse
1556 5023 1641 5112 legis
1663 5027 1854 5113 noticiam,
1897 5044 1935 5102 et
1954 5054 2030 5103 non
2049 5050 2118 5123 pro·

109 5138 179 5212 qua
198 5116 407 5209 generaliter
433 5132 632 5206 arguuntur
654 5140 777 5188 omnes
794 5114 975 5204 homines,
1000 5119 1096 5213 quod
1146 5123 1351 5194 missionem
1382 5124 1638 5212 evangelicam,
1677 5130 1722 5201 de
1750 5131 1902 5220 gratuita
1926 5132 2120 5205 remissione

112 5218 294 5290 veritatem
311 5217 350 5287 in
368 5218 546 5290 iniusticia
562 5218 763 5304 detineant,
787 5219 826 5289 id
842 5233 914 5305 est,
940 5243 1015 5291 non
1031 5221 1097 5290 ob-
1147 5239 1291 5319 propter
1304 5225 1429 5301 lilium.
1480 5223 1571 5295 Nam
1593 5222 1679 5299 baec
1699 5233 1888 5322 promissio
1908 5252 2118 5330 neququam

112 5333 307 5413 temperent
325 5321 402 5412 ‚legi
425 5319 506 5395 Dei.
558 5314 671 5394 Addit
692 5319 817 5411 igitur,
851 5345 939 5414 qnae
968 5322 1013 5395 sit
1034 5322 1096 5394 illa
1148 5329 1252 5402 insita
1280 5341 1331 5400 est
1361 5326 1400 5399 in
1429 5328 1605 5402 creatione
1631 5334 1812 5408 mentibus
1845 5331 2034 5424 humanis,
2067 5330 2120 5407 na
