4522 5782
126 102 233 234 snt
351 196 358 207 ·

130 312 279 424 propter
289 329 401 399 tilium
419 326 497 408 Dei,
513 341 546 398 et
562 297 783 422 nequaqnam
800 345 944 424 propter
959 348 1119 406 nostram

132 433 382 505 contritionem
406 432 462 499 vel
486 429 725 503 dilectionem.

235 534 305 604 Sed
340 534 606 626 perterrefactos
638 547 774 603 mentes
813 536 961 607 audiant
994 562 1117 608 vocem

721 155 849 237 Ptttlr
875 155 991 234 Mtte
1016 158 1226 242 SCRIPTA
1250 167 1558 254 mnenon.
1587 184 1652 247 .·’
1759 170 1792 253 Ῐ“-.·

1850 194 1949 263 .“-ζΞ.-ἶ
2069 198 2148 280 lbi!

1168 341 1219 411 ris
1234 344 1363 422 modis.
1409 345 1503 419 Cnrn
1521 352 1575 422 eie
1590 351 1740 438 Paulus,
1758 355 1945 437 lustibca'ti
1961 364 2033 455 fide
2049 395 2150 462 parem

1169 437 1360 527 habemns,
1402 449 1438 519 id
1459 466 1534 532 -est,
1575 460 1794 529 reconciliati
1830 489 1893 534 sen
1923 475 2059 561 accepti
2084 473 2149 548 tte·

1169 561 1313 637 propter
1332 545 1515 623 Christum
1542 557 1611 625 fide
1629 581 1748 646 pacem
1770 558 1958 655 habemns.
1998 571 2060 646 'Et
2078 602 2149 649 con·

133 635 339 725 Evangelii,
376 661 481 728 quam
506 631 564 704 hic
585 637 707 706 recitat
731 634 875 709 Paulus.
915 637 1041 709 Certus
1067 655 1119 711 est
1166 648 1313 720 scientia
1340 651 1378 720 in
1402 657 1541 744 magnis
1571 666 1924 740 consternationibns
1950 680 2105 763 agnoscit
2123 698 2148 753 te

134 763 250 809 sermo
267 751 300 807 et
318 739 517 807 firmissime
534 738 814 828 amplectendus,
842 743 936 831 qnod
953 740 1117 812 Christus

132 839 269 911 venerit
284 841 322 909 in
337 837 434 910 hnne
452 841 624 909 mundum
643 841 757 908 salvos
774 841 887 910 facere
905 859 1115 933 peccatores.

83 949 86 953 ’
132 942 221 1014 ant
245 944 339 1011 enim
365 938 433 1011 hoc
457 943 573 1010 dicere
593 940 743 1022 Paulus,
786 969 907 1012 vocem
930 944 1116 1035 Evangelii

132 1050 177 1115 de
191 1046 343 1134 gratuita
359 1043 648 1115 reconciliatione
667 1067 887 1137 nequaquam
905 1063 1024 1116 notam
1042 1071 1116 1118 esse
1166 1056 1248 1125 licet
1272 1060 1414 1148 propria
1440 1067 1615 1137 munditie
1639 1092 1699 1138 sen
1727 1078 1881 1165 propriis

1167 749 1394 822 immundum
1419 780 1512 838 esse,
1538 783 1612 828 non
1629 765 1894 857 circumspectat
1915 796 1998 846 snas
2013 783 2149 871 qualita-

1166 864 1234 930 tes,
1268 855 1360 925 sicut
1383 858 1539 931 clamitat
1561 859 1755 953 Propheta,
1792 869 1925 946 Psalm.
1953 878 2059 951 tta:
2079 883 2148 957 Non

1167 954 1415 1028 iustificabitur
1433 961 1469 1027 in
1488 981 1677 1054 conspectu
1695 982 1761 1041 tuo.
1775 976 1893 1043 omnis
1918 980 2064 1065 vivens,
2091 990 2150 1058 sci·

1913 1082 2149 1172 qualitatibus.

127 1148 266 1231 ¹iudicio
291 1147 464 1225 naturali,
490 1169 555 1214 nec
579 1170 652 1216 esse
676 1172 798 1216 vocem
820 1147 927 1236 legis,
955 1153 1015 1218 sed
1040 1152 1115 1219 sin·
1163 1154 1234 1228 Sed
1251 1160 1295 1227 de
1312 1161 1547 1253 imputatione
1563 1184 1683 1259 postea
1701 1175 1801 1264 plura
1818 1179 1993 1257 dicemus.

132 1248 254 1340 gulare
273 1262 308 1318 et
325 1249 528 1316 mirandum
552 1249 732 1318 decretum
756 1271 829 1317 esse
848 1251 1046 1322 divinitatis
1070 1255 1114 1321 de

131 1350 352 1422 redemtione
373 1351 510 1439 generis
533 1343 682 1418 hnmani
703 1375 763 1440 per
785 1351 912 1425 filium.
950 1349 1034 1423 ldeo
1056 1355 1112 1423 di-

131 1467 222 1522 serte
251 1453 385 1546 inquit:
426 1447 590 1521 Christus
616 1450 712 1521 lesns
735 1454 831 1521 venit
861 1454 899 1521 in
925 1459 1112 1537 mundum,

131 1556 230 1649 qnasi
249 1555 357 1624 dicat:
387 1552 495 1623 luben
511 1567 544 1620 te
563 1577 702 1622 cansam
722 1555 961 1636 considerare,
988 1582 1051 1629 cur
1074 1559 1112 1627 in

130 1660 305 1727 mnndum
324 1656 459 1726 vene'rit
473 1654 567 1723 lilius
585 1655 661 1725 Dei.
714 1653 796 1724 Non
814 1669 866 1726 est
882 1660 1007 1727 missus
1023 1660 1112 1730 sicut

128 1756 274 1854 Moyses
289 1772 351 1828 ant
365 1758 424 1826 alii
443 1752 660 1848 Prophetae,
686 1759 744 1824 sed
769 1758 836 1827 tuit
859 1755 917 1826 hic
939 1763 1113 1831 mediator

129 1874 243 1940 antea,
261 1875 295 1930 et
310 1884 406 1929 nunc
420 1859 501 1928 ideo
519 1859 561 1926 ad
580 1882 645 1926 nos
661 1858 769 1938 venit,
786 1874 825 1929 ut
839 1861 936 1932 fieret
951 1864 1112 1934 victima:

129 1977 164 2033 et
188 1963 269 2030 sciri
293 1975 434 2059 oportet
457 1983 547 2052 quae
571 1959 737 2029 beneficia
760 1962 936 2043 attulerit,
968 1980 1001 2035 et
1023 1991 1112 2058 quo-

127 2067 234 2133 modo
254 2065 358 2133 nobis
374 2064 606 2154 adplicentur.
659 2062 783 2133 Adfert
799 2079 916 2135 antem
933 2068 1111 2138 remissio·

127 2190 210 2234 nem
232 2180 472 2257 peccatorum,
500 2165 771 2255 imputationem
794 2167 971 2248 iusticiae,
999 2172 1113 2239 dona·

127 2270 261 2337 tionem
277 2267 432 2359 Spiritus
456 2267 568 2335 sancti
601 2280 635 2335 ει
662 2268 755 2336 vitae
776 2284 955 2350 aeternae,
983 2284 1113 2361 etpost

126 2364 218 2438 hanc
251 2371 360 2438 vitam
390 2367 682 2437 resurrectionem
715 2384 747 2436 et
780 2371 888 2438 vitam
920 2384 1112 2446 aeternam.

127 2471 362 2562 decipiuntur
375 2485 490 2540 antem
511 2469 547 2536 in
564 2463 628 2536 hac
643 2469 712 2538 vita
731 2485 876 2561 propter
892 2473 1006 2561 ipsum
1018 2474 1113 2546 Gra·

125 2572 189 2652 tis,
203 2597 276 2641 non
293 2585 437 2662 propter
454 2583 572 2640 nostra
588 2571 734 2651 merita,
762 2570 844 2642 Sola
862 2571 970 2655 Fide,
987 2577 1112 2646 remis-

124 2674 178 2743 sio
196 2692 439 2766 peccatorum,
467 2673 656 2763 imputatio
673 2673 848 2754 iusticiae,
866 2677 1011 2748 donatio
1029 2678 1113 2769 Spi-

124 2777 215 2845 ritus
233 2777 344 2846 sancti
361 2790 396 2846 et
411 2778 503 2844 vitae
521 2788 694 2843 aeternae.
727 2772 823 2843 Haec
839 2794 888 2847 εει
906 2804 973 2848 vox
989 2776 1109 2849 Evan-

123 2880 204 2967 gelii
228 2878 390 2970 propria,
418 2879 517 2947 cuins
536 2875 753 2946 intellectum
770 2878 948 2959 nativum,
969 2895 1008 2953 ut
1024 2883 1110 2952 reti-

1456 1360 1518 1435 De
1546 1368 1724 1442 vocabulo
1750 1369 1876 1453 Il'idct'.

1256 1525 1500 1603 Certissimnm
1518 1552 1570 1609 est
1587 1532 1655 1610 lide
1671 1541 1710 1611 in
1726 1537 1790 1617 bac
1807 1548 1974 1624 doctrina
1991 1581 2064 1630 non
2078 1575 2145 1637 tan-

1162 1640 1237 1696 tum
1262 1632 1451 1719 significari
1473 1640 1660 1723 noticiam,
1686 1669 1793 1737 quam
1809 1664 1844 1721 et
1863 1655 2006 1727 diaboli
2029 1675 2145 1753 tenent,

1163 1724 1233 1799 sed'
1246 1733 1435 1821 significari
1458 1740 1564 1811 simul
1584 1746 1748 1815 noticiam
1767 1744 1958 1839 historiae,
1989 1776 2024 1832 et
2039 1789 2145 1840 uren·

1163 1832 1318 1914 sionem,
1346 1862 1414 1929 qna
1433 1844 1701 1930 promissionem
1720 1851 1784 1918 tibi
1809 1858 1987 1947 applicas,
2015 1881 2048 1937 ct
2065 1872 2145 1941 fidn-

1163 1934 1254 2002 ciam
1271 1941 1548 2029 acquiescentem
1568 1948 1602 2014 in
1623 1952 1814 2022 mediatore
1832 1971 1863 2026 et
1882 1959 1921 2027 in
1940 1960 2036 2047 Deo,
2060 1971 2141 2046 iuna

1164 2039 1452 2127 promissionem:
1480 2058 1514 2116 et
1532 2048 1582 2116 sic
1597 2049 1694 2144 loqui
1712 2051 1894 2137 Hebraeos
1911 2086 1989 2135 non
2007 2073 2141 2145 dubium

1163 2151 1234 2220 est,
1268 2140 1362 2211 iuxta
1388 2143 1819 2237 illudldictum,.Mattb.
1841 2158 1918 2236 ld:
1958 2164 1998 2238 Ο
2021 2176 2143 2262 mulier,

1162 2263 1289 2330 magna
1313 2258 1363 2313 est
1392 2246 1477 2317 fides
1497 2263 1571 2321 tua.
1623 2248 1672 2325 lit
1687 2260 1938 2349 complectitur
1963 2265 2050 2343 haec
2070 2277 2143 2350 fider

1162 2355 1276 2412 totum
1298 2347 1519 2438 symbolum,
1546 2352 1671 2448 inquo
1688 2374 1721 2430 et
1738 2358 1838 2430 illum
1855 2369 2050 2444 articulum
2072 2403 2144 2469 pro·

1161 2442 1290 2531 fitetur,
1308 2445 1423 2518 Credo
1440 2455 1683 2525 remissionem
1702 2478 1939 2551 peccatorum.
1977 2472 2048 2548 Hie
2061 2485 2144 2555 enim

1161 2547 1408 2637 exprimuntur
1427 2555 1594 2626 beneficia
1620 2555 1686 2629 Dei
1708 2575 1742 2632 et
1759 2567 1991 2662 mediatoris,
2016 2584 2141 2678 dequo

1161 2649 1300 2717 articuli
1325 2656 1570 2740 praecedentes
1596 2659 1812 2754 loquuntur,
1840 2684 1876 2739 et
1902 2670 2004 2748 bunc
2024 2686 2144 2758 articu-

1161 2749 1234 2816 lum
1260 2774 1309 2819 src
1328 2755 1371 2820 ad
1389 2777 1463 2825 sese
1479 2760 1658 2850 applicent
1674 2765 1823 2856 singuli,
1840 2767 1962 2847 Credo
1979 2787 2144 2859 remissio-

1161 2875 1241 2917 nem
1262 2869 1482 2941 peccatornm
1501 2885 1572 2929 non
1590 2875 1726 2935 tautum
1747 2869 1826 2938 aliis
1848 2876 1954 2964 dari,
1983 2889 2043 2955 sed
2065 2886 2142 2961 mibi

1160 2976 1312 3046 quoqne.
1365 2956 1460 3028 Haec
1477 2962 1563 3032 fides
1583 2980 1676 3035 recte
1697 2971 1926 3060 amplectitur
1947 2991 2143 3072 promissio-

1159 3077 1263 3138 nem,
1290 3083 1358 3149 qna
1381 3061 1445 3129 tibi
1466 3065 1531 3154 ipsi
1548 3069 1662 3134 credis
1678 3066 1836 3141 exhiberi
1855 3084 2100 3173 remissionem
2114 3110 2142 3165 ct

1159 3160 1506 3250 reconciliationem,
1554 3180 1593 3236 nt
1616 3165 1743 3239 Ruina.
1767 3171 1802 3247 4.
1837 3181 2006 3260 adfirmat
2028 3189 2144 3266 Paulus

123 3005 288 3061 neamus,
316 2980 486 3049 vocabula
513 2991 605 3064 rpcte
631 2978 860 3067 intelligenda
885 2997 988 3053 sunt:
1025 3007 1137 3069 nam¹

13 3134 17 3139 .
122 3108 163 3151 er
185 3083 437 3173 depravatione
460 3080 716 3151 vocabulorum
741 3080 831 3151 aliae
857 3084 1022 3153 tenebrae
1050 3109 1110 3155 or-

93 3201 96 3205 ’
120 3197 176 3254 tae
197 3200 291 3260 sunt.

1158 3280 1194 3324 se
1218 3260 1262 3327 de
1288 3285 1326 3329 ea
1354 3264 1421 3332 lide
1443 3266 1565 3361 loqui,
1592 3296 1682 3362 qnae
1712 3276 1989 3359 promissionem
2014 3297 2139 3389 accipit,

1158 3359 1344 3445 videlicet,
1393 3391 1460 3457 qna
1487 3369 1552 3438 tibi
1582 3372 1647 3460 ipsi
1675 3379 1950 3463 promissionem
1981 3399 2138 3486 applicat,

221 3489 395 3559 Hebraico
415 3482 553 3575 phrasis
571 3499 622 3551 est
645 3485 683 3553 in
705 3488 813 3556 verbo
840 3485 1042 3569 iustificari,
1069 3502 1110 3560 ut
1158 3467 1397 3580 ‘llmfffllulb
1429 3468 1509 3539 ¹d²⁰
1524 3496 1565 3541 0¹
1586 3473 1655 3542 fide
1671 3480 1797 3566 gratie,
1826 3497 1867 3554 ut
1885 3487 1990 3563 firma
2011 3499 2054 3569 sit
2068 3526 2136 3592 pru·

119 3596 148 3663 si
173 3592 308 3670 diram,
336 3589 455 3678 Scipio
474 3586 680 3655 iustificatns
703 3604 752 3656 est
770 3591 1018 3659 accusantibus
1043 3592 1108 3662 tri·
1130 3593 1133 3617 ⁵
1158 3586 1291 3639 ΨΜ·

371 3351 433 3422 De
461 3346 636 3426 vocabulo
659 3347 849 3425 Instr'cr'ae.

117 3696 227 3766 hunis
244 3693 376 3780 plebis,
405 3690 442 3756 id
465 3701 536 3767 est,
565 3689 747 3759 absolutus
772 3705 841 3770 est,
869 3705 920 3771 et,
937 3682 1108 3781 pronun·
1243 3683 1468 3805 'Elslatllem
1486 3691 1674 3812 scriptores
1695 3712 1774 3795 post
1792 3695 1993 3794 Apostolos
2010 3716 2132 3788 tuerun

117 3799 246 3868 ciatum
275 3807 326 3862 est
353 3816 432 3860 eum
459 3812 534 3858 esse
555 3789 699 3859 iustum.
759 3790 809 3860 lta
835 3786 895 3860 hic
926 3794 1106 3863 iustificari
1157 3784 1449 3873 n‘ssltsst’sslwt‘eS,
1496 3807 1613 3912 lamen
1643 3802 1821 3870 interdum
1859 3811 1950 3898 quid
1980 3821 2133 3889 senserint

115 3896 281 3969 homines
306 3906 452 3985 propter
485 3891 744 3972 mediatorem,
786 3908 836 3963 est
862 3894 1018 3984 accipere
1046 3920 1107 3965 eos
1155 3890 1357 4007 oflendunt·
1408 3888 1542 4009 Estque
1571 3898 1704 4016 dictum
1733 3898 1913 3978 Bernardi
1945 3923 2130 3999 tenendum,

115 3999 359 4071 remissionem
386 4007 627 4084 peccatorum,
672 4006 706 4061 et
730 3996 959 4081 pronunciari
984 3999 1105 4079 iustos,
1155 3988 1237 4080 qula
1263 4004 1505 4109 ¹⁰⁸l¹¹ll⁰¹¹¹l¹m
1532 4022 1755 4088 P⁰l⁵ll¹⁰¹¹¹¹m
1782 4020 1854 4090 ⁸³1,
1888 4027 1923 4082 et
1951 4021 1999 4089 ad
2024 4025 2129 4092 conis·

114 4105 152 4173 id
171 4114 241 4181 est,
268 4096 424 4188 reputari
442 4097 553 4163 iustos
567 4116 629 4162 seu
645 4109 804 4184 acceptos
821 4112 965 4187 propter
978 4100 1104 4187 ipsum,
1154 4091 1304 4206 “landos
1322 4093 1460 4187 sltqnos
1477 4100 1631 4186 prodest.
1654 4204 1662 4218 ·
1682 4100 1831 4221 liecesse
1858 4128 1911 4184 est
1937 4123 2052 4209 primo
2070 4149 2129 4194 om-

114 4207 285 4294 imputata
310 4199 415 4268 nobis
439 4197 578 4265 iusticia
607 4197 728 4286 ipsius.
781 4194 931 4269 Etcum
957 4194 1105 4270 haeae·
1156 4214 1256 4259 mum
1277 4197 1554 4318 credere‚·qnod·
1576 4225 1817 4323 remissionem
1833 4234 2060 4302 peccatorum
2080 4223 2127 4293 ha·

114 4308 312 4396 captatione
338 4300 529 4370 coniuncta
557 4311 608 4367 est
637 4298 782 4368 donatio
809 4296 964 4390 Spiritus
993 4304 1104 4372 sancti
1152 4293 1235 4361 bere
1259 4319 1333 4363 ⁰0¹¹
1360 4321 1489 4388 poem,
1518 4325 1586 4371 n¹⁵¹
1612 4329 1674 4395 per
1690 4309 1953 4399 indulgentiam
1977 4322 2059 4411 Dei,
2081 4329 2125 4397 scd
2178 4386 2180 4397 ,

113 4422 147 4478 ep
173 4407 265 4475 ,ipae
291 4417 463 4472 ammae,
1152 4395 1261 4511 adde,
1287 4410 1325 4467 ut
1344 4403 1465 4470 credas
1483 4416 1516 4471 et
1532 4399 1619 4485 hoc,
1653 4412 1747 4499 qnod
1771 4435 1836 4502 per
1859 4417 1978 4509 ipsum
2009 4443 2124 4518 peccata
2177 4484 2180 4527 :

212 4504 259 4575 Et
274 4506 312 4572 bt
328 4505 438 4591 magis
457 4501 681 4591 perspicuum
698 4501 910 4571 vocabulum
930 4500 1103 4586 iusticiae,
1153 4495 1433 4574 llb¹d0¹1³¹¹lIffi
1486 4501 1917 4607 floceslfflllmonlum,
1946 4531 2040 4619 quod
2061 4553 2124 4623 per·
2177 4589 2180 4628 ,

111 4634 192 4680 cnm
218 4606 427 4694 significatio
451 4602 600 4671 Parilina
617 4604 830 4672 discernitur
846 4628 864 4670 a
883 4607 997 4673 modis
1020 4602 1102 4696 phi.
1151 4590 1251 4667 hibet
1271 4597 1426 4690 Spiritus
1449 4620 1590 4676 sanctus
1611 4609 1651 4676 in
1671 4615 1886 4731 cordetuo,
1914 4627 2049 4701 dicem:
2071 4628 2122 4701 ni.
2177 4668 2180 4732 Ε

109 4706 314 4801 losupbicis.
366 4705 456 4774 Nam
472 4702 589 4773 lustns
605 4729 703 4774 more
727 4701 973 4795 philosophico
991 4709 1103 4797 signi.
1151 4699 1255 4768 missa
1275 4718 1355 4771 sunt
1374 4706 1437 4772 tibi
1463 4723 1602 4796 peccata
1624 4723 1696 4786 tua,
1740 4712 1807 4807 Src
1831 4723 1930 4794 enim
1953 4733 2120 4805 arbitratur
2176 4796 2180 4834 ἑ

111 4817 189 4884 licat
207 4808 395 4879 habentem
414 4829 476 4875 seu
491 4806 669 4874 iusticiam
687 4807 923 4875 universalem
941 4831 1001 4878 sen
1021 4834 1101 4901 par·
1150 4796 1695 4890 AP⁰⁸l⁰¹¹1⁵Grallsffusllficarl
1726 4810 1912 4894 hminem
1947 4835 2117 4922 perfidem.
2175 4895 2180 4939 ζ

112 4916 308 4986 ticularvm.
362 4908 432 4980 Sed
452 4907 625 5000 quianon
650 4932 771 4976 sumus
789 4909 873 4977 insti
890 4934 1007 4978 coram
1026 4912 1101 4983 Deo
1148 4898 1245 5020 ῌθθξ
1270 4906 1375 4975 verba
1400 4923 1518 4980 extant
1543 4911 1580 4980 in
1598 4915 1710 5004 prima
1734 4922 1910 4996 concione
1929 4934 1975 5003 de
1998 4959 2114 5006 annun·
2175 4946 2177 4958 '

110 5016 321 5108 impletione
352 5011 456 5100 legis,
490 5010 569 5079 ideo
591 5011 628 5077 in
644 5006 841 5097 Evangelio
863 5013 1102 5083 annunciatur
1149 5018 1313 5074 ΰιὸῑιῡῦθ·

109 5120 177 5188 alia
200 5114 359 5193 iusticia,
399 5110 532 5180 seilicet
554 5111 713 5180 remissio
740 5125 960 5201 peccatorum
987 5128 1021 5183 et
1044 5140 1101 5184 re·
1251 5120 1306 5191 Sit
1334 5122 1442 5213 igitur
1468 5126 1738 5206 definitiobdei.
1782 5137 1892 5215 Fides
1907 5164 1960 5220 est
1973 5174 2116 5230 assensus,
2175 5204 2180 5243 ᾗ

110 5217 312 5288 conciliatio
330 5226 474 5304 propter
488 5211 600 5282 filium
618 5210 697 5283 Dei.
728 5210 899 5283 ¹Necesse
917 5228 968 5283 est
992 5217 1101 5304 igitur
1148 5244 1219 5312 qno
1242 5223 1489 5312 amplectimur
1517 5243 1627 5302 totam
1656 5238 1856 5312 doctrinam
1890 5252 2011 5324 aDeo
2034 5255 2113 5324 nohis
2175 5307 2180 5345 a

109 5317 402 5409 significationem
429 5316 592 5384 vocabuli
615 5313 851 5385 discerneres
873 5313 1099 5409 philosophi·
1147 5323 1381 5412 traditam,et
1397 5326 1435 5396 in
1453 5322 1518 5402 hac
1533 5337 1806 5426 promissionem
1825 5343 1975 5425 Gratiae
1990 5378 2113 5451 qnoque,
2175 5388 2179 5446 ³.
