4522 5782
28 214 119 291 ssa
413 207 523 293 au
572 204 1399 287 samasrrorurvaue.roaua1s
1428 160 1560 293 'cae
1584 214 1667 291 xv.
1999 216 2080 295 aas

32 408 103 461 eos
125 380 312 467 Christos,
343 382 526 480 inquiente
552 380 694 454 Patrem
715 382 901 457 coelestem
925 383 1027 471 scire,
1077 403 1237 475 pugnare
1251 404 1332 455 cnm
1346 381 1541 483 praeceptis
1558 383 1644 471 Dei,
1676 400 1711 460 et
1726 412 1816 484 quse
1832 386 1927 461 ritae
1946 412 2072 463 ncces-

35 514 77 565 ac
92 489 216 561 sidere
229 486 363 581 qrribus
375 489 484 561 rebus
498 485 603 558 nobis
616 508 707 578 opos
719 486 784 570 sit,
809 500 874 558 etr.
1077 484 1169 555 saria
1185 497 1289 571 sunt,
1313 485 1373 577 pie
1389 499 1423 556 et
1437 501 1529 557 recte
1545 488 1615 580 peti
1631 503 1666 561 et
1682 492 1832 581 petenda
1853 514 1938 563 esse.

137 590 232 662 Cum
247 589 439 679 igiturnos
453 590 742 660 commendamus
758 585 856 673 Deo,
891 599 1027 657 mentes
1177 583 1274 658 Haec
1296 588 1341 657 de
1364 590 1568 678 precatione
1590 592 1749 663 breviter
1772 590 1839 664 hoc
1861 593 1941 667 loco
1964 616 2069 685 repe·

36 693 167 765 fiducia
180 691 401 785 praesentiae
418 704 453 764 et
477 690 599 761 anxilii
615 687 705 771 Dei,
738 691 829 760 liunt
849 690 1026 782 tranquil·
1056 687 1154 761 tivi.
1216 688 1311 777 Quia
1340 688 1491 779 insignis
1514 694 1708 782 promissio
1723 695 1760 763 in
1784 690 1853 765 hoc
1874 708 1971 767 textu
1993 710 2069 767 tra·

37 794 264 881 lae,etismsi
279 816 462 887 nunquam
479 793 562 864 satis
575 792 807 883 intelligimus
821 791 906 883 ipsi,
920 815 1026 884 quarn
1056 790 1150 870 ¹dita
1173 803 1237 861 est.
1287 788 1371 861 Dixi
1396 807 1513 863 antem
1536 788 1594 864 hic
1617 797 1769 867 describi
1793 794 2006 883 Ecclesiam,
2032 813 2067 869 et

36 894 377 969 multisetdiversis
392 893 676 992 rebusopussit.
719 891 1027 964 Hincsuntsum·
1077 892 1147 961 dici
1168 894 1215 962 de
1237 892 1483 975 invocatione,
1517 917 1609 988 quae
1630 913 1682 969 est
1707 900 1918 991 praecipuus
1940 899 2068 975 cultus.

37 1015 91 1073 ne
105 997 279 1081 fabellae,
314 997 444 1090 quibus
460 995 643 1067 deridetur
659 989 813 1067 bumana
840 994 1027 1087 sapientia,
1076 992 1182 1064 Nunc
1204 994 1349 1065 additur
1377 1008 1412 1066 et
1443 994 1534 1066 alius
1556 999 1694 1086 cultus,
1733 1001 1865 1072 scilicet
1892 1023 2067 1094 propaga·

37 1124 116 1171 enm
133 1098 274 1171 abiecta
292 1098 377 1183 lide,
400 1097 521 1169 omnia
537 1097 736 1190 perspicere
752 1097 847 1182 vult,
876 1122 957 1167 curn
981 1096 1027 1166 sit
1077 1095 1129 1167 tio
1142 1095 1345 1183 doctrinae,
1371 1110 1409 1170 ct
1424 1098 1611 1172 consessio.

36 1198 198 1275 bominis
227 1200 379 1271 fideliler
410 1199 543 1270 servire
573 1198 772 1285 vocationi,
798 1213 834 1271 et
860 1198 1027 1290 pericula,

35 1326 77 1377 sc
95 1301 241 1389 medie,
272 1324 365 1393 quae
386 1300 537 1373 consilio
559 1315 682 1372 nostro
703 1324 779 1371 non
801 1302 885 1373 satis
906 1322 1027 1390 regere

34 1426 245 1501 possum,
283 1400 363 1475 Deo
392 1406 660 1490 commendare,
697 1416 732 1474 et
754 1403 823 1473 tide
844 1416 1026 1502 expectare
1178 1394 1379 1490 Diligenter
1393 1402 1556 1475 observet
1570 1405 1680 1477 lector
1695 1407 1734 1478 in
1751 1401 1818 1479 hac
1828 1401 2067 1498 descriptione

34 1530 157 1579 rernm
190 1504 298 1577 nobis
333 1506 535 1593 ignotarum
574 1505 886 1595 gubernationem,
936 1504 1028 1576 sicut
1078 1498 1274 1589 Ecclesiae,
1300 1503 1518 1574 mentionem
1533 1506 1610 1576 lieri
1625 1508 1778 1579 duorum
1794 1511 2065 1603 praecipuorum

34 1606 170 1685 Psslm.
189 1608 254 1683 26.
282 1606 416 1704 inquit:
447 1603 669 1679 Commendo
691 1604 769 1678 Deo
800 1607 894 1678 viam
917 1620 1028 1690 tuam,
1078 1603 1259 1689 cultuum,
1283 1604 1346 1697 qui
1361 1619 1446 1677 sunt
1465 1609 1602 1699 proprii
1617 1605 1813 1695 Ecclesiae,
1844 1610 1979 1682 scilicet
2003 1634 2065 1679 vc-

34 1709 170 1804 etipse
189 1709 305 1781 faciet
363 1708 456 1782 Nota
478 1722 531 1781 est
551 1709 680 1781 labella
705 1710 751 1780 de
778 1708 931 1795 rustico,
968 1707 1027 1778 cui
1077 1728 1139 1776 rae
1161 1705 1417 1789 invocationis,
1450 1722 1484 1780 et
1504 1711 1706 1793 doctrinae,
1739 1734 1801 1783 seu
1824 1711 2067 1787 consessionis.

33 1808 130 1883 Dens
163 1822 384 1883 concesserat
413 1823 532 1902 petere
559 1822 780 1902 tempestates
803 1810 969 1896 idoneor,
997 1809 1028 1879 is
1079 1806 1154 1877 Hos
1172 1806 1394 1880 duoscnltus
1415 1809 1490 1881 sola
1505 1807 1662 1884 Ecclesia
1686 1814 1872 1904 intelligit,
1905 1827 1940 1884 et
1961 1836 2066 1904 prae-

32 1928 155 1988 nmen
167 1913 277 2001 utiles
290 1929 414 1986 ventos
429 1927 550 2006 petere
568 1913 703 1984 oblitus
721 1926 810 1986 erat.
1078 1923 1163 2000 stat,
1190 1923 1345 1980 caeterae
1359 1925 1480 1999 gentes
1504 1927 1653 2002 possunt
1674 1908 1804 1986 habere
1826 1915 1914 1987 elias
1934 1914 2067 1985 multas

1078 2012 1244 2093 virtutes,
1268 2024 1310 2083 ut
1324 2035 1492 2101 magnum
1510 2012 1616 2085 decos
1642 2015 1821 2103 iusticias,
1846 2016 2015 2087 castitatis
2030 2028 2066 2088 et

1079 2113 1271 2184 modestiae
1283 2113 1352 2186 luit
1374 2115 1413 2184 in
1427 2112 1602 2203 Aristide,
1634 2116 1822 2208 Scipione,
1854 2120 1915 2187 sed
1939 2115 2065 2188 delue-

1078 2229 1163 2286 runt
1180 2216 1360 2287 invocatio
1378 2241 1459 2286 vera
1474 2214 1559 2303 Dei,
1585 2231 1621 2291 et
1642 2220 1847 2311 propagatio
1869 2219 2063 2294 doctrinae.

1255 1259 1306 1336 Io
1324 1258 1393 1338 Isos
1403 1261 1640 1362 glorificatur
1653 1277 1762 1369 poter
1774 1292 1887 1348 meus.

132 2062 305 2137 Petamus
318 2062 446 2157 igitur,
474 2077 511 2137 et
524 2063 720 2156 corporalia
735 2062 847 2154 bona,
881 2062 967 2158 quia
988 2062 1025 2134 id

32 2165 208 2259 praecipit
227 2162 346 2257 Deus,
386 2178 420 2236 et
450 2164 595 2260 quidem
627 2180 772 2259 propter
807 2161 870 2236 has
894 2189 1026 2248 causas,

35 2267 111 2338 sult
128 2288 199 2340 nos
213 2289 420 2358 agnoscere,
445 2290 519 2336 non
535 2290 617 2337 casu
633 2280 693 2339 aut
714 2267 868 2339 naturali
889 2268 1016 2338 ordine

38 2370 113 2440 sine
126 2368 201 2443 Dei
218 2392 285 2461 ope
300 2369 404 2439 nobis
419 2368 624 2459 corstingere
640 2370 770 2455 vitam,
793 2369 948 2455 victum,
971 2322 1027 2437 vi:
1078 2316 1155 2435 “9⁰
1169 2317 1359 2388 ‘linimen
1374 2315 1573 2406 E⁶⁶¹⁶⁸l³²a
1587 2335 1622 2394 ⁶¹
1637 2316 1896 2407 Elhsslfflfflms
1917 2344 1981 2392 ⁸0¹1
1993 2320 2065 2390 i¹¹¹·

36 2492 92 2542 res
118 2471 301 2562 corporis,
339 2471 542 2541 felicitatem
566 2470 779 2557 liberorum,
810 2470 923 2541 bonos
947 2494 1025 2541 suc·
1077 2443 1238 2589 ἵππι’
1263 2439 1371 2538 ,ωερε
1394 2424 1625 2543 ’θρθῑεῃόῗω
1645 2437 1717 2510 ⁰⁸¹²
1750 2436 1791 2496 ¹²¹
1813 2446 1879 2544 ’Ψ
1901 2422 1996 2516 il'⁸⁰⁸
2017 2424 2063 2492 ad

38 2594 153 2643 cessus
168 2572 402 2643 consiliorum
418 2573 456 2641 in
472 2568 616 2664 Rarus.
630 2585 664 2644 ct
681 2573 909 2659 oeconomia,
936 2574 1027 2643 sicut
1104 2544 1143 2589 ⁰⁸
1161 2543 1366 2611 mmmm
1380 2523 1495 2596 ‘⁰¹¹⁰‘
1509 2537 1711 2612 “memma
1724 2546 1766 2595 ⁸⁰
1779 2538 1820 2596 ¹¹²
1834 2549 1902 2595 ¹³¹⁰
1920 2526 1964 2594 de
1980 2548 2065 2617 ΡΝ·

37 2673 143 2745 na.
160 2673 385 2746 uorsus
410 2670 508 2745 »ω’
523 2687 574 2747 0⁸¹
588 2673 661 2746 aa
678 2688 758 2762 ιω,
789 2690 825 2747 ²²
839 2674 1025 2795 ¹⁰¹¹si¹¹f¹⁰
1076 2623 2064 2820 stillalllllsadtttttlatitabit:

40 2774 174 2895 di‘mm
189 2786 345 2895 ¹¹¹⁰'⁰¹'.'·
396 2773 536 2846 Deinde
550 2787 746 2899 “aaut“
761 2772 848 2863 Μ’
865 2799 1026 2897 ‚pwmn'
1075 2827 1170 2916 gelii.
1227 2822 1385 2899 Maxima
1414 2851 1495 2921 pars
1523 2831 1663 2921 generis
1692 2825 1841 2901 humani
1862 2829 2064 2899 doctrinam

44 2900 139 2947 saone
153 2876 395 2968 corporalium
408 2875 606 2963 bonorum,
631 2902 668 2948 se
693 2902 731 2948 ιιι
753 2872 821 2948 lrac
839 2894 912 2949 vrta
934 2902 1026 2948 sem·
1075 2925 1262 3017 Evangelii
1291 2943 1520 3022 „pernam”
1560 2944 1728 3027 mquam
1748 2931 1968 3015 fabulosam,
2005 2944 2063 3025 ty·

42 3002 100 3070 μ’
114 2979 273 3075 ”liquam
294 2975 489 3049 &daim
518 2995 740 3051 “mmmm
764 3001 856 3066 Μ’
888 2981 924 3050 id
949 2980 1025 3050 vult
1076 3032 1182 3100 renni
1201 3029 1305 3101 multi
1325 3031 1431 3102 etiam
1449 3033 1569 3102 delere
1590 3057 1667 3102 eam
1689 3047 1885 3118 conantur,
1925 3032 2063 3125 reliqua

41 3079 151 3165 Μ’
191 3094 227 3151 ‘²
258 3074 325 3150 Μ
355 3080 482 3152 Μαί,
513 3103 581 3152 ¹¹⁰³
602 3102 797 3175 mmm
816 3082 1026 3166 ‘mmmm’
1077 3132 1269 3202 multitudo
1285 3154 1359 3201 non
1374 3133 1489 3204 solum
1512 3147 1608 3205 extra
1622 3131 1838 3219 Ecclesiam,
1869 3133 2063 3204 sedetiam

9 3156 18 3271 l
42 3204 102 3253 ¹¹oe
127 3180 377 3272 menum
405 3182 522 3256 ’Μὴ
552 3206 593 3255 ⁸⁶
614 3182 908 3274 mmmmm
934 3182 1025 3301 abii·
1076 3233 1114 3302 in
1131 3232 1287 3303 Ecclesia
1305 3233 1452 3324 negligit
1474 3234 1653 3308 ministros
1676 3249 1711 3309 et
1732 3237 1848 3308 studia
1864 3230 2064 3325 Evangelii,

44 3306 125 3355 ω’·
177 3280 318 3405 :rmj‘i
337 3284 426 3403 ”¹¹²
453 3281 697 3405 ‘fiamfidem
728 3285 1026 3405 “wndiiffim
1077 3358 1156 3405 cum
1175 3331 1268 3406 hanc
1282 3335 1434 3427 primam
1454 3360 1575 3407 curam
1596 3338 1759 3409 omnium
1784 3339 2064 3429 gubernatorum

9 3446 12 3469 ¹
46 3406 190 3457 “m
212 3398 384 3477 ''mum'‘
404 3387 655 3479 ‘mmmmm‘
714 3383 798 3459 ΝΜ
821 3410 917 3457 ‘mm
942 3409 1024 3479 Μ’
1076 3451 1111 3509 et
1140 3438 1303 3508 omnium
1327 3432 1514 3509 hominum
1543 3460 1617 3510 esse
1636 3440 1855 3534 oportuerit,
1887 3438 2065 3522 videlicet,

9 3516 12 3581 ἶ
47 3499 119 3560 '¹²¹¹‘
147 3486 349 3580 “mmm
376 3487 466 3579 'mi’
501 3488 572 3559 ”¹⁸³
604 3487 830 3582 ‘'mlum'‘
857 3484 923 3560 ¹¹³⁰
946 3490 1026 3572 θόρ’
1077 3553 1116 3610 ut
1131 3538 1320 3609 consilium
1337 3551 1372 3609 et
1385 3563 1530 3632 operam
1544 3562 1610 3611 suo
1629 3541 1782 3636 quisque
1803 3541 1883 3613 loco
1903 3541 2063 3611 conserat

9 3600 12 3621 Ι
49 3590 135 3679 ³⁰⁰⁶
153 3588 259 3661 ΒΜ
278 3613 345 3661 ¹¹⁰⁸
367 3588 534 3681 ‘effipia’
567 3590 748 3678 ⁰¹⁸⁰th
782 3603 889 3663 ‘um'
947 3589 1025 3662 De'
1076 3643 1121 3710 ad
1138 3640 1363 3712 retinendum
1378 3642 1615 3715 ministerium
1629 3639 1834 3735 Evangelii,
1859 3644 1899 3713 in
1920 3641 2063 3733 publica

48 3690 146 3785 'liu‘
161 3692 388 3811 ‘md‘m‘f
401 3689 520 3812 ,ΒΜ
533 3716 607 3813 ¹¹⁰¹}
624 3715 829 3813 P⁰⁸f¹¹m⁰⁸2
854 3693 1024 3834 fluicwid
1077 3742 1386 3813 administratione
1404 3741 1664 3826 Ecclesiarum,
1703 3748 1747 3816 ad
1771 3746 1923 3816 fovenda
1944 3742 2062 3815 studia

8 3624 230 4035 ΙΝΜΜῙ
247 3804 317 3877 ‘⁸⁸’
342 3816 411 3863 '¹¹⁸¹
429 3793 717 3867 fidemednwm
733 3790 879 3869 chum·
927 3792 1026 3864 Hm
1077 3845 1270 3914 necessaria
1292 3840 1489 3932 Ecclesiae,
1515 3848 1778 3932 administros,
1810 3848 1993 3929 doctores,
2026 3857 2062 3914 et

1077 3947 1268 4039 discipulos
1283 3948 1433 4018 tuendos
1450 3961 1483 4019 et
1507 3948 1663 4021 alendos.
1715 3946 1812 4019 Haec
1837 3947 1951 4018 officia
1974 3966 2062 4018 con·

1077 4064 1145 4120 stat
1168 4049 1207 4118 in
1228 4049 1387 4141 imperiis
1409 4063 1443 4122 ct
1457 4050 1663 4123 civitatibus
1677 4074 1697 4120 a
1711 4049 2007 4140 gubernatoribus
2027 4062 2064 4119 et

1077 4177 1095 4220 a
1112 4151 1258 4243 privatis
1274 4152 1402 4243 passim
1416 4152 1565 4243 negligi,
1590 4177 1665 4222 non
1681 4151 1804 4244 quaeri
1825 4152 1975 4221 idoneos
1998 4174 2062 4242 pa·

50 3892 105 3964 tria
137 3894 218 3965 vult
241 3891 338 3965 Deus
361 3918 500 3987 semper
528 3894 567 3965 in
596 3897 766 3988 petitione
787 3897 1025 3988 corporalium

8 4044 14 4079 ,
50 3995 202 4087 cogitari,
233 4009 268 4067 et
281 3996 425 4067 accendi
441 3997 545 4068 lidem
558 3994 646 4069 haec
661 4002 880 4083 credentem,
913 3995 1025 4068 aDeo

47 4198 174 4275 ''M'‘
233 4196 287 4271 1¹⁸
318 4200 444 4293 ''effi‘'
474 4201 713 4295 mmmmm
743 4204 781 4273 fit
812 4202 928 4272 cuum
951 4202 1025 4321 1.)οο
1078 4272 1187 4325 stores
1201 4248 1388 4340 Ecclesiis,
1421 4278 1494 4324 non
1516 4255 1596 4324 dari
1618 4254 1812 4336 mercedes,
1842 4274 1904 4323 scu
1925 4252 2063 4343 stipen-

48 4298 190 4389 placens.
240 4298 302 4373 Sic
314 4302 516 4394 petiverunt
530 4326 655 4375 omnes
667 4304 779 4377 sancti
795 4328 1025 4375 necessariam

48 4402 281 4474 defensionem
314 4416 349 4475 et
377 4406 690 4491 stretentationem,
729 4408 814 4476 inde
844 4428 957 4500 usque
980 4407 1026 4476 ab

48 4504 174 4673 ὲᾱιω,
215 4516 251 4577 et
277 4518 398 4599 petent
427 4505 466 4577 irs
496 4502 562 4580 bac
590 4508 734 4580 mortali
756 4508 828 4581 vita
847 4532 960 4603 usque
980 4510 1026 4579 ad

67 4628 156 4683 omn.

1077 4357 1135 4425 dia
1159 4355 1368 4439 mediocria,
1408 4379 1482 4426 non
1502 4356 1597 4445 adigi
1622 4354 1843 4425 inventutem
1864 4342 1913 4423 Ed
1944 4354 2063 4424 studia

1078 4459 1269 4527 necessaria
1294 4453 1470 4526 Ecclesiae
1490 4455 1577 4540 Dei,
1617 4457 1689 4525 imo
1711 4457 1826 4546 regiae
1847 4454 1949 4525 aulae
1968 4478 2063 4524 rner-

1077 4562 1178 4629 cedes
1196 4559 1332 4627 debitas
1346 4557 1552 4629 doctoribus
1569 4555 1775 4648 Evangelii,
1799 4558 1835 4628 id
1854 4570 1924 4644 est,
1947 4579 2062 4627 sacer-

7 4728 12 4755 ,
1076 4660 1173 4731 dotia
1192 4659 1229 4728 in
1243 4658 1400 4746 collegiis
1412 4660 1613 4734 attribuunt
1629 4660 1695 4747 iis,
1718 4683 1873 4756 quorum
1889 4683 1997 4752 opera
2022 4657 2062 4728 in

7 4762 11 4779 '
137 4759 213 4833 Hic
242 4758 400 4831 breviter
426 4760 557 4834 adiicio
582 4764 718 4836 dictum
744 4766 777 4838 1.
801 4762 946 4836 loannis
968 4763 1026 4835 ul·
1075 4765 1156 4834 foro
1168 4773 1202 4831 et
1219 4760 1375 4851 profanis
1390 4763 1543 4853 negotiis
1557 4776 1719 4838 utuntur.

50 4858 142 4935 limo:
166 4860 314 4957 Siquid
337 4862 567 4954 petiverimus
588 4869 783 4938 secundum
806 4867 1026 4938 voluntatem
1176 4860 1273 4932 Haec
1287 4875 1424 4933 tantum
1440 4887 1483 4935 eo
1498 4865 1626 4949 recito,
1657 4878 1698 4936 ut
1712 4864 1847 4936 dictum
1864 4857 1973 4934 huius
1987 4876 2062 4933 tes·
2156 4878 2166 4887 ·

6 4992 14 5041 ι
50 4961 132 5051 dos,
154 4964 301 5038 uendit
322 4987 402 5039 nos.
453 4961 496 5037 ln
516 4962 585 5039 boc
608 4970 704 5041 dicto
725 4985 846 5041 monet
863 4967 1024 5052 loannes,
1076 4979 1133 5038 tns
1149 4964 1290 5057 proprie
1306 4964 1546 5056 intelligatur,
1571 4981 1604 5039 et
1627 4967 1672 5036 ad
1694 4988 1798 5036 nsum
1819 4963 2063 5040 accommode·

6 5104 11 5157 ς
49 5084 86 5136 se
102 5078 266 5161 petamus
287 5087 346 5136 res
368 5064 482 5139 eDeo
494 5065 718 5159 prohibitas,
748 5084 790 5144 ut
810 5069 928 5143 David
951 5092 1026 5140 non
1076 5084 1157 5158 tur,
1191 5066 1320 5153 idest,
1360 5061 1427 5138 hac
1446 5092 1532 5139 voce
1552 5091 1756 5140 accusemus
1777 5079 1967 5161 tyrannos,
1999 5065 2063 5158 qui

6 5162 10 5241 l
50 5162 280 5254 stlatalleo,
303 5181 346 5239 ut
361 5167 463 5241 tollat
477 5168 620 5259 Uriam,
645 5185 680 5244 et
696 5184 815 5244 tamen
829 5172 869 5242 in
889 5172 1025 5244 mundo
1076 5171 1195 5242 delere
1215 5168 1453 5243 ministerium
1473 5166 1661 5262 Evangelii
1684 5182 1882 5253 conantur,
1916 5181 1951 5239 et
1972 5166 2065 5239 alios

5 5280 9 5359 ξ
48 5259 252 5343 bsecrotaa
267 5269 571 5345 melisaffectibus
588 5287 666 5346 orta
682 5274 907 5346 usitatissima
931 5286 1025 5345 sunt.
1076 5273 1139 5367 qui
1159 5272 1355 5363 negligunt.
1413 5269 1487 5343 Nos
1509 5297 1596 5344 vero
1620 5272 1809 5342 excitemus
1836 5270 1881 5340 ad
1913 5269 2065 5342 audien·

49 5366 108 5443 tet
128 5373 181 5469 pii
201 5371 381 5446 admoniti
404 5373 536 5465 sciant,
566 5376 774 5470 petitionem
798 5401 873 5449 nou
897 5377 1025 5448 debere
1076 5377 1181 5462 dum,
1205 5374 1431 5461 discendum,
1454 5374 1644 5446 colendum
1660 5369 1914 5462 Evangelium,
1930 5373 1973 5443 ad
1991 5388 2065 5445 stn-

7 4130 21 4713 }
49 4110 234 4184 petentem,
260 4112 293 4169 et
309 4094 427 4169 Deum
439 4098 675 4171 celebrantem
691 4115 835 4192 propter
859 4097 944 4170 baec
963 4103 1026 4170 be-
