4522 5782
103 164 224 249 m
339 166 445 247 lllll.
493 162 1043 245 ⁵.unta1tartottr1sr.
1070 158 1317 243 aructat>
1338 160 1698 293 comsaunsus,
1746 178 1854 267 CAP.
1879 185 1928 271 ΙΙ.
2045 182 2151 283 m

107 352 201 415 ω
222 340 568 427 corsica-aelerna,
608 354 644 414 et
668 340 871 417 immediate
891 340 1109 434 conspicitur
1151 358 1252 431 quae
1271 335 1624 421 ira-nubisineoatar
1645 343 1878 444 inbaceita,
1893 374 1938 439 'et
1955 360 2143 449 samm

104 442 162 517 lb
178 440 245 513 eis.
295 438 343 513 Et
359 466 563 537 quanquam
581 454 656 514 non
669 444 819 515 discedit
834 444 880 513 ab
896 442 972 527 eis,
988 457 1105 513 tameo
1157 453 1403 521 consummate
1425 455 1507 531 pust
1526 441 1620 517 banc
1642 450 1762 529 vitam.
1829 457 1889 532 Fit
1910 468 2026 541 autem
2053 470 2141 549 baec

107 544 215 617 adet
234 554 374 615 tautum
397 546 581 630 societate,
615 544 786 637 etreipss
811 560 863 617 est
886 545 1103 633 separabilis.
1155 539 1295 611 effectio
1323 556 1469 633 propter
1496 548 1724 621 mediatorem
1749 571 1784 629 et
1811 580 1987 648 pereum,
2052 570 2139 657 κω

108 638 171 717 De
191 637 261 717 hoc
282 648 391 715 modo
413 644 565 718 dicitur:
592 644 689 717 Deus
705 647 772 717 erit
788 646 908 716 omnia
931 645 970 713 in
985 646 1103 715 omni·
1153 643 1367 714 nominatim
1390 642 1539 717 dicitur:
1566 645 1609 717 ln
1626 648 1769 727 Christo
1790 670 2023 741 consummati
2045 676 2139 764 estis,
2164 696 2168 703 ·

106 744 201 828 bus,
225 745 363 817 scilicet
384 746 424 816 iu
447 747 581 832 beatis,
608 749 646 818 id
663 761 731 835 est,
755 748 806 821 sir
826 748 894 818 erit
914 746 955 816 in
970 747 1041 828 eis,
1063 764 1103 820 ut
1154 762 1231 817 uun
1246 743 1513 817 meritis-ullius
1535 764 1732 840 creaturae,
1755 780 1830 828 non
1852 764 1948 855 lege,
1971 794 2044 841 non
2063 786 2137 847 m.

107 866 190 917 nun
205 846 252 919 sit
266 846 376 918 simul
397 860 589 938 peccatum.
1152 844 1362 923 ditionibus.
1420 846 1476 916 Ac
1503 871 1641 947 semper
1662 854 1701 925 in
1728 851 1794 929 hae
1816 863 1888 933 vita
1911 874 2063 945 tenenda
2085 891 2138 950 est

104 990 138 1071 ’ᾖ
173 1008 176 1013 ·
209 976 355 1052 Tertius
388 983 517 1053 modus
554 979 762 1053 nominatur
793 980 897 1052 etiam
938 979 1100 1071 specialis
1152 937 1238 1016 Μ
1261 946 1475 1065 “0““91“,Ῑο’
1507 954 1845 1071 q⁰⁰d‚q⁰³¹¹‘l¹¹⁸¹¹¹·
1861 981 1944 1039 ⁸⁰1¹!
1970 970 2009 1041 iu
2032 978 2138 1049 nobis

106 1078 330 1173 mmm,
362 1107 431 1176 qm
454 1099 506 1156 est
525 1084 562 1152 3„
585 1083 714 1153 sanctis
739 1082 776 1150 pn
799 1077 865 1151 hae
885 1082 973 1168 vita,
998 1097 1039 1152 ut
1060 1083 1098 1151 pn
1152 1041 1270 1116 adbuc
1294 1049 1465 1140 reliquiae
1487 1066 1619 1141 peccati
1634 1069 1669 1127 ει
1683 1082 1831 1148 magnae
1852 1071 2136 1158 sordes,.·taraeu

103 1162 268 1268 Doride,
293 1186 584 1277 qua'praesentia
607 1208 681 1254 uon
707 1196 845 1255 tantum
871 1180 1099 1256 servatDeus
1150 1147 1191 1217 ⁵¹¹
1206 1144 1350 1221 Cb¹i⁸¹⁰
1365 1153 1478 1267 ΜΨ,
1495 1163 1726 1275 ωυύωηξῆῧ
1752 1164 2003 1259 ifflP¹¹¹³fi⁰¹¹0s
2029 1189 2071 1248 ul
2090 1182 2135 1251 a'd

101 1285 478 1372 eorumsuasunuas,
503 1287 691 1357 sedetiam
715 1283 1097 1354 efficitiueisuovam
1151 1245 1385 1325 R⁰m⁸¹¹⁰³5·
1409 1253 1559 1325 ⁶¹⁰¹¹¹¹r²
1595 1252 1774 1330 ¹⁰⁸¹¹fi⁶³¹5
1798 1264 1867 1336 fid‘
1888 1292 2009 1360 lmem
2026 1269 2136 1349 habc-

102 1380 226 1455 lueem
244 1389 493 1459 etmotussibi
510 1389 704 1481 placentes,
730 1399 765 1457 et
789 1384 1007 1474 conspicitur
1028 1384 1098 1453 im·
1151 1371 1231 1419 ¹⁰⁰⁸
1262 1353 1356 1440 ³9⁰⁶
1386 1348 1515 1469 Deum:
1585 1353 1738 1432 R⁰¹¹¹³¹¹·
1760 1363 1817 1437 δά
1850 1366 1934 1441 Nou
1964 1375 2049 1448 estis
2069 1382 2137 1453 sub

102 1484 279 1577 mediate,
313 1500 353 1558 ut
385 1488 424 1557 in
455 1490 527 1561 vita
559 1501 723 1573 aeterna,
747 1488 808 1556 sed
844 1510 906 1578 per
939 1488 1097 1561 verbum.
1150 1448 1226 1540 ¹²3⁰
1246 1453 1308 1520 ⁸⁶⁶
1330 1453 1397 1523 ⁵⁰¹¹
1417 1467 1538 1542 ΨΜ·
1604 1456 1801 1538 R⁰¹¹¹³¹·⁸·²
1833 1465 1941 1541 Nulla
1962 1499 2059 1549 nuuc
2083 1495 2135 1555 est

103 1582 214 1657 Hanc
244 1590 475 1680 praesentiam
508 1566 740 1682 separabilsn‘s
774 1610 847 1658 esse
873 1588 1097 1661 manifestum

88 1700 180 1774 cst,
206 1689 303 1761 iusta
319 1690 453 1761 dictum
468 1694 513 1762 de
528 1690 761 1762 redeuntibus
774 1690 818 1758 ad
836 1688 1019 1759 vomitum.

211 1821 370 1911 Quartus
386 1827 512 1896 modus
527 1823 743 1919 praesentiae
761 1837 814 1894 est
826 1823 914 1893 unio
929 1847 1097 1914 persona·

105 1920 175 2008 lis,
207 1947 276 2015 qua
297 1926 430 1996 scilicet
452 1930 606 1998 secunda
634 1948 784 2020 persona
814 1924 1013 1995 divinitatis
1040 1948 1096 1995 as-

104 2025 235 2097 sumsit
254 2021 447 2097 humanam
469 2042 651 2114 naturam,
683 2051 757 2098 non
780 2026 896 2097 solum
916 2026 1097 2117 insepara-

105 2123 253 2211 biliter,
279 2130 338 2198 sed
358 2128 428 2216 ita,
454 2142 492 2201 ut
508 2131 551 2199 sit
569 2153 680 2200 unum
704 2128 918 2218 completum
935 2123 1095 2222 ὑφιστά-

104 2249 228 2321 μενον
243 2228 304 2299 illa
319 2243 443 2301 ualura
460 2227 633 2315 bumana,
655 2243 688 2300 et
710 2222 818 2328 λόγος
831 2250 1012 2297 assumens
1027 2224 1095 2298 hu-

102 2352 251 2399 manam
280 2347 440 2403 naturam
477 2334 752 2425 propemodum,
792 2342 834 2401 ut
874 2329 912 2397 in
950 2331 1095 2403 caeteris

1150 1552 1399 1623 condemnatio
1428 1550 1485 1621 bis
1513 1556 1575 1644 qui
1599 1556 1637 1625 in
1661 1557 1803 1636 Christo
1830 1566 1910 1641 lesu
1940 1578 2135 1654 ambulant.

1150 1653 1257 1723 Item:
1284 1653 1374 1742 Quis
1386 1656 1564 1728 accusabit
1579 1657 1731 1730 electos?
1769 1667 1864 1741 Deus
1884 1680 2012 1770 estqui
2030 1680 2135 1754 iusti-

1149 1754 1244 1828 licat.
1297 1752 1402 1824 ltem:
1430 1751 1592 1827 Christus
1607 1774 1657 1830 est
1676 1766 1712 1831 in
1736 1771 1878 1841 dextera
1899 1779 2008 1865 patris
2023 1779 2133 1853 inter·

1150 1855 1286 1946 pellans
1304 1878 1368 1944 pro
1383 1857 1498 1928 uobis.
1551 1855 1626 1929 lob.
1645 1864 1722 1934 ts:
1748 1865 1899 1943 Etiamsi
1916 1879 2051 1951 occidet
2065 1908 2134 1972 rue,

1149 1956 1297 2048 sperabo
1313 1957 1350 2023 in
1364 1979 1458 2030 eum.
1510 1956 1754 2036 Veruntamen
1775 1971 1851 2041 vias
1873 2000 1969 2049 meas
1992 2004 2056 2073 ego
2076 2008 2133 2056 ar·

1149 2079 1273 2146 guam,
1299 2070 1334 2126 et
1349 2057 1423 2148 ipse
1438 2071 1489 2128 est
1504 2056 1594 2130 mihi
1609 2064 1652 2131 ad
1669 2067 1829 2141 salutem.
1880 2075 1975 2164 Quia
1988 2105 2062 2153 nou
2077 2086 2134 2157 in..

1148 2161 1258 2230 trabit
1280 2182 1397 2228 coram
1419 2182 1461 2228 eo
1484 2162 1601 2231 omnis
1622 2158 1817 2258 hypocrita.
1879 2177 1911 2247 t.
1935 2176 2059 2256 loban.
2074 2185 2131 2261 6.:

1148 2260 1222 2349 Qui
1242 2256 1349 2331 babet
1363 2261 1488 2346 filium,
1505 2256 1613 2335 babet
1630 2268 1748 2343 vitam.
1793 2268 1868 2347 lob.
1885 2277 1936 2348 ds:
1963 2281 2023 2354 Sic
2036 2274 2134 2360 Dens

1148 2362 1273 2433 dilexit
1296 2365 1490 2447 mundum,
1515 2388 1540 2434 u
1562 2366 1676 2437 filium
1696 2394 1800 2441 suum
1824 2378 2044 2467 unigenitum
2069 2389 2133 2459 da.

103 2422 316 2502 hominibus
359 2434 585 2524 copulatione
624 2430 763 2503 animae
797 2446 831 2503 et
863 2433 1022 2524 eorporis
1056 2433 1097 2504 fit
1147 2477 1281 2534 repete,
1312 2458 2135 2575 Etloh.17.:sitditeuioinanqusmedr,

103 2554 224 2603 unum
249 2537 463 2627 completum
493 2531 761 2632 ὑφιστάμενον·
812 2530 904 2602 Ἠιε
928 2534 1095 2605 amilm-
1146 2565 1238 2654 aga.
1288 2561 1355 2633 aaa
1378 2565 1605 2656 amplissimis
1627 2585 1660 2641 a
1683 2575 1897 2649 aureuma
1919 2589 2133 2669 annotato-

100 2634 192 2731 dine
205 2634 262 2705 usi
276 2653 359 2710 sunt
376 2633 610 2724 Athanasius,
636 2634 794 2732 Cyrillus
811 2648 845 2706 ει
860 2632 1031 2711 lustinus,
1147 2667 1254 2736 nibus
1269 2666 1518 2737 confirmemus
1534 2692 1599 2739 nm
1616 2670 1655 2740 in
1675 2673 1915 2766 invocatione,
1942 2698 1977 2758 et
1998 2690 2135 2763 'diunt

207 2768 268 2841 Sic
294 2771 402 2862 igitur
426 2773 645 2862 intelligatur
676 2766 746 2842 boc
781 2771 858 2841 loco
892 2765 1096 2841 inhabitare
1146 2790 1267 2857 gamus
1281 2789 1340 2838 eas
1354 2769 1398 2837 ad
1419 2768 1573 2842 dictum:
1601 2769 1644 2841 ln
1662 2774 1739 2867 ipso
1755 2790 1988 2858 consummati
2002 2791 2097 2864 essia.

104 2873 361 2963 corporaliter,
399 2887 441 2945 ut
471 2876 692 2945 discernatur
715 2871 801 2941 unio
824 2873 1021 2962 personalia
1049 2872 1095 2941 ab

103 2973 190 3043 aliis
214 2976 329 3044 modis
353 2976 588 3068 praesentiae,
623 2974 713 3044 sicut
743 2973 894 3042 dicitur:
935 2969 1094 3043 Verbum

105 3095 190 3145 caro
205 3075 336 3147 sactum
358 3092 421 3147 est.
474 3075 582 3166 Quod
605 3088 721 3145 autem
741 3074 874 3166 inquit:
902 3072 1094 3144 Plenitudo

105 3176 326 3262 diuinitatis,
355 3179 524 3249 discernit
541 3191 576 3248 et
591 3172 663 3246 hoe
678 3176 785 3245 modo
811 3175 924 3244 tilium
946 3176 991 3246 ab
1015 3175 1095 3244 aliis
1246 3169 1413 3246 Declarat
1453 3175 1670 3266 superiorem
1712 3186 1947 3277 particulam,
1987 3191 2032 3263 In
2058 3195 2135 3288 ipso

103 3276 235 3350 beatis.
301 3278 342 3347 ln
369 3280 448 3351 aliis
476 3293 559 3350 suut
589 3276 814 3370 particularia
843 3280 956 3359 dona,
989 3288 1028 3347 ut
1054 3276 1093 3345 in
1148 3276 1384 3346 consummati
1415 3275 1517 3361 estis,
1551 3279 1878 3360 additaantitbesi.
1943 3291 2036 3386 Lege
2060 3291 2134 3369 'uon

105 3374 247 3463 Moise,
265 3378 381 3456 Helia.
423 3380 464 3450 lu
480 3381 555 3449 filio
574 3393 690 3450 autern
708 3392 759 3448 est
773 3377 986 3461 substantia,
1005 3400 1094 3471 quae
1147 3376 1253 3449 eratis
1274 3378 1527 3458 consummati,
1561 3380 1620 3450 sed
1645 3381 1700 3451 lex
1723 3400 1796 3456 erat
1820 3404 1944 3482 typus,
1977 3393 2050 3469 Res
2075 3424 2133 3470 εχ.

101 3492 161 3551 est
184 3485 335 3551 secunda
366 3506 516 3575 persona
545 3479 762 3563 divinitalis,
797 3479 990 3547 immensae
1014 3502 1095 3569 per·
1147 3476 1261 3550 hibita
1277 3491 1330 3548 est
1345 3502 1408 3571 per
1422 3474 1618 3553 Christum.
1669 3480 2131 3586 Circumcisiosiguilicabal

105 3582 296 3667 fectionis,
321 3586 562 3674 omnipotens,
589 3594 623 3651 ει
643 3582 763 3649 efficax
787 3580 826 3648 iu
855 3580 954 3663 aliis,
979 3594 1020 3650 ut
1037 3577 1096 3648 lo·
1147 3579 1381 3651 abiectionem
1410 3582 1569 3671 eorporis
1595 3601 1817 3674 peccatorum
1842 3605 1876 3663 et
1896 3604 2132 3685 regeneratio·

104 3677 247 3754 hanoea
267 3684 401 3775 inquit:
428 3681 482 3753 Ει
503 3682 728 3776 plenitudine
752 3680 827 3750 eins
851 3702 973 3749 omnes
998 3702 1096 3750 acce·
1147 3704 1250 3764 nem,
1275 3674 1340 3749 has
1362 3704 1418 3749 res
1442 3681 1513 3750 iam
1536 3676 1674 3755 habetis
1699 3685 1968 3781 perChristum.
2020 3698 2135 3773 luter.

104 3784 240 3877 pimus.
293 3786 377 3855 Nou
401 3787 509 3874 igitur
532 3785 583 3853 sic
605 3782 825 3871 intelligatur
841 3794 973 3865 textus,
999 3783 1095 3875 quod
1149 3792 1308 3873 pretatur
1331 3803 1413 3873 ergo
1436 3778 1751 3858 Circumcisiouem
1766 3804 1801 3863 ει
1825 3796 1949 3886 repetit
1969 3799 2135 3876 beneficia

104 3898 181 3957 tres
196 3908 364 3974 personae
381 3887 609 3956 assumserint
624 3881 815 3953 humanam
830 3898 1015 3970 naturam,
1036 3884 1096 3953 sed
1149 3879 1304 3968 Christi,
1327 3882 1367 3952 in
1388 3883 1519 3976 quibus
1541 3909 1664 3957 rursus
1683 3903 1863 3986 utrunque
1877 3899 2133 3997 complectitur,

103 3987 297 4079 plenitudo
322 3988 369 4060 sit
396 3987 557 4079 opposita
578 3984 852 4078 particularibus
879 3985 985 4054 donis
1015 4007 1097 4054 san·
1150 3983 1420 4075 imputationem
1443 3985 1601 4055 iusticias
1623 4002 1657 4059 et
1680 3999 1967 4085 renovationem,
1992 4026 2080 4094 quae
2097 4008 2134 4076 in

103 4099 259 4161 ciorum.
1149 4087 1217 4156 hac
1239 4084 1313 4156 vita
1336 4086 1376 4159 fit
1397 4086 1436 4153 in
1450 4090 1705 4178 conversione,
1728 4106 1762 4165 et
1785 4096 1874 4166 duos
1896 4103 2021 4173 modos
2036 4130 2133 4175 corn-

1150 4188 1337 4279 plectitur,
1359 4187 1667 4260 mortificationem
1688 4207 1723 4263 et
1748 4195 2029 4277 vivificationem.
2083 4208 2135 4280 De

1151 4287 1422 4358 mortificatione
1444 4288 1545 4359 dicit:
1571 4291 1666 4362 Estis
1688 4299 1883 4387 consepulti
1905 4326 1983 4372 cum
2008 4330 2048 4377 eo
2071 4334 2134 4400 per

215 4389 280 4465 Est
302 4407 335 4464 et
358 4390 442 4464 baec
464 4390 637 4462 sententia
660 4389 762 4458 valde
786 4386 955 4476 insignis,
978 4399 1099 4478 etop·
1152 4390 1375 4481 baptismum.
1451 4389 1505 4460 De
1533 4392 1766 4465 vivificatione
1791 4399 1928 4492 inquit:
1962 4400 2056 4478 Estis
2080 4436 2134 4481 re-

102 4496 259 4591 ponitur
276 4495 518 4586 imaginatioui
536 4491 718 4584 quaerenti
735 4489 907 4559 iusticiam
921 4489 1098 4580 operibus,
1152 4491 1310 4561 suscitati
1334 4514 1413 4560 cum
1437 4513 1478 4560 eo
1501 4515 1565 4581 per
1591 4495 1695 4563 iidem
1720 4498 1870 4569 efficacia
1894 4504 1978 4574 eius.
2043 4509 2133 4582 Cum

109 4619 177 4669 seu
193 4599 279 4687 legis
300 4600 461 4680 divinae,
486 4618 547 4664 seu
572 4592 823 4674 traditionum,
849 4591 894 4658 de
916 4613 984 4683 qua
1008 4590 1098 4659 ima·
1151 4606 1267 4663 autem
1287 4588 1373 4661 baec
1397 4593 1567 4662 vocabula
1593 4593 1820 4670 Mortificatio
1844 4614 1879 4672 et
1895 4602 2134 4683 Vivificatioa
2173 4665 2178 4673 ,

106 4701 294 4787 ginatioue
315 4714 416 4769 antea
434 4698 524 4767 dixi:
551 4693 664 4762 Nemo
691 4716 753 4763 vos
775 4692 928 4782 decipiat
950 4714 1012 4782 per
1026 4705 1098 4761 tra·
1151 4693 1432 4770 verointellectu
1453 4695 1495 4762 ad
1512 4688 1715 4788 hypocrisin
1733 4715 1957 4775 externorum
1973 4726 2131 4797 gestuum

108 4801 269 4871 ditiones
285 4797 472 4872 humanas.
522 4793 657 4888 Estque
670 4789 865 4866 antithesis.
924 4791 1016 4882 Lege
1031 4788 1098 4861 Dei
1151 4789 1379 4865 amonacbis
1402 4808 1435 4864 ει
1461 4796 1623 4866 fanaticis
1653 4794 1858 4875 bominibus
1886 4808 2021 4880 detorta
2051 4814 2132 4900 siut,

108 4926 189 4973 nou
215 4905 295 4972 estis
321 4898 575 4981 consummati,
613 4897 745 4977 idest,
777 4919 842 4963 uec
869 4893 953 4963 iusti
980 4914 1097 4961 coram
1152 4897 1392 4967 consideretur
1408 4919 1488 4965 vera
1506 4899 1722 4986 significatio.

107 5004 213 5087 Deo,
240 5030 302 5073 nec
326 5004 463 5071 liberati
483 5024 502 5068 a
521 5011 649 5079 mone,
675 5020 739 5064 nec
757 4994 880 5064 donati
898 4995 968 5063 vita
987 5005 1099 5063 aeler-
1256 4995 1304 5069 Ut
1324 5010 1440 5068 autem
1463 4998 1500 5064 in
1525 5002 1691 5073 omnibus
1706 5004 1844 5077 aclibus
1861 5022 1895 5077 et
1914 5012 2062 5098 negotiis
2078 5016 2132 5083 di.

110 5131 180 5191 na,
207 5110 320 5176 multo
339 5108 455 5174 surinus
471 5100 724 5171 traditionibus
741 5093 917 5168 bumanis.
969 5093 1041 5167 Sed
1059 5096 1098 5164 in
1154 5097 1301 5188 ligentia
1330 5100 1522 5168 necessaria
1552 5115 1622 5187 est,
1664 5106 1784 5175 videre
1814 5108 1878 5178 ubi
1909 5135 1962 5179 res
1988 5117 2131 5187 eaedem

110 5206 260 5282 Christo
295 5203 530 5277 consummati
561 5201 664 5280 estis,
696 5199 846 5282 scilicet,
879 5208 913 5266 ει
944 5197 1098 5287 imputa·
1152 5202 1317 5292 pluribus
1334 5200 1630 5293 appellationibus
1646 5204 1857 5293 efferantur,
1885 5223 1919 5278 ει
1935 5228 2027 5284 recte
2047 5242 2132 5301 ιοιι-Ι

88 5294 214 5384 ¹tione
238 5325 270 5381 ει
298 5309 522 5380 restitucione
552 5302 712 5373 iusticias
742 5313 778 5371 et
807 5299 899 5370 vitae
926 5311 1098 5385 aeternae,
1154 5303 1301 5395 iungere
1327 5303 1604 5394 appellationes:
1645 5304 1694 5374 ita
1718 5306 1756 5376 in
1787 5302 1957 5383 hocloco
1987 5317 2136 5390 sciamus

1300 5397 1380 5475 79*

1171 2931 1223 3007 In
1246 2959 1319 3035 qno
1341 2942 1374 3005 et
1399 2931 1710 3013 circumcisions
1733 2945 2003 3027 circumcrsione
2024 2982 2099 3032 non
2170 3002 2173 3007 ·

1473 3062 1589 3109 manu
1605 3042 1718 3140 sacia
1739 3057 1802 3124 ete.
1918 3050 1922 3059 '

307 4255 359 4329 In
377 4256 457 4355 ipso
475 4254 559 4327 estis
575 4249 820 4326 consummati
836 4261 898 4323 etc.
