4522 5782
63 204 140 285 sos
385 296 391 305 ,
458 196 543 299 ιιιι.
601 184 1440 279 amuranuucuvauumaums.
1496 193 1607 275 car.
1635 198 1713 279 tv.
2023 200 2099 285 ros

264 366 371 472 Quia
396 368 507 445 salus
527 393 577 445 er
601 366 761 445 Iudaeas
785 381 852 447 css.
1104 381 1296 462 perpetuae
1315 369 1354 440 iu
1376 370 1515 456 anima,
1545 395 1620 443 non
1647 387 1731 446 suut
1752 370 1918 446 externae
1938 394 2099 445 ummo-

162 492 270 568 Srlus
294 493 480 584 siguificat·
497 489 786 584 prumiuioues,;
810 512 874 562 seu
903 491 1055 562 verbum
1104 473 1207 589 '¹³⁸5’
1243 495 1310 541 Μ
1332 496 1437 564 ⁰P²¹⁸
1467 470 1737 567 Phll⁰⁸⁰t³ffi⁰⁸s
1774 500 1856 547 (ΠΜ
1886 477 2018 571 qulbm
2043 488 2098 547 0⁸¹

60 596 167 669 certis
182 597 397 668 testimoniis
411 594 601 680 traditum,
626 606 660 664 et
675 593 793 685 ipsum
808 592 1055 664 Mediamoem,
1104 587 1293 690 coniuncta
1312 576 1489 646 dubitatio
1512 578 1557 647 de
1580 579 1764 649 voluntate
1786 576 1874 665 Dei,
1912 583 1957 649 de
1979 579 2031 647 ira
2058 590 2095 649 et

59 698 260 771 limeum
279 711 419 768 aeneum
442 711 526 766 ,1010
551 693 710 780 ludaei„
748 692 786 764 id
815 709 886 785 οη,
920 695 1053 787 populo
1104 676 1416 793 demisericordia,
1439 680 1497 747 sed
1517 679 1870 763 suntluxincorde,
1891 703 1960 774 qua
1982 703 2094 771 agno·

56 801 198 873 semei
212 800 364 870 verbum
378 795 462 883 Dei,
487 797 654 868 ,malim
668 818 774 866 ,em
788 794 1054 883 Ecclffigenei,
1103 799 1232 846 scimus
1247 775 1362 847 Deum
1377 803 1459 849 vere
1480 780 1582 850 irasci
1605 797 1766 872 peccato,
1796 805 1879 852 vere
1895 782 2094 875 expavesci-

59 916 96 975 et
107 916 195 973 tuuc
210 901 252 970 iu
267 902 330 971 illa
345 897 500 971 Ecclesia
518 898 658 970 Iudaica
672 920 749 967 uon
767 900 882 970 solum
897 918 971 969 erat
986 923 1054 969 no-
1103 901 1199 962 '⁰¹¹⁸’
1225 892 1260 948 ⁰1
1274 881 1447 950 Stsslimtss
1463 878 1578 951 Deum
1593 906 1667 951 ¹10ss
1683 908 1755 954 ΜΘ
1768 884 1940 967 otiosum,
1970 897 2011 954 ¹¹1
2033 907 2092 953 ¹·st-

58 1004 141 1076 fid,
155 1003 438 1095 pmmiagionum
455 1014 490 1071 et
512 1000 736 1085 mediatoris,
763 1004 823 1070 ,ed
848 1001 953 1072 ,fiam
978 1002 1052 1091 ipse
1102 981 1153 1050 tio
1177 981 1318 1070 cogitat.
1369 980 1508 1052 Deinde
1531 1007 1600 1076 qua
1623 1008 1746 1055 rursm
1766 988 1972 1071 statuimus,
2005 1008 2092 1054 con-

59 1106 235 1177 medinror
252 1106 292 1175 in
315 1129 357 1176 ρο
372 1103 505 1198 populo
520 1115 626 1174 natu,
648 1115 744 1188 em,
776 1104 873 1174 ium
898 1103 1053 1196 promi,-
1101 1083 1319 1172 fugientibus
1334 1086 1379 1154 ad
1395 1086 1623 1154 mediatorem
1640 1088 1773 1159 remitti
1790 1101 1949 1180 peccata,
1974 1100 2011 1158 et
2025 1108 2092 1156 nos

61 1209 190 1280 ,iam
1100 1208 1183 1254 vere
1201 1185 1329 1274 recipi,
1355 1210 1430 1255 non
1445 1186 1575 1276 negligi
1599 1189 1636 1257 in
1660 1191 1817 1261 adversis
1843 1191 1940 1261 etin
1964 1201 2090 1269 moue,

275 1357 283 1376 ,
939 1349 947 1371 ,
1103 1300 1138 1356 et
1166 1287 1374 1356 subiicimus
1404 1312 1468 1358 nos
1492 1287 1589 1374 Deo,
1629 1292 1783 1363 latemur
1810 1315 1878 1362 nos
1905 1290 1939 1360 ei
1961 1291 2091 1361 debere

105 1354 296 1433 samm
310 1351 428 1444 'mm’
453 1364 486 1428 θ’
500 1379 598 1427 ”⁰³²⁶
614 1363 676 1441 ’δι’
702 1346 855 1453 ‘luam
871 1376 944 1425 ‘'⁶'‘
958 1346 1051 1470 “dq'
1101 1388 1340 1458 obedientiam
1364 1391 1401 1458 in
1424 1392 1592 1461 omnibus
1612 1393 1797 1483 operibus,
1838 1392 2091 1464 certaminibus

155 1470 303 1534 ''⁰¹⁰'ss
328 1454 542 1531 “dmm
561 1465 706 1559 Pw‘m
732 1454 867 1555 ‘Phliu
897 1465 928 1526 ⁶¹
959 1478 1052 1527 Μ’·
1101 1503 1135 1560 et
1157 1489 1431 1576 afflictionibus,
1462 1492 1508 1559 ad
1534 1516 1621 1585 quas
1644 1510 1745 1567 vocat
1768 1516 1852 1580 nos,
1880 1508 1913 1565 et
1936 1518 2011 1564 non
2028 1516 2090 1563 su·

155 1571 247 1640 ¹⁰¹⁶·
1100 1592 1281 1681 perbimus
1295 1594 1530 1663 admiratione
1552 1610 1693 1665 nostrae
1715 1597 1926 1695 sapientiae,
1950 1610 2013 1666 aut
2033 1597 2091 1664 iu-

130 1695 252 1791 Supra
271 1693 434 1769 distinxit
447 1690 641 1767 Ecclesiam
663 1717 683 1763 a
705 1690 852 1765 caeteris
874 1691 1051 1781 gentibus,
1100 1693 1241 1777 niciae,
1268 1718 1340 1761 mm
1361 1695 1550 1769 tremimus.
1567 1699 1735 1769 adversus
1756 1700 1869 1769 Deum
1890 1698 1928 1766 in
1951 1698 2088 1790 poeuis,

58 1801 225 1875 etreiecit
240 1798 522 1882 invocationem,
556 1820 647 1892 quae
671 1796 711 1865 lit
732 1809 829 1866 extra
844 1790 1051 1868 Ecclesiam.
1099 1796 1158 1863 sed
1176 1794 1231 1863 illi
1245 1809 1408 1866 aeternae
1423 1796 1595 1867 maiestati
1619 1801 1923 1892 obtemperamus,
1950 1812 1985 1869 ct
2007 1822 2089 1868 sen-

59 1902 163 1974 Nunc
179 1900 283 1972 addit
295 1899 497 1970 doctrinam
511 1900 556 1967 de
570 1921 653 1967 vera
669 1897 904 1979 invocatione,
929 1910 1051 1966 taxans
1100 1897 1208 1967 timus
1224 1911 1370 1989 propter
1396 1898 1511 1968 filium
1534 1922 1601 1970 nos
1622 1902 1778 1993 placere,
1809 1902 1946 1973 etiamsi
1966 1923 2088 1973 sumus

59 2006 165 2075 etiam
178 2000 395 2073 ludaeorum
409 2001 547 2080 cultus,
572 1998 673 2094 qnasi
690 1999 801 2070 dicat:
834 1996 907 2067 Nec
927 1998 966 2065 in
979 1995 1049 2067 Ec·
1098 1999 1252 2087 indigni.

60 2098 323 2179 electuarium
346 2100 514 2173 sacrificia
536 2116 620 2172 sunt
644 2101 718 2170 veri
744 2100 869 2170 cultus.
919 2093 1048 2167 Phari·
1199 2097 1275 2167 Hos
1313 2098 1430 2169 cultus
1471 2099 1657 2171 interiores
1688 2104 1972 2196 complectuntur
2002 2101 2089 2175 haec

59 2208 128 2279 saei
149 2207 326 2297 putabant
346 2203 556 2273 antecellere
575 2226 638 2272 sua
660 2203 845 2285 sacrificia,
881 2201 962 2293 quia
987 2201 1049 2267 lie-
1098 2200 1191 2270 dicta
1214 2198 1356 2269 loannis
1379 2199 1415 2277 4,
1436 2215 1470 2272 et
1499 2202 1557 2276 17.
1578 2228 1669 2296 quae
1692 2219 1861 2298 tanquam
1882 2231 2088 2277 communes

58 2312 144 2379 baut
173 2309 255 2377 loco
282 2308 475 2378 constituto
498 2329 518 2374 a
542 2301 637 2388 Deo,
676 2307 737 2373 sed
763 2305 861 2373 locus
889 2298 981 2372 nihil
1002 2304 1047 2369 ad
1097 2303 1239 2390 regulae
1254 2303 1367 2372 teneri
1391 2304 1541 2388 debent,
1571 2321 1612 2375 nt
1634 2330 1699 2375 nos
1722 2311 1767 2377 de
1785 2310 1939 2400 propriis
1961 2306 2106 2379 Eccle-¹

60 2435 133 2480 rem
146 2410 246 2492 iacit,
269 2406 368 2477 Deus
385 2406 498 2478 voluit
514 2418 608 2475 certo
625 2408 703 2475 loco
720 2406 852 2475 servari
872 2426 931 2474 eos
946 2405 1047 2488 ritus,
1096 2405 1169 2471 siae
1208 2405 1362 2473 cultibus
1398 2407 1630 2488 admoneant,
1679 2423 1713 2479 et
1743 2424 1783 2478 ut
1813 2405 2005 2482 habeamus
2048 2411 2085 2478 in

61 2528 98 2583 ut
114 2523 210 2582 certo
226 2509 391 2593 sciretur,
425 2509 483 2578 cui
503 2509 637 2600 populo
662 2507 833 2578 traditum
854 2520 943 2577 esset
966 2530 1047 2573 ver·
1098 2520 1240 2595 promtu
1256 2507 1437 2597 perspicua
1455 2509 1677 2594 testimonia,
1702 2515 1743 2579 ad
1768 2514 1972 2581 refutandas
1995 2508 2088 2606 pha·

61 2615 141 2683 bum
157 2610 246 2692 Dei,
270 2614 332 2679 sed
346 2612 434 2679 alios
449 2610 600 2678 maiores
615 2610 750 2691 cultus,
781 2632 887 2701 quarn
911 2609 1048 2676 illaex-
1098 2607 1239 2675 risaicas
1270 2623 1306 2677 ct
1333 2602 1490 2679 ethnicas
1522 2612 1710 2700 opiniones
1739 2616 1783 2683 de
1814 2616 2022 2686 ceremoniis
2045 2640 2087 2685 ex

61 2731 154 2784 terna
172 2712 344 2782 sacrificia
358 2711 479 2780 doceri
492 2711 617 2783 voluit.
669 2708 880 2798 Qarosnam?
911 2707 959 2781 Ut
985 2732 1048 2799 pa·
1098 2731 1204 2799 opere
1218 2723 1362 2799 operato
1386 2732 1523 2800 sparsas
1546 2713 1584 2779 in
1601 2710 1769 2784 Ecclesia.
1821 2714 1911 2784 Nam
1928 2729 1962 2786 et
1977 2712 2085 2787 Chri-

61 2832 109 2886 ter
121 2818 291 2886 adoretur
312 2813 351 2882 in
367 2813 494 2904 spiritu
510 2827 544 2883 et
558 2811 714 2881 veritate.
766 2810 919 2903 Spiritus
933 2834 1046 2901 oppo-
1097 2824 1171 2879 stus
1188 2834 1332 2900 prorsus
1348 2811 1400 2879 illi
1417 2812 1483 2901 ipsi
1498 2814 1625 2881 delirio
1639 2817 1788 2905 opponit
1805 2811 1870 2885 has
1884 2819 2086 2900 sententias,

10 2950 12 2957 ·
62 2914 432 3006 nitnrexternooperi
456 2936 518 2985 seu
543 2913 784 2995 ceremoniae,
817 2926 851 2983 et
874 2912 1062 3000 signiticat'
1096 2911 1147 2980 sic
1163 2912 1336 2982 sentiebat
1361 2913 1508 2997 mulier,
1540 2916 1728 3000 sacrificia,
1762 2943 1851 3010 quae
1873 2921 2006 2989 licbant
2027 2923 2085 2991 vel

10 3008 12 3059 ἶ
61 3018 276 3111 spiritualem
314 3030 451 3087 mutum
482 3017 665 3085 incensum
699 3040 721 3085 a
746 3013 885 3104 Spiritu
915 3028 1073 3127 sancto„
1098 3010 1341 3105 lerosolymis,
1367 3015 1424 3082 vel
1442 3017 1480 3082 in
1496 3015 1558 3082 illo
1576 3032 1696 3086 moute
1714 3018 1891 3105 Garizim,
1917 3022 1979 3090 ubi
1995 3038 2084 3091 tem-

60 3147 126 3215 quo
141 3120 264 3191 carad
282 3120 402 3190 Deum
416 3118 652 3199 convertitur,
684 3129 718 3187 et
740 3114 856 3184 Derim
878 3116 1048 3198 intuetur,
1097 3115 1197 3204 plum
1213 3113 1693 3204 Samaritanicondiderant,
1726 3123 1852 3189 mereri
1880 3118 2087 3195 hominibus

60 3223 221 3293 videlicet
247 3221 411 3289 timorem
426 3217 491 3288 Dei
513 3232 547 3286 et
573 3219 689 3289 fidem.
743 3215 879 3287 Veritas
893 3218 1048 3307 opponi·
1097 3216 1338 3285 remissionem
1358 3230 1583 3308 peccatorum
1601 3245 1640 3288 ex
1659 3246 1765 3312 opere
1780 3236 1942 3311 operatu,
1968 3226 2004 3294 id
2022 3240 2085 3313 est,

60 3338 114 3395 tur
133 3323 278 3393 duabus
299 3324 423 3405 rebus,
454 3318 687 3403 dubitationi,
719 3332 753 3387 et
775 3320 967 3389 moriturae
980 3318 1048 3386 'iu-
1098 3339 1172 3385 esse
1185 3316 1359 3386 iusticiam
1376 3333 1412 3388 et
1431 3322 1578 3405 merita,
1611 3323 1745 3392 etiamsi
1770 3326 1806 3392 in
1828 3327 1933 3394 corde
1953 3327 2086 3397 facien.

10 3436 12 3513 ξ
58 3429 185 3497 aticiae.
239 3423 330 3493 Nam
348 3423 463 3492 cultus
479 3421 563 3490 novi
590 3419 806 3491 Testamenti
835 3445 908 3489 non
931 3420 1045 3489 solum
1097 3419 1142 3487 tis
1160 3432 1300 3488 maneat
1322 3420 1497 3489 dubitatio
1513 3427 1556 3491 de
1573 3424 1624 3491 ira
1640 3441 1672 3493 et
1690 3427 1734 3493 de
1750 3427 1990 3497 misericordia
2007 3428 2084 3503 Dei.

58 3540 241 3599 calmetus
255 3525 392 3608 cordis,
416 3522 599 3592 sedetiam
617 3522 696 3593 talis
712 3536 850 3606 motus,
876 3545 957 3593 cum
975 3546 1046 3614 qno
1095 3516 1230 3589 Eadem
1249 3519 1373 3588 deliria
1389 3523 1598 3600 docuerunt.
1627 3539 1661 3595 et
1676 3521 1791 3596 adhuc
1805 3517 1999 3601 defendunt
2016 3529 2084 3601 Pa.

58 3644 107 3701 est
134 3652 220 3698 vera
250 3626 397 3709 fiducia,
430 3638 527 3697 cartu
558 3637 733 3707 statuens,
757 3627 853 3716 quod
874 3621 972 3691 Deus
1001 3621 1047 3693 sit
1097 3622 1226 3712 pistae,
1252 3645 1331 3690 cnm
1351 3623 1396 3691 dc
1409 3626 1576 3693 sacrificio
1593 3624 1724 3697 Missae
1748 3642 1781 3697 et
1806 3630 1850 3698 de
1877 3635 2086 3706 ceremoniis

58 3733 117 3803 tibi
140 3730 345 3823 propicius,
381 3730 477 3820 quod
501 3727 663 3795 exaudiat
685 3737 740 3808 te,
777 3727 872 3817 quand
897 3723 983 3793 velit
1012 3738 1051 3795 te.
1096 3724 1176 3792 aliis
1191 3723 1312 3792 multis
1327 3724 1541 3817 loquuntur,
1565 3751 1651 3820 quas
1667 3730 1804 3818 lingunt
1818 3755 1891 3801 esse
1909 3734 2085 3806 iusticiam

56 3834 205 3903 salvare.
258 3829 356 3899 Haec
373 3828 504 3899 fiducia
522 3842 574 3897 est
595 3827 750 3897 incoatio
772 3826 864 3895 vitae
886 3840 1047 3896 aeternae
1066 3810 1071 3897 i
1096 3839 1131 3895 ct
1148 3824 1287 3905 merita,
1312 3826 1448 3894 etiamsi
1464 3828 1500 3895 in
1517 3832 1622 3897 corde
1637 3831 1796 3901 facientis
1818 3850 1958 3905 maneat
1977 3838 2084 3907 diabi-

57 3948 89 4005 ct
108 3947 322 4026 perpetuae,
354 3955 427 3999 non
452 3930 645 4001 moriturae
669 3929 758 3997 luris
778 3927 913 3998 deDeo
941 3928 1046 3998 etiu-
1096 3929 1186 3996 tatio
1203 3929 1246 3994 de
1262 3926 1312 3993 ira
1331 3924 1417 4011 Dei,
1443 3942 1476 3996 et
1497 3932 1542 3998 de
1555 3933 1760 4000 remissione
1781 3951 2012 4022 peccatorum.

59 4038 187 4109 uictae.
241 4031 396 4104 Econtra
420 4055 504 4100 vero
524 4026 718 4124 hypocrisis
741 4042 804 4099 aut
827 4044 985 4099 versatur
1007 4029 1046 4095 in
1198 4024 1383 4096 Caeterum
1401 4052 1522 4099 narsus
1545 4039 1744 4102 monendus
1767 4049 1817 4105 est
1840 4036 1967 4107 lector:
1993 4038 2083 4111 Cum

58 4136 285 4218 ceremoniis,
310 4148 373 4204 aut
393 4135 433 4202 in
448 4128 704 4223 philosophicis
719 4132 898 4221 operibus.
952 4129 1048 4199 lntc-
1096 4128 1228 4198 dicitur·
1244 4130 1287 4195 de
1302 4130 1430 4198 noticia
1444 4132 1506 4199 Dei
1525 4134 1561 4200 in
1580 4130 1647 4204 hoc
1662 4138 1776 4222 dieto,
1799 4138 1882 4207 item
1898 4142 2085 4232 despicitn
2137 4136 2141 4141 ’

59 4241 122 4309 rim
138 4262 227 4309 vero
245 4237 371 4307 retinet
389 4233 666 4317 dubitationem,
690 4247 728 4301 ut
746 4229 862 4301 Achae
878 4245 1046 4323 perpetuo
1097 4247 1131 4301 et
1145 4232 1309 4313 veritate,
1333 4232 1456 4313 idest,
1483 4235 1575 4302 veris
1598 4239 1752 4306 motibus
1776 4241 1912 4322 cordis,
1944 4258 1977 4313 et
2001 4268 2083 4314 vera
2109 4318 2111 4322 ,

59 4355 175 4413 manet
191 4340 230 4408 in
248 4333 312 4408 bac
325 4336 572 4417 dubitatione,
604 4358 651 4403 an
674 4330 800 4405 habeat
822 4331 937 4403 Deum
961 4357 1045 4423 pro-
1066 4345 1071 4405 t
1096 4334 1182 4415 fide,
1207 4334 1629 4422 semperintelligeudum
1646 4354 1714 4424 est,
1741 4336 1797 4410 hic
1814 4344 1946 4434 reqrairi
1963 4343 2086 4414 Evan.

59 4443 210 4534 picium,
243 4464 290 4511 au
313 4440 532 4511 exaudiatur.
584 4431 753 4509 Ezechias
774 4459 857 4503 vero
881 4459 954 4504 non
977 4437 1045 4503 dtr·
1096 4434 1248 4524 gelinm,
1276 4435 1311 4501 in
1330 4459 1400 4527 quo
1420 4458 1457 4503 se
1483 4438 1642 4525 patefecit
1666 4438 1773 4514 Deus.
1825 4443 2085 4516 Ntrllaestno-

60 4545 143 4617 bitst
159 4565 200 4613 se
213 4538 345 4613 habere
358 4538 474 4609 Deum
489 4539 700 4631 propicium,
726 4532 791 4607 hac
807 4537 875 4607 fide
891 4538 928 4605 in
947 4560 1045 4606 sum-
1096 4537 1177 4605 ticia
1201 4537 1279 4605 sine
1299 4539 1408 4604 verbo
1428 4538 1664 4626 praelucente,
1692 4545 1789 4611 nulla
1804 4545 1890 4613 lides
1905 4547 1980 4615 sine
1997 4573 2085 4647 pro.

60 4644 289 4738 mupericulo
305 4666 343 4711 se
358 4642 478 4731 erigit,
505 4641 611 4731 petit,
636 4651 670 4708 et
694 4651 851 4729 expectat
872 4640 1044 4708 stasilium
1096 4638 1273 4706 missione.
1342 4636 1418 4705 luno
1448 4639 1599 4707 aciamus
1622 4639 1710 4710 hanc
1741 4645 1855 4714 lucem
1880 4653 2022 4719 accendi
2047 4655 2082 4722 5„

60 4748 187 4831 alteo,
212 4758 249 4817 et
263 4745 425 4815 accendit
444 4738 531 4813 haec
554 4745 629 4833 ipsa
653 4740 738 4809 iidcs
761 4741 877 4809 lucem
899 4743 943 4809 de
958 4738 1046 4822 Deo,
1096 4741 1265 4809 cordibus
1283 4763 1302 4806 a
1320 4737 1458 4827 Spiritu
1473 4755 1594 4810 saracto
1614 4768 1676 4831 per
1691 4742 1934 4835 Evangelium,
1960 4765 1994 4820 at
2009 4776 2083 4822 110„

60 4850 289 4931 etiusticiam,
310 4869 400 4937 quae
414 4860 467 4915 est
484 4844 636 4915 incoatio
652 4841 742 4912 vitae
755 4855 929 4929 aeternae,
954 4843 1046 4912 sicut
1096 4841 1209 4912 aliter.
1270 4838 1398 4928 Quare
1415 4842 1476 4910 ubi
1501 4844 1640 4912 nullum
1664 4860 1716 4916 est
1738 4852 1886 4919 verbnm
1911 4849 1999 4944 Dei,
2033 4856 2083 4921 itti

63 4953 182 5025 loson.
205 4950 265 5023 17.
281 4948 426 5019 dicitur:
459 4942 556 5015 Haec
572 4959 622 5014 est
644 4943 716 5013 vita
741 4956 904 5028 aeterna,
927 4956 968 5013 ut
984 4968 1044 5012 co·
1095 4967 1171 5011 non
1198 4957 1344 5032 possunt
1372 4966 1445 5012 esse
1469 4945 1582 5014 cuum
1600 4944 1686 5031 Dei,
1726 4950 1816 5019 sicut
1848 4973 1952 5042 snpra
1981 4956 2083 5025 dixit:

63 5064 226 5145 guoscaut
243 5064 278 5121 te
292 5048 407 5119 solum
423 5070 499 5119 esse
512 5045 647 5126 Deum,
671 5059 707 5117 ct
724 5069 830 5139 quem
846 5044 973 5117 misisti
989 5041 1045 5115 le-
1096 5042 1170 5113 Vos
1183 5045 1338 5113 adoratis
1354 5047 1448 5134 quand
1466 5047 1626 5132 nescitis,
1653 5052 1729 5119 sine
1745 5054 1854 5120 verbo
1873 5050 1937 5122 Dei
1955 5056 2085 5144 lingitis

9 5180 15 5233 ι
66 5180 132 5229 mm
146 5177 223 5225 esse
237 5147 433 5225 Christum.
1096 5146 1314 5215 voluntatem
1330 5144 1398 5215 Dei
1415 5161 1449 5217 et
1462 5148 1595 5230 cultus,
1623 5177 1702 5221 cum
1720 5177 1793 5222 uun
1808 5155 1944 5242 sciatis,
1971 5182 2086 5250 neque

151 5253 415 5329 Describuntur
426 5264 468 5323 et
483 5246 549 5331 hoc
569 5251 666 5321 dicto
682 5248 799 5319 cultus
816 5249 901 5320 uuvi
919 5246 1045 5320 Testa-
1097 5271 1186 5339 quae
1203 5248 1247 5315 sit
1263 5248 1429 5317 voluntas
1443 5245 1511 5317 Dei
1527 5274 1607 5339 erga
1625 5276 1704 5339 vos,
1731 5278 1846 5347 neque
1869 5261 1987 5350 qualos
2008 5266 2086 5330 cul-

70 5360 183 5448 nuti,
212 5357 277 5457 qui
292 5354 448 5454 afferunt
468 5354 577 5429 vitam
600 5366 798 5438 aeternam,
829 5363 865 5424 et
885 5365 968 5425 suut
990 5371 1045 5421 res
1095 5362 1154 5420 tus
1166 5351 1351 5441 approbet.
1394 5348 1500 5421 'l'ales
1514 5370 1599 5425 suut
1615 5350 1749 5467 ethuici
1763 5360 1896 5443 cultus,
1915 5375 1948 5432 et
1963 5386 2088 5434 omnes
