4522 5782
182 198 260 277 sta
572 262 579 273 ,
695 264 700 271 ,
787 187 1294 297 armamentum
1319 188 1622 272 amorum.
1804 266 1808 273 .
1894 147 1899 155 ’
2143 136 2220 281 seu

194 370 611 472 riepollutosexaudiat,
634 366 836 466 'etquidem
857 381 953 441 tants
977 368 1092 458 bona,
1124 393 1187 443 re-
1229 370 1362 464 inquit:
1406 368 1522 459 Quem
1542 371 1659 441 mittet
1683 382 1782 462 pater
1810 361 1849 440 in
1870 372 2017 443 nomine
2041 396 2140 460 meo,
2181 372 2220 445 itl

192 481 494 560 conciliationem,
521 475 694 563 Spiritum
711 488 870 545 sanetum
889 488 922 543 et
937 472 1045 543 vitam
1066 488 1178 545 aeter·
1229 487 1300 557 est,
1327 487 1554 564 propterme,
1589 487 1623 543 et
1638 475 1907 562 agnoscentibus
1922 496 1993 560 me,
2028 479 2220 548 nunecla-

190 583 479 672 nsmlargiatur.
528 575 646 647 Multa
672 577 786 649 tristia
810 574 1061 666 impedimenta
1084 591 1178 662 sunt,
1229 575 1367 644 tissime
1398 575 1484 645 dicit
1510 576 1555 644 de
1579 575 1769 662 beuelicio,
1802 599 1862 646 seu
1887 601 2034 649 munere
2060 578 2219 671 Spiritus

192 709 284 783 quae
312 685 420 755 fidem
452 692 513 751 aut
547 678 777 767 extinguunt,
811 689 873 747 aut
902 676 1177 767 languefaciunt,
1228 677 1351 749 sancti.
1402 674 1651 762 Docebitvos‚
1675 690 1710 747 et
1734 679 1870 768 rediget
1892 680 1995 749 vobis
2019 681 2058 750 in
2081 704 2219 751 memo-

192 792 284 860 sicut
300 801 334 857 et
348 785 480 856 Paulus
497 784 538 851 ad
557 781 662 853 Rom.
680 781 715 849 7.
734 781 798 851 ait:
826 775 970 847 Peccata
988 801 1051 868 per
1065 779 1176 868 legem
1227 779 1317 847 riam
1350 801 1408 859 ea,
1448 802 1539 870 quae
1568 779 1644 849 disi
1668 778 1780 849 vobis.
1841 777 1962 851 ludaei
1988 796 2218 872 expectante

192 890 343 963 efficacia
360 910 433 956 esse
450 887 487 954 in
505 884 675 953 membris
691 880 839 959 nostris,
865 879 902 946 id
927 890 998 962 est,
1030 882 1176 951 terrori·
1227 879 1358 951 Messio
1373 879 1556 966 victorias,
1581 880 1748 972 imperia,
1779 905 1883 972 opes,
1914 885 2121 974 pecuniam,
2155 910 2217 956 vo·

194 997 263 1063 bus
289 991 372 1074 legis
395 985 560 1077 impediri
583 988 686 1055 fidem
711 997 744 1053 et
768 980 1045 1064 invocationem,
1079 997 1176 1051 etex
1227 981 1394 1072 luptates:
1429 976 1626 1051 haecbona
1648 985 1803 1054 mundus
1827 984 2014 1073 intelligit,
2047 1001 2083 1058 et
2108 987 2217 1057 mira·

193 1091 391 1165 diffidentia
406 1090 494 1157 oriri
510 1090 619 1156 multa
636 1098 773 1176 peccata
789 1083 870 1151 alia.
921 1079 1019 1151 Haec
1039 1083 1176 1154 intelli·
1227 1098 1296 1154 tur.
1349 1081 1398 1154 At
1421 1078 1585 1154 Christus
1616 1078 1674 1152 hic
1705 1085 1880 1175 promittit
1909 1085 2015 1177 louge
2037 1089 2126 1157 alias
2151 1111 2216 1173 res,

193 1208 276 1285 gant
293 1194 361 1290 pii,
383 1205 417 1261 et
433 1201 632 1281 repugnent
645 1185 881 1264 diffidentiae,
898 1197 933 1254 et
950 1178 1076 1253 herum
1093 1210 1177 1278 pro·
1226 1206 1314 1277 quas
1331 1187 1485 1255 mundus
1510 1210 1580 1254 uon
1603 1186 1827 1275 magnifacit,
1861 1211 1979 1257 veram
2005 1191 2216 1275 doctrinam,

192 1298 402 1367 missionum
418 1292 559 1362 cumulo
576 1288 788 1371 excitentur,
815 1299 853 1357 ut
869 1287 1014 1357 credant
1029 1309 1087 1357 ess
1103 1310 1177 1357 non
1227 1287 1341 1357 lucem
1367 1287 1406 1356 in
1439 1289 1619 1357 mentibus
1645 1304 1891 1377 agnoscentem
1926 1303 1960 1360 et
1990 1291 2214 1363 invocantem

193 1421 268 1467 esse
288 1397 409 1464 inanes
433 1393 621 1461 verborum
647 1412 771 1473 sonos,
805 1387 865 1456 sed
886 1410 1006 1456 revera
1030 1411 1097 1458 nos
1118 1413 1177 1457 ex·
1226 1385 1364 1472 Deum,
1389 1391 1552 1459 ardenter
1569 1403 1684 1460 motus
1700 1392 1836 1473 cordis,
1868 1393 1931 1483 qui
1950 1391 2021 1482 legi
2039 1393 2106 1463 liei
2131 1417 2216 1463 con·

185 1498 309 1577 audiri
325 1497 530 1565 invocantes
546 1504 690 1582 propter
705 1483 908 1572 Christum,
923 1501 957 1557 et
973 1512 1095 1560 revera
1109 1491 1178 1558 im·
1226 1501 1377 1580 gruunt,
1404 1504 1438 1561 et
1453 1490 1725 1565 consolationes.
1777 1490 1876 1575 Haec
1891 1494 1993 1583 impii
2009 1517 2083 1564 non
2105 1495 2216 1585 pluris

192 1613 331 1692 petrare
345 1591 430 1665 haec
451 1597 526 1685 ipsa
545 1596 660 1674 bona,
689 1615 779 1685 quae
798 1591 1077 1681 promittuntur,
1114 1615 1178 1661 nec
1226 1592 1383 1677 iaciunt,
1407 1617 1514 1684 quam
1529 1593 1558 1663 si
1573 1593 1654 1685 qttis
1670 1616 1785 1664 novus
1809 1590 1936 1685 hospes
1961 1596 2110 1666 veniens
2133 1620 2216 1686 prn-

193 1698 411 1791 experientia
428 1697 622 1785 praecurrit
636 1695 760 1778 fidem,
787 1692 848 1763 sed
871 1693 1048 1785 sequitur:
1073 1691 1178 1763 Prius
1228 1694 1344 1773 mittat
1356 1717 1392 1764 se
1409 1696 1621 1765 traditurum
1631 1695 1829 1767 doctrinam
1841 1699 2104 1786 geometricam.
2132 1696 2219 1767 ldeu-

192 1804 267 1874 sibi
280 1801 355 1870 vult
370 1799 465 1869 credi
483 1795 599 1878 Deus,
626 1809 658 1864 et
672 1797 852 1865 credentes
872 1794 1036 1878 exaudit,
1062 1808 1096 1864 et
1115 1797 1179 1864 ad·
1227 1791 1665 1888 suprainquitChristus,
1693 1819 1729 1865 se
1753 1800 1921 1868 daturum
1936 1797 2111 1889 Spiritum
2136 1823 2216 1869 san·
2250 1804 2253 1809 '

191 1907 303 1975 iuvat.
356 1897 440 1969 ldeo
464 1901 595 1970 dicitur
618 1903 655 1971 2.
680 1896 795 1967 Paral.
818 1896 898 1970 aa:
932 1893 1076 1966 Credite
1089 1892 1178 1975 Deo,
1227 1911 1342 1980 ctum,
1368 1921 1472 1989 quem
1490 1901 1648 1968 mundus
1664 1922 1738 1968 non
1755 1901 1862 1970 norit.
1914 1898 1983 1971 Sed
2005 1924 2074 1970 nos
2096 1901 2135 1970 iu
2149 1898 2216 1971 Ec-

193 2020 228 2076 et
244 2001 357 2074 securi
373 2003 489 2085 eritis,
508 2015 541 2071 et
558 1999 672 2069 Marci
688 1999 741 2072 aa
766 1996 883 2071 Credo
898 1995 1070 2084 Domine,
1097 1999 1177 2090 opi·
1226 1999 1331 2067 elesia
1349 2022 1493 2088 agamus
1507 1997 1583 2069 Deo
1606 2001 1735 2089 gratias
1757 2024 1821 2090 pro
1843 1997 1911 2071 hoe
1935 2016 2035 2072 tanto
2058 2027 2215 2082 munere,

192 2108 307 2178 tulare
321 2127 417 2173 meae
433 2101 684 2175 incredulitati.
1227 2113 1261 2171 et
1275 2122 1524 2189 agnoscamus,
1551 2125 1640 2194 quae
1655 2103 1725 2170 siut
1750 2105 1891 2192 proprie
1915 2104 2084 2173 beneficis
2101 2103 2212 2195 Spiri-

251 2214 256 2228 '
293 2203 360 2277 Est
390 2219 424 2275 et
453 2200 521 2274 hoc
552 2204 739 2289 diligenter
767 2201 1049 2283 observandum,
1082 2202 1177 2294 quod
1228 2218 1284 2274 tus
1300 2203 1432 2284 sancti,
1460 2216 1591 2297 quauta
1609 2205 1701 2273 bona
1717 2203 1808 2286 siut,
1829 2219 1863 2275 ct
1879 2208 2060 2295 quomodo
2078 2208 2215 2289 dentur,

192 2323 288 2379 eerto
312 2306 368 2376 illi
390 2308 503 2377 coetui
529 2305 747 2391 promittitur
767 2301 924 2394 Spiritus
944 2315 1106 2387 sanctus,
1139 2303 1177 2370 in
1227 2304 1511 2377 arretineantur.
1562 2302 1659 2375 Haec
1682 2319 1735 2376 est
1759 2307 1945 2398 peculiaris
1960 2303 2142 2378 Ecclesiae
2162 2330 2215 2379 sa·

192 2436 265 2504 qim
280 2422 332 2480 est
346 2408 479 2496 agnitio
494 2402 647 2490 Christi,
674 2401 826 2488 horest,
851 2405 889 2473 iu
906 2428 978 2498 quo
991 2416 1095 2475 sonat
1111 2428 1177 2473 vox
1228 2407 1374 2497 pientia.
1662 2487 1667 2497 .

191 2510 399 2600 Evangelii,
424 2510 684 2600 sicutetsupra
703 2506 837 2598 inquit:
863 2503 1001 2598 Siquis
1024 2506 1180 2575 servabit
1328 2503 1584 2594 Coniungenda
1604 2520 1688 2578 sunt
1717 2520 1836 2580 autem
1865 2504 1952 2579 haec
1981 2511 2054 2580 duo
2092 2512 2213 2583 verba:

191 2635 374 2683 sermones
387 2634 502 2689 meos,
535 2612 577 2679 ad
604 2633 685 2677 eum
712 2607 895 2676 veniemus
912 2621 996 2698 ctu,
1030 2622 1062 2678 et
1086 2607 1179 2677 infra
1229 2606 1395 2695 Docebit,
1436 2622 1470 2679 et
1493 2609 1628 2697 rediget
1652 2610 1689 2677 in
1714 2611 1919 2680 memoriam
1945 2636 2004 2696 ee,
2035 2637 2126 2705 quae
2148 2614 2216 2683 disi

190 2710 367 2805 eap.15.:
401 2711 440 2783 Si
462 2712 659 2781 manseritis
682 2710 720 2778 iu
743 2734 818 2788 me,
852 2723 886 2780 et
909 2711 1016 2780 verba
1041 2733 1117 2779 mes
1141 2709 1179 2777 in
1230 2710 1343 2782 vobis.
1396 2704 1532 2797 Alligat
1560 2712 1654 2778 euim
1685 2734 1750 2780 nos
1779 2715 1821 2781 ad
1842 2710 2079 2802 Evangelium
2107 2716 2216 2783 tradi-

189 2817 293 2886 vobis
310 2815 521 2894 manserint,
546 2814 641 2907 quod
668 2810 865 2894 volueritis,
891 2811 1035 2902 petetis,
1062 2827 1097 2883 et
1121 2810 1181 2880 liet
1228 2828 1304 2884 tum
1325 2807 1524 2893 aChristo,
1550 2813 1700 2882 affirmat
1715 2836 1786 2881 non
1803 2815 1920 2883 afferri
1939 2840 1958 2884 a
1974 2814 2114 2904 Spiritu
2139 2839 2216 2887 san·

155 2914 304 2992 'vobin
345 2915 442 2986 llaec
458 2931 510 2985 est
525 2938 649 3003 magna
666 2914 861 2983 consolatio
878 2912 1068 3003 piis,scire
1083 2925 1180 2983 certo
1229 2930 1285 2985 cto
1316 2935 1427 3005 genus
1452 2914 1635 2983 doctrinae
1655 2914 1810 2985 alienum
1833 2917 1878 2984 ab
1902 2913 2117 3005 Evangelio,
2159 2932 2216 2989 ant

189 3019 461 3110 promissionem
482 3016 637 3108 Spiritus
669 3015 780 3085 sancti
815 3015 992 3103 alligatam
1026 3037 1101 3084 esse
1133 3015 1178 3083 ad
1229 3040 1308 3086 cum
1325 3014 1517 3103 Evangelio
1532 3038 1707 3107 pugnans.
1759 3016 1870 3108 Saepe
1892 3019 2087 3087 adversarii
2111 3020 2217 3090 citant
2260 3099 2261 3102 Ἴ

189 3116 450 3209 Evangelium,
487 3119 613 3188 donari
638 3116 811 3206 Spiritum
835 3131 995 3186 sanctum
1019 3117 1083 3199 iis,
1117 3116 1179 3208 qui
1229 3113 1297 3187 hoc
1311 3118 1461 3187 dictum:
1494 3117 1723 3187 Docebitvos
1746 3120 1887 3208 omnia,
1921 3121 1963 3188 ad
1988 3121 2216 3192 stabiliendas
2259 3107 2261 3129 ¹

191 3226 341 3293 credunt
363 3218 580 3309 Evangelio,
621 3234 655 3288 et
687 3216 752 3289 hac
781 3219 851 3288 fide
885 3231 1020 3309 petunt.
1080 3216 1180 3301 ltem,
1228 3220 1415 3310 opiniones
1431 3231 1465 3288 et
1480 3218 1589 3302 ritus,
1615 3219 1676 3311 qui
1695 3245 1767 3289 nou
1788 3236 1871 3292 sunt
1894 3222 2016 3292 traditi
2036 3224 2080 3291 sb
2097 3221 2217 3293 Evau-

191 3339 288 3393 certo
310 3325 481 3393 efficacem
505 3345 578 3390 esse
600 3320 774 3412 Spiritum
796 3333 956 3390 sanctum
981 3341 1044 3408 per
1058 3313 1180 3388 Evan·
1227 3322 1342 3410 gelio,
1374 3334 1414 3390 ut
1430 3319 1622 3391 Missurum
1647 3323 1795 3403 abusus,
1834 3323 2077 3393 invocationes
2103 3319 2217 3392 heinri-

191 3426 341 3512 gelinm,
367 3420 844 3494 sicutdicituradRum.1.:
879 3417 1180 3508 Evangeliumest
1228 3448 1315 3492 uum
1334 3435 1576 3505 mortuorum,
1609 3426 1921 3508 votamonastica,
1956 3440 1990 3496 et
2011 3426 2099 3494 alias
2124 3450 2219 3497 cere·

191 3527 350 3615 potentia
373 3524 438 3595 Dei
471 3528 514 3592 ad
547 3525 694 3593 salutem
729 3525 828 3591 omni
863 3521 1032 3593 credenti.
1090 3520 1176 3591 ltem
1228 3525 1366 3594 munias
1397 3522 1665 3596 commentitias.
1725 3523 1822 3595 llaec
1849 3526 2038 3620 inquiunt,
2072 3544 2157 3598 sunt
2179 3553 2217 3597 ex

192 3633 230 3702 2.
259 3631 302 3695 acl
325 3621 488 3698 Corinth.
516 3627 567 3697 S:
605 3623 838 3712 Evangelium
862 3637 914 3695 est
938 3623 1176 3692 ministerium
1226 3651 1267 3697 eo
1284 3627 1493 3696 numer-ude
1509 3625 1798 3717 quibusdicitor:
1826 3625 1982 3718 Spiritus
1996 3643 2140 3703 sauctus
2152 3631 2217 3701 do·

192 3731 357 3815 spiritus,
378 3728 415 3799 id
432 3742 502 3813 est,
529 3728 700 3820 perquod
725 3728 829 3797 datur
844 3724 999 3817 Spiritus
1024 3740 1175 3796 sanetus.
1226 3728 1319 3798 cebit
1341 3751 1404 3799 vos
1424 3728 1556 3800 omnia.
1608 3726 1668 3798 Sic
1688 3743 1721 3796 et
1746 3724 1912 3799 haeretici
1937 3744 2072 3801 veteres
2093 3734 2217 3804 abute-

189 3828 268 3903 Hae
286 3831 535 3921 promissiones
552 3843 694 3920 propter
710 3829 905 3916 angustiam
926 3822 1073 3899 humani
1097 3851 1176 3896 cor·
1227 3833 1358 3900 bantur
1387 3825 1455 3898 hoc
1482 3829 1589 3902 dicto.
1649 3828 1717 3901 Sed
1743 3845 1945 3921 opponatur
1968 3833 2141 3923 particula
2164 3857 2217 3903 se·

190 3934 247 4002 dis
265 3947 298 4004 et
311 3932 544 4023 multiplicem
558 3931 792 4001 diffidentiam
811 3953 884 3998 non
899 3929 985 3998 satis
998 3930 1176 4020 aspiciuu-
1226 3954 1354 4025 quens:
1379 3927 1533 4020 Rediget
1546 3931 1649 4001 vobis
1663 3931 1701 3999 in
1720 3933 1928 4002 memoriam
1944 3957 1983 4003 ea
1993 3984 2006 4019 ,
2033 3958 2126 4027 quae
2144 3933 2217 4005 dixi

190 4048 269 4118 tur,
290 4037 351 4104 sed
368 4057 518 4113 cumeae
535 4034 573 4103 in
595 4031 820 4103 invocatione
845 4032 1046 4116 iutuemur,
1069 4055 1176 4121 expe·
1227 4034 1339 4105 vobis.
1396 4030 1493 4101 llaec
1521 4033 1624 4101 ducet
1653 4048 1687 4104 et
1711 4033 1866 4104 illustrat
1890 4033 2045 4124 Spiritus
2067 4052 2218 4118 sanetus,

189 4136 304 4208 rimur
321 4158 379 4207 eas
395 4159 513 4220 veras,
540 4152 574 4206 et
589 4159 662 4206 nou
677 4134 795 4205 irritas
808 4156 894 4204 esse.
1227 4158 1318 4228 quae
1334 4135 1405 4203 iam
1423 4134 1462 4203 in
1477 4131 1674 4217 Evangelio
1690 4136 1817 4205 tradita
1840 4149 1924 4206 sunt
1947 4161 2009 4227 per
2022 4133 2218 4222 Christum,

1227 4237 1397 4306 derebus
1417 4235 1625 4307 necessariis
1648 4238 1693 4307 ad
1718 4238 1824 4305 vitam
1850 4253 2049 4323 aeternam,
2085 4242 2133 4308 de
2163 4235 2218 4309 his

1227 4362 1301 4409 non
1335 4351 1419 4409 sunt
1453 4336 1733 4408 illuminationes
1758 4341 1997 4430 quaerendae,
2031 4353 2093 4411 aut
2117 4365 2219 4431 expe·

291 4435 327 4508 Ο
345 4461 510 4526 magnum
527 4435 592 4506 Dei
613 4438 842 4520 beneficium,
868 4436 963 4527 quod
988 4435 1172 4505 uobiscum
1227 4440 1393 4523 etandae,
1419 4454 1514 4509 extra
1532 4441 1729 4509 doctrinam
1747 4437 1955 4528 Evangelii,
1979 4455 2020 4512 ut
2040 4465 2144 4533 saepe
2163 4445 2218 4513 di·

186 4555 259 4613 tam
271 4540 414 4632 proprie
431 4555 465 4611 et
479 4539 659 4629 perspicue
681 4542 726 4610 de
745 4539 907 4610 maximis
928 4538 1033 4608 rebus
1056 4539 1173 4628 loqui·
1226 4556 1321 4613 ctum
1353 4553 1426 4621 est,
1465 4555 1499 4612 et
1531 4543 1733 4613 meminisse
1755 4540 1859 4611 Pauli
1882 4544 2126 4614 testimonium
2152 4543 2218 4614 bue

187 4657 265 4728 tur,
286 4656 320 4713 et
335 4643 432 4738 quod
451 4641 699 4732 promissiones
725 4642 872 4711 tradidit
895 4642 981 4710 adeo
1006 4640 1172 4710 dilucidis
1226 4643 1507 4734 pertineusutile
1523 4657 1593 4714 est:
1620 4642 1659 4715 Si
1676 4643 1756 4738 quis
1778 4643 1877 4714 aliud
1893 4639 2132 4735 Evangelium
2147 4650 2217 4738 fdu-

186 4744 325 4829 verbis,
348 4757 390 4818 ut
403 4745 447 4813 de
463 4745 635 4814 sententia
652 4745 808 4815 dubitari
835 4765 909 4812 non
933 4742 1052 4831 possit.
1100 4739 1171 4812 Sed
1225 4747 1337 4829 cebit,
1364 4740 1552 4817 anathema
1569 4745 1623 4815 sit.

186 4842 256 4917 hoc
271 4847 466 4926 dolendum
484 4859 552 4928 est,
585 4860 718 4915 tantam
743 4868 816 4914 esse
838 4843 1116 4914 imbecillitatem
1138 4856 1173 4913 et
1325 4844 1527 4915 Teneamus
1541 4868 1623 4935 ergo
1640 4839 1699 4915 hic
1715 4847 1870 4938 primum
1886 4839 1978 4918 hanc
1992 4849 2218 4939 sententiam,

187 4949 421 5020 diffidentiam
437 4949 475 5017 in
496 4949 626 5018 nostris
641 4946 837 5024 mentibus,
864 4959 904 5014 nt
923 4959 1039 5034 petere
1058 4957 1092 5014 et
1113 4967 1172 5012 ex·
1224 4947 1320 5041 quod
1347 4944 1503 5038 Spiritus
1522 4962 1664 5017 sanctus
1685 4951 1814 5019 <locens
1836 4962 1955 5018 utatur
1985 4972 2070 5020 voce
2086 4946 2218 5036 ⁸Evau-

184 5066 324 5144 peetare
349 5063 446 5121 tanta
469 5053 562 5120 bona
589 5073 663 5119 uon
686 5047 859 5126 ausimus,
894 5068 940 5116 ue
967 5047 1070 5116 toties
1092 5046 1172 5139 qui·
1224 5048 1326 5137 gelii,
1352 5071 1417 5117 uec
1432 5049 1500 5119 alia
1515 5063 1652 5137 praeter
1666 5047 1901 5139 Evangelium
1918 5054 2059 5136 doceat,
2085 5053 2216 5123 deiude

186 5156 266 5224 dem
294 5153 435 5224 invitati
456 5167 493 5223 et
517 5152 615 5225 iussi.
673 5147 764 5221 Cum
783 5161 899 5218 autern
923 5161 1024 5216 antea
1055 5163 1174 5239 aperte
1225 5145 1292 5223 hoc
1307 5152 1433 5220 docere
1447 5150 1666 5240 intelligatur
1689 5153 1894 5242 dupliciter,
1920 5152 2061 5243 publice
2084 5154 2125 5223 in
2149 5154 2218 5223 mi·

185 5256 370 5324 affirmarit
393 5254 471 5323 dari
494 5251 668 5342 Spiritum
696 5263 854 5320 sanctum
877 5245 1072 5330 Ecclesiae,
1105 5243 1173 5319 hoc
1225 5252 1385 5332 nisterio,
1402 5267 1436 5322 et
1451 5255 1616 5344 privatim
1633 5253 1669 5320 in
1686 5255 1865 5323 cordibus.
1894 5250 1945 5323 lta
1960 5277 2069 5346 supra
2086 5270 2219 5327 utrun-

185 5371 254 5441 est,
293 5355 585 5447 amplectentibus
606 5349 863 5444 Evangelium,
900 5363 941 5423 ut
961 5349 1172 5423 nominatim
1225 5379 1295 5449 que
1313 5354 1521 5425 beneficium
1546 5355 1721 5446 compleri
1744 5379 1883 5441 snmus,
1914 5357 2053 5450 quoties
2078 5358 2217 5431 dictum

444 4299 524 4377 Ille
544 4298 681 4373 docebit
700 4326 761 4373 vos
778 4299 917 4379 omniu,
