4522 5782
58 186 201 297 ass'
455 212 542 295 xn
591 140 1426 319 nnmnsnornrvaaesroanns.
1474 212 1704 295 oanxvr
2017 219 2095 295 sss
2174 148 2177 159 ⁵

57 392 147 463 volo
167 384 410 482 prolixius'de
431 383 651 461 laia-imnis
671 384 877 481 disputare,
896 378 1056 483 quaere'-
1107 378 1269 459 saeorum
1298 401 1332 462 et
1352 389 1641 463 Sadducaeorum
1671 405 1847 484 tempore,
1879 404 1915 464 et
1938 393 2093 464 maximo

60 504 227 565 muster
253 492 447 583 sugitensi·
475 492 584 581 snut,
614 510 688 561 nse
705 488 973 563 inmorandum
1005 502 1056 561 est
1108 490 1147 559 in
1167 491 1291 562 dolore
1314 505 1349 562 et
1374 494 1473 564 luctu
1495 516 1573 562 sum
1596 508 1740 586 propter
1762 494 1966 567 Ecclesiam.
2018 494 2091 566 Sed

61 594 310 689 speculationi,
336 594 399 664 sed
416 591 586 667 benefida
597 591 880 665 considerentur.
930 590 1057 681 Quan-
1106 607 1141 662 te
1158 592 1257 662 Dens
1277 618 1359 680 oro,
1385 618 1431 664 ne
1451 596 1546 664 sinas
1564 619 1707 686 prorsus
1720 597 1875 687 extingui
1890 621 2007 670 veram
2024 588 2104 667 do-¹

56 712 123 771 -tus
141 704 249 767 amor'
265 708 317 766 est
337 692 406 765 lilii
420 690 489 766 nu
505 716 589 785 erga
604 717 689 781 nos,
713 708 845 787 quanta
863 690 1057 779 humilitas,
1107 696 1257 765 ctrinam
1288 720 1307 766 a
1336 708 1370 765 te
1397 698 1581 778 traditam,
1614 701 1673 767 sed
1699 699 1870 769 inclusam
1896 700 1935 767 in
1956 711 2092 769 mentes

63 800 164 893 qnod
187 820 268 869 cum
293 798 341 869 sit
363 810 492 867 natura
511 796 627 881 Deus,
651 796 777 869 abiicit
798 819 855 888 se,
881 811 916 868 et
937 796 1056 866 induit
1108 822 1267 866 meorum
1304 798 1561 888 discipulorum
1601 822 1737 882 serves,
1779 814 1819 872 ut
1849 802 2091 892 incorruptam

10 924 18 963 t
63 896 162 971 laane
188 912 347 971 nostram
380 912 567 985 naturam,
602 896 688 970 lacit
713 900 840 969 loedns
868 900 1054 971 nobiscum
1107 900 1349 971 transmittant
1378 904 1422 969 ad
1447 917 1615 993 posteros.
1681 901 1862 992 Significat
1884 915 2000 972 autem
2027 903 2093 970 do·

65 1002 230 1075 omnium
254 1000 511 1086 arctissimum,
543 1000 678 1071 seilicet
700 1001 925 1092 copulatione
951 1014 1056 1070 natu·
1107 1003 1256 1069 ctrinam
1287 1024 1488 1072 mansuram
1517 1027 1590 1073 esse
1614 1006 1708 1096 apud
1731 1006 1812 1075 illos
1837 1018 1998 1097 tantum,
2030 1001 2093 1096 qui

10 1126 12 1141 ·
66 1127 148 1185 rae,
180 1104 276 1175 ellit
300 1103 533 1194 victima'pro
554 1100 672 1173 nobis.
739 1100 923 1192 Quantum
947 1105 1056 1172 bene-
1106 1116 1190 1175 sunt
1210 1104 1374 1191 discipuli
1390 1101 1671 1195 Prophetarum,
1697 1108 1734 1175 id
1753 1122 1823 1192 est,
1849 1109 1911 1201 qui
1930 1101 1997 1175 boc
2014 1127 2093 1173 ver-

68 1206 188 1277 fieium
217 1220 286 1291 est,
318 1207 414 1298 quod
438 1202 534 1277 Deus
565 1202 719 1275 effundit
749 1205 787 1273 in
810 1207 915 1275 corda
936 1218 1055 1275 nostra
1108 1207 1192 1275 bum
1216 1207 1386 1275 traditum
1403 1230 1422 1275 a
1441 1204 1517 1275 Deo
1536 1231 1597 1297 per
1609 1204 1805 1298 Prophetas
1820 1210 1990 1287 audiunt,
2015 1230 2092 1276 arn-

67 1309 232 1399 spiritum
246 1330 368 1393 sunm,
393 1306 494 1377 cuins
506 1318 558 1378 est
574 1305 725 1377 essentia
738 1304 881 1391 divina,
902 1321 936 1377 et
951 1306 1056 1376 elficit
1108 1308 1320 1398 plectuntur,
1341 1323 1374 1377 et
1390 1309 1558 1382 retinent.
1601 1307 1704 1380 Hanc
1720 1314 1958 1401 precationem
1967 1305 2093 1379 Esaias

68 1434 151 1491 nos,
184 1423 226 1480 ut
247 1406 375 1481 Petrus
402 1408 545 1501 inquit,
577 1408 692 1479 socios
721 1422 868 1478 naturae
901 1408 1055 1479 divinae.
1107 1432 1229 1477 omnes
1244 1432 1345 1500 saepe
1359 1410 1569 1499 cogitemus,
1593 1423 1628 1480 et
1643 1414 1686 1481 ad
1705 1436 1781 1481 eam
1798 1426 1878 1483 vota
1894 1425 2013 1483 nostra
2029 1410 2093 1479 ad·

68 1510 163 1583 llaec
182 1522 280 1581 tauta
297 1510 466 1580 beneficia
480 1532 732 1600 agnoscamus,
759 1524 792 1581 et
807 1510 896 1599 grati
915 1511 1055 1602 praedi·
1107 1512 1312 1599 iungamus,
1347 1527 1523 1602 petamus,
1554 1526 1595 1581 ut
1622 1513 1661 1582 in
1692 1514 1795 1583 nobis
1819 1537 1960 1607 quoqne
1981 1514 2096 1602 legem

71 1636 204 1695 cemus,
229 1628 264 1684 et
279 1613 433 1687 vicissim
449 1608 601 1681 noslleo
614 1610 855 1700 subiiciamns,
881 1628 920 1683 ut
937 1626 1055 1682 osten·
1108 1636 1206 1682 suam
1233 1614 1411 1704 obsignat,
1444 1628 1479 1685 et
1500 1615 1684 1686 confirmet
1707 1629 1843 1686 mentes
1864 1628 2020 1699 nostras,
2054 1626 2095 1682 ut

71 1718 192 1801 dantus
215 1738 281 1786 nos
305 1736 387 1785 vere
401 1711 478 1784 Deo
498 1726 617 1803 gratos
637 1734 729 1797 esse,
755 1726 790 1784 et
805 1737 886 1783 vere
900 1736 1055 1795 oremus,
1109 1716 1238 1784 veritas
1267 1714 1307 1784 in
1330 1716 1436 1784 nobis
1457 1714 1589 1802 luceat,
1623 1730 1657 1786 et
1679 1730 1800 1788 nostro
1826 1716 2023 1786 ministerio
2048 1716 2096 1783 ad
2220 1754 2233 1759 ·-

73 1830 109 1888 ut
120 1815 276 1908 Spiritus
291 1828 441 1887 sanctus
463 1816 631 1886 accendat
652 1815 693 1885 in
714 1812 820 1886 nobis
839 1811 931 1887 hanc
946 1817 1056 1908 grati·
1110 1830 1265 1905 posteros
1294 1818 1498 1907 incorrupta
1523 1819 1715 1907 perveniat.
1782 1818 1952 1912 Sequitur
1976 1830 2094 1887 autem

73 1919 241 1993 tudinem.
1107 1918 1296 2008 descriptio
1313 1933 1476 1989 eventus:
1502 1917 1612 2010 Ecce,
1645 1944 1708 2011 ego
1725 1934 1760 1992 et
1775 1922 1875 2010 pueri
1889 1920 1978 2002 mei,
2005 1939 2095 2012 quos

1020 2004 1034 2025 ⁶
1109 2021 1207 2089 dedit
1235 2016 1322 2088 milri
1345 2017 1441 2090 Deus
1470 2021 1508 2088 in
1540 2036 1742 2112 portentum
1768 2023 1886 2092 lsrael·
1936 2019 2016 2090 Hoc
2037 2019 2095 2087 di·

1108 2136 1201 2191 ctum
1232 2123 1418 2213 promissio
1448 2137 1483 2193 et
1508 2124 1703 2195 consolatio
1727 2140 1796 2206 est,
1831 2146 1921 2216 quae
1943 2123 2096 2192 allirmat

167 2224 287 2295 Antea
307 2228 354 2297 de
375 2226 576 2297 ministerio
594 2224 731 2315 prolixe
748 2224 1057 2302 concionatusest,
1108 2224 1261 2316 aliquem
1291 2225 1367 2293 lore
1396 2236 1535 2294 coetum
1556 2224 1732 2296 Ecclesiae
1754 2228 1797 2296 ad
1823 2238 2000 2316 posteros,
2033 2224 2095 2291 sed

72 2349 163 2397 nunc
184 2326 317 2399 inserit¹
331 2328 629 2410 consolationem,
654 2348 723 2419 qna
739 2326 911 2414 significat
924 2348 960 2394 se
977 2346 1057 2413 pas-
1109 2327 1272 2414 exigrurm
1296 2340 1328 2395 et
1345 2326 1499 2396 invisum
1514 2328 1730 2420 potentibus.
1781 2327 1921 2398 Deinde
1936 2346 2096 2417 expresse

71 2451 189 2499 surum
214 2451 309 2515 esse,
333 2432 395 2500 sed
417 2453 576 2521 expresse
596 2428 748 2499 sltirmat
770 2449 806 2498 se
821 2428 922 2498 brevi
937 2427 981 2496 ad
997 2449 1057 2495 cos
1108 2429 1253 2500 additur
1277 2440 1516 2519 praeceptum,
1538 2429 1601 2499 ubi
1620 2454 1701 2500 vera
1715 2431 1877 2501 doctrina
1894 2453 1914 2497 a
1929 2425 2005 2497 Deo
2021 2439 2095 2495 tra-

72 2531 270 2603 rediturum
298 2554 385 2603 esse.
441 2530 658 2625 Quanquam
684 2545 802 2601 autern
831 2552 934 2620 saepe
955 2550 1057 2619 prae-
1109 2532 1199 2614 dita,
1224 2531 1423 2623 quaerenda
1440 2532 1507 2616 sit,
1533 2531 1697 2602 videlicet
1714 2556 1789 2600 non
1808 2532 1846 2599 in
1862 2529 1998 2619 vulgari
2015 2550 2096 2618 per·

10 2674 17 2714 3
72 2630 206 2711 dixer-..t
229 2635 353 2704 eadem
375 2636 505 2705 desua
529 2632 714 2723 passione,
740 2643 859 2701 tamen
882 2633 931 2702 ita
954 2630 1057 2699 lasci·
1109 2634 1272 2703 suasione
1287 2633 1488 2723 principum
1505 2646 1539 2704 et
1554 2634 1815 2717 multitudinis,
1840 2646 1881 2702 nt
1897 2656 1993 2701 nuuc
2010 2630 2097 2699 cita·

10 2802 21 2817 ,
73 2734 141 2803 nati
160 2736 309 2806 fuerunt
325 2732 496 2826 opinione
508 2738 553 2805 de
566 2734 717 2824 imperio
734 2730 884 2803 Messias
899 2730 1057 2822 politico,
1110 2750 1168 2805 tur
1184 2758 1309 2823 magna
1327 2735 1519 2803 multitudo
1534 2731 1815 2818 Monachorum,
1840 2736 1899 2805 sed
1920 2734 1958 2801 in
1976 2733 2097 2816 verbo,

10 2878 21 2915 ·.
73 2847 108 2905 ut
135 2830 200 2906 llas
230 2840 421 2908 conciones
448 2840 493 2907 de
521 2837 683 2929 passione
710 2858 784 2905 non
808 2834 1057 2905 intellexerint.
1110 2840 1204 2930 qnod
1222 2838 1317 2906 [lens
1341 2837 1444 2905 certis
1466 2836 1677 2906 testimoniis
1693 2861 1757 2926 per
1772 2831 1967 2926 Prophetas
1984 2830 2096 2903 tradi·

10 2980 13 3020 ς
74 2933 152 3007 ldeo
165 2962 249 3011 enm
266 2941 507 3032 interpellant,
532 2952 567 3009 et
582 2939 739 3009 fatentur
752 2960 789 3006 se
802 2938 949 3021 nescire,
971 2937 1055 3028 quid
1110 2942 1181 3023 dit,
1208 2942 1250 3007 ad
1270 2941 1380 3024 legem
1397 2950 1430 3007 et
1446 2939 1489 3005 ad
1507 2939 1768 3025 testimoninm,
1796 2938 1930 3029 inquit:
1959 2933 1999 3004 ld
2017 2958 2097 3003 ver-

10 3110 17 3121 ,
75 3040 173 3113 dicat.
224 3037 324 3113 Haec
345 3042 503 3135 exempla
528 3054 675 3109 monent
697 3038 1056 3131 primumdeploran-
1111 3044 1194 3109 bum
1211 3040 1271 3133 qui
1292 3063 1365 3107 non
1382 3040 1658 3128 amplectentur,
1683 3063 1756 3107 non
1775 3040 1842 3108 erit
1858 3038 1908 3105 eis
1924 3036 2098 3108 matutina

10 3160 27 3211 '1-
55 3140 149 3209 'darn
179 3165 255 3212 esse
281 3143 489 3233 caliginem,
524 3142 726 3234 quodtunc
746 3142 785 3211 in
809 3138 965 3211 Ecclesia
990 3136 1057 3208 Dei
1091 3144 1180 3212 lux.
1235 3140 1330 3209 llaec
1354 3141 1507 3209 breviter
1530 3141 1710 3225 recensui,
1735 3156 1774 3211 ut
1797 3154 1956 3229 tempora
1979 3151 2013 3206 et
2029 3138 2098 3203 mi-

11 3306 21 3313 .
77 3240 268 3316 intellectus
292 3245 570 3337 promissionum
596 3244 640 3311 de
660 3238 805 3313 Christo
831 3246 919 3312 adeo
943 3242 1058 3310 extin-
1109 3244 1217 3313 serias
1240 3240 1416 3312 Ecclesiae
1440 3242 1725 3329 consideremus,
1757 3255 1791 3312 et
1815 3241 2009 3326 discamus,
2034 3236 2099 3309 ubi

10 3388 22 3425 :
78 3356 145 3415 ttns
158 3345 241 3426 suit,
268 3362 308 3417 ut
324 3347 429 3419 stulte
439 3359 579 3417 tanturn
589 3345 891 3437 civileimperium
902 3345 1058 3413 somnia·
1110 3346 1311 3441 quaerenda
1328 3344 1374 3415 sit
1390 3344 1529 3416 veritas.

10 3488 47 3561 a!
78 3461 157 3517 tent.
209 3446 335 3519 Fuisse
358 3448 498 3541 aliquos
519 3461 613 3518 recte
633 3447 825 3519 sentientes
839 3468 979 3515 necesse
995 3459 1058 3529 est,
1214 3496 1379 3571 secundo
1415 3520 1512 3567 exem
1539 3496 1615 3567 lum
1655 3492 1686 3567 Α
1754 3498 1803 3566 Η
1985 3491 2100 3564 [mm

12 3578 50 4028 p
78 3562 110 3617 ul
123 3550 269 3621 luerunt
286 3545 494 3635 Zacharias,
521 3548 689 3631 Simeon,
717 3544 863 3640 loseph,
888 3546 1058 3635 Baptista,
1253 3558 1256 3563 ·
1516 3521 1537 3589 Ρ
1690 3520 1909 3589 P⁰⁵⁰⁰¹¹¹¹¹¹
1944 3518 2017 3565 ⁰⁵⁰

243 2082 439 2163 Modicum
465 2097 496 2161 el
519 2113 593 2160 non
618 2082 787 2193 uidebitis
809 2109 877 2164 ms.

78 3644 204 3737 Mada,
233 3647 439 3734 Epizabeph,
466 3652 593 3736 Anna,
619 3650 860 3724 dammum·
912 3649 1059 3738 Semper
1112 3602 1241 3671 multos
1266 3600 1304 3667 in
1320 3596 1477 3669 Ecclesia
1499 3622 1573 3669 esse
1596 3599 1775 3683 infirmos,
1803 3600 1864 3693 qui
1882 3613 1998 3669 tamen
2017 3607 2101 3665 sunt

10 3694 19 3729 l
1202 3703 1209 3720 ι
2019 3697 2029 3715 ο

10 3790 28 3831 ,·
78 3752 161 3823 enim
177 3755 298 3847 aliqua
309 3752 465 3824 Ecclesia
479 3765 598 3823 manet
613 3766 706 3824 recte
722 3753 895 3835 sentiens,
921 3752 1057 3820 etiamsi
1111 3705 1222 3871 ‘ledi'
1242 3714 1275 3770 ‘t
1307 3725 1325 3769 ³
1353 3701 1432 3871 3⁹⁰
1467 3702 1678 3775 ‘derantur'
1751 3697 1830 3770 Hac
1849 3700 2101 3820 .⁶⁰n⁵⁰¹³¹¹⁰ne

1111 3830 1208 3874 omnr
1223 3826 1277 3873 rus
1302 3828 1348 3871 no
1379 3825 1406 3870 rs
1425 3825 1514 3892 opus
1530 3817 1593 3874 est.
1646 3798 1784 3874 Omnes
1802 3826 1897 3871 cmm
1914 3814 1947 3869 et
1963 3810 2102 3890 peccata

10 3894 29 3933 -'·
78 3874 192 3945 “¹3⁰³
212 3870 248 3925 ‘²
270 3856 427 3948 ‘'Epi''sa
448 3869 518 3939 ‘⁸²’
543 3869 577 3925 οἵ
600 3855 705 3945 ¹⁰⁰3‘
728 3854 843 3923 maim
868 3854 1059 3923 ‘fimum'
1111 3908 1251 3997 nliqrra,
1277 3917 1311 3976 et
1329 3927 1465 3973 errores
1482 3905 1666 3975 nobiscum
1688 3902 1980 3974 circumferimus.
2030 3897 2102 3969 Sed

78 3960 154 4027 ludo
186 3958 312 4027 multis
340 3958 439 4027 tetris
469 3958 652 4027 erroribus
679 3957 937 4045 contaminata,
969 3980 1059 4049 quae

10 4052 49 4137 ᾧ
79 4060 361 4143 summationem
386 4072 492 4131 penei·
542 4055 636 4130 cum
657 4072 774 4129 amem
798 4058 862 4127 ino
888 4072 1058 4146 tempore,
1112 4010 1174 4102 qui
1198 4008 1353 4076 retinent
1376 4006 1650 4075 fundamentum
1671 4006 1772 4089 fidei,
1799 4017 1833 4075 et
1850 4026 1922 4073 non
1940 4023 2103 4094 perseve-

29 4196 55 4675 p
80 4174 107 4229 et
129 4184 233 4253 saepe
256 4162 342 4231 alias
364 4162 482 4251 magni
499 4184 634 4231 errores
651 4161 793 4252 publice
807 4185 827 4228 a
843 4161 1058 4248 gubernato·
1112 4125 1192 4228 rim
1223 4132 1261 4176 ¹¹¹
1293 4108 1494 4189 ‘mum’
1525 4122 1587 4180 ²¹¹²
1613 4108 1750 4177 ‘Ehem
1773 4119 1896 4177 ‘mm
1921 4124 2105 4173 ‘mmm’

81 4260 168 4333 ribus
197 4263 320 4333 traditi
343 4276 446 4348 sunt,
478 4277 513 4333 et
533 4288 553 4333 a
576 4264 726 4331 maxima
751 4263 981 4332 multitudine
1004 4288 1060 4330 re·
1112 4232 1216 4332 'iam'
1242 4212 1301 4279 sed
1319 4223 1402 4326 ”im
1418 4210 1571 4327 ‘mim’
1593 4223 1629 4327 ,εἰ
1645 4210 1928 4377 ‘mengafinim
1948 4216 2105 4375 ¹zf⁰³¹¹ss

82 4364 180 4453 cepti,
213 4364 367 4434 sciamus
397 4377 433 4433 et
463 4360 532 4434 hae
554 4380 731 4456 postrema
755 4377 868 4435 aetate
892 4363 1057 4453 potuisse,
1111 4310 1150 4383 ¹¹¹
1176 4330 1321 4382 manem
1347 4336 1384 4379 ’ῃ
1408 4325 1540 4399 gnm'
1575 4323 1664 4379 mm
1686 4324 1721 4379 ει
1768 4330 1944 4378 numme
1996 4318 2104 4375 mum

84 4478 226 4555 etposse
248 4488 366 4535 errare
389 4468 594 4556 pontifices,
621 4480 656 4538 et
670 4466 857 4535 maximam
873 4468 1059 4534 doctorum
1112 4429 1183 4499 ‘³¹’
1209 4416 1252 4484 “d
1271 4410 1455 4531 R⁰¹¹¹·,¹4·
1468 4439 1482 4530 ²,
1503 4409 1599 4482 ΒΜ
1623 4435 1702 4583 ²¹¹3
1721 4425 1904 4580 2⁵⁸¹l¹m⁸¹l2
1930 4410 1993 4479 ¹¹}ss
2007 4407 2105 4476 affif·

10 4584 31 4643 τΞ
85 4568 261 4660 npopffi
290 4581 444 4659 partem,
478 4584 514 4640 ,p
543 4592 617 4638 non
646 4592 855 4639 moveamur
874 4568 1060 4639 autoritate
1112 4531 1184 4588 mat
1200 4515 1332 4585 Paulus
1351 4529 1456 4586 ettam
1472 4514 1654 4584 infirmum
1705 4535 1913 4605 eopaeere.

10 4694 53 4753 a!
87 4672 220 4756 sudus,
244 4684 307 4740 aut
328 4669 592 4756 multitudinis,
619 4672 678 4739 sed
702 4670 1061 4762 quaeramnsverita-
1215 4666 1338 4737 Tertio
1363 4679 1482 4736 monet
1503 4660 1592 4735 haec
1616 4665 1740 4735 concio
1760 4661 1954 4736 Ecclesiam
1977 4662 2016 4732 in
2039 4658 2105 4731 hac

10 4806 53 4847 ε·
87 4774 201 4841 ttmin
225 4772 336 4842 verbo
354 4768 443 4855 Dei,
467 4773 558 4843 sicut
582 4775 705 4841 eadem
727 4774 773 4842 de
796 4795 834 4841 re
857 4794 958 4859 saepe
975 4794 1061 4840 con·
1114 4771 1186 4841 vita
1208 4770 1402 4839 subiectam
1427 4790 1501 4836 esse
1524 4766 1639 4850 eruci,
1666 4779 1704 4836 ut
1725 4767 1812 4836 alias
1834 4790 1936 4857 saepe
1959 4766 2106 4834 dicitur:

10 4910 27 4945 e
87 4870 260 4945 donantur
280 4867 491 4964 Prophetae.
550 4872 619 4945 Sed
644 4875 742 4944 locus
765 4888 818 4945 est
837 4872 1062 4943 dulcissimus
1112 4870 1247 4964 Estque
1264 4870 1405 4960 propria
1421 4867 1597 4938 Ecclesiae
1614 4864 1700 4939 haec
1718 4870 1880 4940 doctrina
1896 4859 2106 4955 ignotaphi·

10 5018 29 5047 ..·
87 4966 247 5047 Esaiaed.
273 4974 339 5044 nbi
365 4974 522 5064 primum
544 4991 709 5068 precatur
729 4972 870 5061 Esaias,
904 4989 946 5045 ut
966 4972 1062 5045 Dens
1114 4969 1318 5063 losophiae,
1342 4973 1438 5041 unde
1461 4970 1534 5040 sint
1556 4971 1773 5041 calamitates
1793 4967 1949 5039 universi
1966 4964 2104 5055 generis

10 5108 33 5133 ⁶-
86 5092 182 5149 servet
209 5097 335 5169 parram
356 5077 555 5149 doctrinam
581 5078 619 5147 in
642 5077 832 5170 aliquibus.
901 5070 1061 5165 Obsigna
1114 5072 1282 5158 humani,
1321 5098 1385 5142 cur
1414 5068 1571 5143 Ecclesia
1599 5071 1786 5142 durissime
1814 5080 2032 5152 exerceatur,
2070 5079 2106 5138 et

10 5173 49 5263 :si
86 5175 202 5269 legem,
234 5176 377 5267 iuquit,
402 5176 441 5247 in
465 5178 653 5268 discipulis
671 5180 777 5259 meis,
801 5179 838 5248 id
856 5192 929 5262 est,
956 5179 1061 5247 video
1114 5201 1220 5269 quarn
1242 5171 1372 5244 lrabeat
1394 5175 1612 5263 propositam
1635 5196 1753 5241 veram
1776 5171 2106 5241 etfirmamconso-

10 5270 47 5349 c'
83 5273 269 5351 horrendas
287 5279 469 5364 tenebras,
500 5293 535 5350 et
556 5279 740 5350 doctrinae
763 5278 983 5348 oblivionem
1008 5301 1062 5346 se-
1115 5280 1297 5349 lationem.
1348 5273 1444 5345 Haec
1465 5275 1553 5345 alias
1574 5274 1783 5355 dictasunt,
1809 5274 1868 5340 aed
1888 5273 2107 5341 tamensnls·

10 5412 33 5518 ιι
79 5398 233 5457 suturam
253 5402 347 5471 esse,
380 5393 420 5456 ut
441 5381 571 5455 accidit
594 5404 676 5453 cum
700 5380 809 5471 alias,
833 5394 909 5454 tum
932 5374 1063 5451 Phari·
1115 5382 1200 5451 inde
1221 5392 1305 5451 sunt
1327 5378 1530 5489 repetenda.
1597 5375 1690 5445 Cum
1712 5374 1896 5469 quaeritur
1913 5376 2011 5445 unde
2036 5374 2111 5444 sint
