4522 5782
66 214 70 221 ·
192 202 262 281 ιιι
785 189 912 266 rau.
938 124 1615 289 uenscnrrrauxnuuuca.
2147 193 2224 279 ιι,

194 374 323 448 delicet
344 374 388 445 ad
411 367 636 442 collationem
653 359 858 453 Evangelii,
882 375 916 434 et
931 356 1109 433 humanae
1123 383 1180 430 sa·
1233 362 1450 446 suasionem,
1498 363 1573 436 non
1604 367 1712 440 vultis
1734 371 1877 440 credere
1898 369 1977 441 voci
2000 394 2115 452 meae,
2154 365 2225 444 hae

190 477 363 570 pientiae.
412 472 504 543 Caro
527 494 602 540 non
628 471 770 558 prodest
801 464 1011 557 quicquam,
1055 465 1182 546 idest,
1233 478 1317 534 suut
1334 490 1479 549 causae,
1508 492 1570 538 cur
1584 492 1657 539 nou
1680 467 2019 565 trahimiuiapatre
2043 496 2142 560 meo,
2167 467 2225 546 bu

198 574 350 649 carnalis
379 573 584 665 imaginatio
615 572 659 639 de
696 567 986 645 manducatione,
1026 565 1183 635 carnales
1233 568 1396 651 remotis,
1423 564 1532 638 trahit
1554 586 1743 660 peterem,
1769 575 1831 666 qui
1855 576 2114 658 assentiuntur,
2138 576 2259 668 quiec

200 679 387 771 opiniones
402 679 446 746 de
463 674 594 744 Messio
609 695 682 739 non
696 679 845 760 prosunt
860 668 1059 760 quicquam.
1087 664 1183 734 Haec
1234 681 1326 736 certe
1344 670 1421 738 vult
1436 693 1558 740 omnes
1573 672 1688 741 salvos
1704 673 1792 754 fieri,
1816 689 1849 745 et
1863 681 2018 759 mandat,
2044 690 2082 744 ut
2098 698 2224 749 omnes

200 795 251 852 est
281 779 538 872 simplicissima
568 774 759 857 sententia,
801 771 891 839 sicut
922 769 1008 836 alias
1037 768 1182 836 dicitur:
1234 791 1296 837 sua
1312 771 1547 861 promissione
1568 787 1821 861 sustentemur,
1848 779 1934 849 etin
1951 777 2223 868 promissionem

200 880 378 952 Animalis
394 874 502 948 homo
518 902 591 946 non
609 875 758 966 percipit
778 897 836 959 ea,
862 893 952 962 quae
975 883 1058 937 suut
1078 867 1183 959 spiri·
1235 864 1470 940 universalem
1492 896 1558 942 nos
1579 874 1811 947 includamus.
1876 877 1972 947 Haec
1995 879 2171 970 simplicia
2187 892 2225 951 et

201 996 259 1053 tus
284 980 361 1055 Dei.
413 976 567 1050 Econtra
592 977 739 1068 spiritus
763 972 934 1055 vivificat,
969 971 1092 1054 idest,
1127 969 1184 1037 lu·
1236 970 1340 1060 plana
1355 987 1451 1056 suut,
1477 988 1510 1044 et
1529 999 1602 1044 nou
1617 991 1668 1046 est
1684 1001 1771 1067 opus
1789 973 1846 1047 hic
1862 980 2083 1069 longioribus
2098 980 2223 1073 dispu-

201 1108 283 1153 men
300 1099 334 1153 et
350 1094 466 1152 mutus
481 1080 636 1171 Spiritus
650 1075 772 1155 sancti,
799 1074 860 1166 qui
880 1068 1183 1162 perEvangelium

202 1199 255 1257 est
268 1186 406 1268 efficax,
431 1197 513 1252 sunt
533 1181 686 1251 incoatio
702 1177 812 1259 vitae,
837 1174 926 1243 sicut
947 1187 982 1242 ει
996 1174 1082 1240 alias
1096 1172 1185 1241 dici-

202 1300 278 1358 tur:
307 1285 380 1374 Qui
397 1283 524 1375 spiritu
539 1281 606 1351 Dei
624 1282 822 1360 ducuntur,
858 1271 895 1342 hi
919 1287 1003 1344 sunt
1024 1273 1090 1341 filii
1106 1273 1184 1345 Dei.

201 1384 308 1458 Item:
332 1386 463 1457 Sensus
480 1384 623 1473 spiritus
638 1382 709 1451 vita
725 1393 777 1449 est
794 1393 829 1449 et
846 1400 922 1468 pax.
974 1376 1186 1464 Diligentis-

203 1489 292 1558 sime
312 1489 529 1557 observanda
549 1499 600 1554 est
614 1506 762 1574 sequens
775 1478 947 1551 sententia
957 1525 967 1557 ,
994 1499 1084 1570 quae
1099 1499 1184 1546 con·

201 1590 310 1661 nectit
324 1585 558 1676 Evangelium
576 1600 610 1656 et
626 1583 796 1675 Spiritum
813 1590 982 1651 sanctum.

180 1712 197 1738 s
304 1687 422 1760 Verba
437 1712 525 1779 quae
550 1710 611 1776 ego
631 1686 760 1778 loquor
782 1683 901 1764 vohis,
934 1693 1016 1749 suut
1041 1678 1185 1770 spiritus

202 1792 349 1874 civita,
381 1792 439 1860 sed
469 1804 551 1858 suut
573 1787 716 1881 quidam
739 1810 779 1854 ex
802 1783 903 1852 vohis
926 1782 987 1873 qui
1012 1806 1086 1850 nou
1109 1807 1185 1851 cre-

200 1895 304 1966 dunt.
339 1889 408 1961 Hic
425 1891 600 1961 connectit
617 1885 703 1957 haec
720 1888 797 1969 tria,
821 1882 1075 1971 Evangelium‚
1102 1881 1183 1972 Spi-

199 1994 309 2066 ritum
324 2006 504 2078 sanctum,
529 2005 562 2061 et
575 1989 693 2062 fidem.
727 1986 839 2058 Docet
857 1986 966 2074 igitur
979 1981 1183 2053 sineEvan-

201 2095 293 2186 gelio
309 2119 382 2163 non
399 2116 473 2163 esse
497 2094 669 2162 efficacem
686 2089 859 2181 Spiritum
877 2099 1054 2167 sanctum,
1081 2087 1184 2155 docet

199 2199 303 2280 item,
328 2196 507 2289 quomodo
529 2194 573 2262 sit
598 2193 736 2270 efficax,
762 2188 916 2272 scilicet,
948 2212 1028 2257 cum
1046 2209 1111 2256 nos
1126 2209 1182 2256 as·

198 2297 373 2372 sentimur
389 2293 605 2385 Evangelio,
631 2317 697 2361 uec
721 2312 969 2388 repugnamus.
1018 2285 1183 2378 Exempli

198 2422 320 2471 causa:
356 2396 445 2470 Cum
468 2398 622 2466 audisset
644 2389 736 2462 hanc
756 2414 877 2462 vocem
890 2387 1024 2461 David:
1057 2387 1184 2458 Domi-

198 2523 268 2570 nus
293 2498 438 2569 abstulit
459 2511 639 2590 peccatum
667 2509 787 2580 tuum,
827 2491 960 2562 multae
986 2492 1184 2561 contrariae

198 2600 355 2673 rationes
383 2595 467 2669 huic
492 2600 569 2667 voci
593 2597 879 2685 refragabantur,
919 2593 1030 2662 sensit
1053 2615 1182 2683 poenas

196 2697 334 2787 David,
359 2701 547 2792 parricidia
572 2698 747 2781 filiorum,
773 2695 936 2779 exilium,
962 2695 1184 2778 seditionem,

197 2817 319 2895 stupra
347 2803 555 2891 coniugum:
601 2793 660 2869 hic
681 2798 825 2868 videbat
845 2819 887 2865 ex
909 2818 983 2864 uno
1007 2795 1182 2864 adulterio

197 2919 233 2977 et
262 2928 334 2973 una
356 2906 460 2973 caede
484 2900 591 2973 Uriae
613 2913 689 2969 orta
713 2922 785 2968 esse
806 2896 1081 2967 innumerabilia
1102 2920 1182 2987 pec·-

197 3020 286 3077 cata.
341 3001 429 3075 Cum
446 3001 531 3073 haec
549 3025 641 3073 nova
664 3013 803 3091 peccata
822 3000 977 3083 videret,
1003 3001 1181 3090 quomodo

194 3101 314 3199 potuit
327 3118 477 3176 statuere
494 3129 597 3174 suum
621 3115 802 3194 peccatum
827 3101 982 3170 deletum
1006 3123 1097 3184 esse,
1122 3114 1183 3168 aut

196 3231 233 3279 se
248 3232 323 3277 uon
337 3230 409 3277 esse
433 3206 557 3276 reum?
608 3201 678 3274 Sed
699 3204 867 3272 adversus
892 3197 981 3270 hanc
1004 3200 1180 3290 ingentem

198 3310 329 3379 molem
346 3332 382 3377 se
397 3307 615 3377 sustentabat
628 3300 695 3374 hac
709 3328 808 3374 voce:
844 3302 1019 3375 Dominus
1037 3303 1181 3373 abstulit

117 3422 123 3435 '
194 3422 376 3503 peccatum
394 3421 508 3480 tuum.
560 3403 669 3493 Quod
693 3429 772 3476 cum
791 3407 935 3488 laceret,
967 3404 1075 3472 sensit
1097 3399 1181 3473 haec

195 3512 304 3581 verba
326 3534 398 3580 esse
421 3509 584 3601 spiritum
609 3520 643 3576 et
667 3507 793 3593 vitam,
834 3507 870 3575 id
894 3517 966 3589 est,
1000 3505 1182 3594 spirituale

194 3610 337 3691 lumen,
379 3636 450 3704 quo
480 3624 514 3680 et
543 3609 753 3698 agnoscebat
787 3631 868 3677 vere
903 3607 1180 3675 miscricordiam

194 3706 282 3799 Dei,
309 3726 343 3783 et
365 3712 641 3782 consulationem
659 3709 901 3800 concipiebat,
927 3732 995 3801 qua
1019 3708 1183 3777 incoatur

194 3815 269 3885 vita
291 3826 442 3886 aeterna.
501 3811 551 3881 lta
574 3810 703 3903 poterit
727 3824 820 3879 recte
840 3824 874 3882 et
896 3808 1103 3900 simpliciter
1125 3810 1180 3878 in-

196 3916 309 4007 telligi
336 3917 469 3987 dictum
501 3909 653 3999 Christi,
699 3934 779 3981 cum
814 3913 858 3982 ad
889 3935 992 3982 usum
1031 3911 1181 3981 transfe-

198 4033 309 4091 retur.
772 4086 779 4095 ,

297 4114 362 4188 Est
377 4139 459 4205 crgo
475 4110 563 4185 haec
579 4137 735 4195 summa,
767 4112 930 4183 dissentit
951 4115 995 4182 ah
1018 4108 1180 4202 Evange-

195 4216 245 4290 lio
261 4214 416 4288 humana
434 4218 621 4307 sapientia,
655 4231 689 4286 et
708 4228 880 4305 repugnat
895 4213 1032 4312 Spiritu
1048 4228 1180 4300 sancto,

194 4321 256 4391 sed
286 4344 366 4388 cum
398 4319 562 4389 audimus
591 4315 843 4405 Evangelium,
896 4329 930 4384 et
959 4317 1180 4401 assentimur,

1236 1074 1430 1141 talionibus
1452 1076 1498 1142 de
1520 1076 1709 1162 electione,
1734 1102 1797 1148 seu
1819 1082 1862 1148 de
1886 1082 2222 1172 praedestinatione,

1236 1186 1394 1243 teneatur
1425 1170 1510 1245 haec
1538 1200 1692 1247 summa:
1741 1182 1838 1272 quod
1869 1177 2024 1253 humana
2055 1180 2222 1255 voluntas

1236 1297 1460 1364 perseverans
1494 1277 1533 1346 in
1569 1281 1739 1369 peccatis,
1790 1283 1837 1353 sit
1868 1307 1971 1353 causa
2004 1284 2248 1371 reiectionis,

1234 1388 1374 1445 econtra
1399 1401 1483 1447 vero
1515 1381 1756 1451 misericordia
1781 1382 1847 1454 Dei
1870 1400 2015 1477 propter
2034 1381 2221 1456 Christum

1234 1477 1436 1567 recipientis
1451 1502 1535 1566 nos,
1562 1505 1665 1553 causa
1681 1483 1936 1571 est'electionis,
1957 1489 2015 1556 sed
2034 1487 2115 1579 quia
2132 1511 2222 1577 pro·

1236 1589 1312 1668 pter
1327 1574 1509 1649 Christum
1527 1583 1737 1673 recipimur,
1764 1610 1904 1656 necesse
1927 1602 1978 1658 est
1995 1590 2062 1657 fide
2077 1589 2224 1677 agnosci

1236 1692 1268 1747 et
1299 1675 1518 1770 apprehendi
1549 1681 1743 1760 Christum.
1808 1686 1867 1756 llli
1894 1712 1976 1779 ergo
2001 1703 2083 1758 sunt
2106 1688 2222 1774 electi,

1235 1781 1296 1872 qui
1312 1783 1461 1851 credunt
1476 1806 1512 1852 se
1528 1799 1671 1875 propter
1688 1783 1872 1860 Christum
1896 1805 2052 1882 receptos
2067 1813 2160 1879 esse,
2185 1804 2223 1863 et

1234 1876 1326 1950 hanc
1342 1883 1445 1952 fidem
1461 1905 1535 1954 non
1552 1888 1735 1962 abiiciunt.

1285 2047 1340 2119 Er
1359 2075 1425 2121 nos
1442 2048 1661 2124 credidimus
1678 2064 1709 2125 et
1723 2058 1975 2151 cognovimus,
2002 2058 2104 2158 quod
2124 2072 2165 2134 tu
2182 2087 2221 2136 es

1337 2141 1514 2223 Christus
1522 2150 1634 2246 filius
1649 2152 1730 2228 Dei
1743 2159 1906 2232 viventis.

1307 2285 1474 2359 Decimus
1494 2290 1592 2361 locus
1619 2308 1670 2364 est
1693 2295 1864 2365 consessio
1885 2292 2139 2388 Apostolorum
2163 2298 2222 2367 in-

1234 2390 1344 2480 signis
1366 2403 1400 2459 et
1414 2392 1617 2482 perspicua,
1650 2396 1740 2466 sicut
1764 2412 1797 2468 et
1824 2398 1932 2466 altera
1953 2399 2079 2469 similis
2101 2393 2223 2484 huius,

1233 2492 1323 2560 lacta
1344 2491 1388 2560 ad
1416 2489 1636 2574 Caesaream,
1674 2498 1774 2566 cuius
1796 2498 1834 2568 fit
1860 2500 1994 2569 mentio
2013 2495 2145 2575 Matth.
2162 2500 2223 2573 16.

1234 2589 1415 2663 Hactenus
1432 2593 1534 2664 initia
1559 2598 1832 2686 praedicationis
1857 2593 1989 2670 Christi
2013 2602 2161 2672 laetiora
2185 2614 2222 2673 et

1233 2694 1385 2784 gratiora
1420 2695 1572 2772 fueraut.
1651 2699 1862 2788 Magnitudo
1900 2703 2153 2773 miraculorum
2186 2715 2223 2774 et

1234 2795 1433 2864 emendatio
1472 2798 1655 2869 doetrinae
1695 2797 1964 2870 Pharisaeorum
2000 2806 2133 2876 multos
2165 2817 2222 2877 at·

1234 2911 1429 2980 traxerant,
1464 2899 1526 2989 qui
1553 2900 1773 2971 dulcissimas
1802 2924 1879 2993 spes
1906 2898 2084 2975 habebant
2106 2930 2224 2978 novae

1234 2999 1408 3068 libertatis
1432 3011 1466 3068 et
1488 3001 1729 3090 reguiillius,
1772 3006 1865 3096 quod
1890 3005 1957 3073 sibi
1981 3008 2222 3085 somniabant.

1234 3099 1304 3170 Sed
1324 3100 1406 3192 quia
1423 3102 1559 3190 saepius
1576 3101 1644 3170 iam
1663 3101 1987 3176 ostenditChristus
1998 3104 2221 3196 Pharisaeos,

1233 3213 1266 3269 ει
1283 3200 1452 3291 paulatim
1469 3203 1701 3273 concionatur
1717 3207 1836 3276 minus
1858 3222 1954 3294 grata
1971 3209 2014 3277 de
2029 3234 2150 3296 cruce,
2177 3214 2224 3281 de

1233 3301 1320 3381 fide,
1354 3314 1388 3370 et
1402 3304 1545 3373 damnat
1563 3304 1623 3372 illa
1641 3306 1755 3375 dulcia
1773 3309 1909 3378 somnia
1925 3312 1969 3376 de
1983 3332 2112 3397 regno,
2139 3313 2222 3384 ideo

1232 3405 1406 3472 deseritur
1423 3426 1584 3493 prorsus,
1611 3421 1649 3475 ut
1666 3421 1785 3477 nostra
1802 3425 1896 3480 aetas
1913 3410 2002 3479 vidit
2019 3415 2220 3505 exemplum

1233 3505 1367 3584 simile,
1416 3505 1519 3574 initio
1553 3522 1705 3599 quantus
1745 3513 1852 3580 ardor
1885 3526 1959 3581 erat
1991 3515 2222 3587 animorum?

1232 3621 1403 3698 quantum
1442 3606 1563 3675 lumen
1601 3609 1805 3681 iudicabant
1838 3607 2000 3680 homines
2034 3629 2216 3685 ostensum

1232 3706 1328 3775 esse?
1353 3730 1432 3775 curu
1458 3709 1561 3777 multi
1586 3734 1722 3780 errores
1747 3727 1969 3794 taxarentur,
1997 3729 2030 3784 et
2053 3717 2216 3789 doctrina

1232 3808 1356 3898 purior
1386 3823 1659 3898 proponeretur,
1703 3815 1764 3882 sed
1793 3817 1875 3906 quia
1905 3816 2077 3906 paulatim
2107 3821 2217 3909 magis

1232 3923 1328 3979 erant
1347 3910 1552 3978 offendendi
1569 3907 1826 4005 Episcoporum
1843 3929 1877 3985 et
1891 3930 2077 4007 potentum
2093 3923 2216 4008 animi,
2250 3932 2255 3939 '

1230 4005 1503 4099 reprehensione
1513 4012 1663 4082 Messiae
1679 4029 1713 4084 et
1727 4022 1950 4108 quarundam
1967 4019 2118 4089 aliarum
2135 4024 2214 4114 opi·

1230 4111 1400 4192 niouum,
1428 4127 1615 4204 quaesunt
1640 4119 1739 4184 nervi
1763 4118 1971 4206 impietatis,
2004 4120 2215 4196 deficiebant

1230 4212 1332 4282 multi
1370 4227 1539 4303 potentes·
1563 4228 1599 4284 ει
1627 4217 1733 4291 docti.
1798 4217 1934 4290 Harum
1973 4224 2212 4297 defectionum
2247 4244 2255 4255 '

1230 4314 1390 4405 exemplo
1404 4338 1477 4384 non
1502 4315 1627 4386 leviter
1650 4322 1903 4409 perturbantur
1925 4322 1986 4390 alii
2009 4325 2215 4412 imbecilles,

195 4414 352 4513 Spiritus
367 4434 507 4490 sanctus
527 4434 578 4489 est
596 4420 732 4502 efficax,
764 4431 797 4486 et
820 4417 981 4488 tenebras
1004 4411 1180 4486 humanae
1228 4415 1319 4486 sicut
1342 4439 1438 4484 nunc
1469 4417 1639 4492 videmus.
1701 4419 1896 4512 interrogat
1920 4425 2027 4512 igitur
2049 4424 2212 4501 Christus

196 4524 325 4593 mentis
342 4524 514 4596 illustrat..
543 4519 679 4590 Eodem
696 4519 865 4611 pertinet,
890 4519 984 4615 quod
1004 4518 1179 4610 sequitur:
1227 4516 1438 4607 Apostolos,
1465 4532 1505 4588 ut
1524 4521 1646 4590 audiat
1661 4545 1782 4592 eorum
1801 4527 2078 4616 confessionem,
2105 4545 2141 4602 et
2155 4554 2214 4604 eos

195 4621 308 4694 Nemo
327 4636 440 4716 potest
454 4624 575 4694 venire
589 4624 632 4691 ad
649 4644 722 4706 me,
749 4621 817 4688 nisi
834 4614 954 4690 datum
971 4620 1000 4688 ei
1017 4619 1061 4689 sit
1077 4644 1095 4688 a
1113 4644 1177 4710 pa·
1228 4618 1420 4688 confirmet.

195 4739 249 4796 tre
278 4750 367 4796 meo.
420 4724 609 4814 iungamus
631 4716 737 4805 haec,
778 4735 818 4791 ut
848 4735 929 4792 ante
956 4721 1090 4791 dictum
1117 4735 1179 4807 est,

1329 4719 1456 4791 Monet
1472 4722 1579 4811 igitur
1594 4717 1663 4794 hoc
1686 4728 1906 4819 exemplum,
1932 4754 1978 4800 ue
1994 4756 2212 4821 moveamur,

195 4817 449 4915 Evangelium,
480 4825 653 4916 Spiritum
683 4837 863 4906 sanctum,
903 4834 936 4893 et
959 4824 1176 4892 voluntatem
1227 4843 1291 4888 nec
1306 4825 1553 4909 perturbemur
1567 4827 1762 4898 defectione
1787 4832 1950 4905 aliorum.
2001 4832 2210 4907 Dehacol·

196 4930 455 5000 assentientem.
496 4927 610 4995 Nemo
625 4924 724 4995 venit
738 4927 781 4993 ad
800 4919 1000 5009 Christum,
1021 4925 1089 4991 uisi
1105 4937 1176 4992 tra·
1225 4922 1385 4991 feusiuue
1408 4926 1522 4995 tristes
1538 4930 1699 5019 querelae
1723 4946 1825 5017 sunt,
1861 4946 1896 5002 et
1918 4935 1954 5000 in
1978 4934 2146 5023 Psalmis,
2171 4952 2212 5010 ιιι

194 5023 463 5120 haturapatre.
504 5022 632 5097 Trahit
646 5042 762 5095 atatem
777 5039 876 5114 pater
891 5026 1054 5094 volentes.
1090 5023 1175 5095 ideo
1227 5020 1355 5091 Psalm.
1378 5026 1458 5095 tu:
1486 5028 1602 5099 Homo
1625 5032 1719 5123 pacis
1744 5058 1858 5113 meae,
1898 5035 2031 5130 inquo
2061 5043 2212 5129 speravi,

194 5124 252 5198 hic
269 5129 385 5223 inquit
402 5127 580 5201 Christus:
615 5128 706 5198 Suut
730 5128 873 5220 quidam
897 5128 1085 5210 intervos,
1113 5128 1175 5220 qui
1225 5123 1286 5216 qui
1304 5125 1429 5197 edehat
1450 5153 1558 5219 panes
1580 5158 1696 5217 meos,
1724 5137 1820 5205 auxit
1842 5139 2021 5208 saevitiam
2044 5141 2212 5216 iuimicu-

193 5236 447 5316 noncredunt,
473 5231 510 5300 id
535 5243 603 5313 est,
629 5242 743 5298 vestra
766 5231 948 5298 voluntate
972 5229 1175 5319 repugnatis
1225 5250 1304 5296 rum
1331 5230 1498 5301 adversus
1526 5259 1592 5304 me.
1651 5235 1946 5331 Quandocunque
1975 5256 2058 5311 suut
2079 5245 2117 5312 in
2138 5245 2212 5318 Re-

190 5323 405 5424 Evangelio,
435 5347 469 5407 et
495 5331 722 5428 pertinaciter
752 5329 909 5403 retinetis
939 5328 1061 5401 falsam
1090 5352 1173 5423 per·
1222 5329 1321 5422 publ.
1344 5346 1459 5424 partes
1482 5348 1516 5407 et
1538 5336 1703 5430 dissidia,
1751 5341 1916 5413 accidunt
1950 5345 2081 5416 multae
2114 5349 2212 5418 deie-
