4522 5782
109 211 187 315 sss
710 157 979 291 auruum.
1011 206 1225 285 maura
1256 207 1558 289 macrum.
1668 276 1673 287 .
1755 274 1763 289 .
2073 214 2148 293 ns

117 387 223 465 initio
238 383 457 459 dissimulata
473 381 691 477 propositio,
715 383 874 475 primum
896 383 937 454 in
957 384 1104 454 conclu.
1157 382 1234 477 pult
1255 395 1392 478 pamm
1414 399 1651 479 perventum
1676 397 1807 461 mem·
1879 385 1987 461 Nm
2013 392 2147 481 mm

118 498 220 574 sione
246 490 339 565 clare
363 486 527 580 ponitur:
561 484 603 556 ld
625 481 685 555 hic
706 485 838 557 factum
865 500 952 561 est.'
991 483 1106 576 lgitur
1157 500 1295 558 tantum
1326 502 1360 562 et
1390 491 1534 581 quidem
1559 482 1901 561 inbutos=bomines
1930 491 2083 580 gloriari
2108 514 2148 565 η

119 604 264 671 nonest
285 589 459 674 volentis,
483 611 599 684 neque
620 587 817 670 currentis,
843 590 905 658 sed
931 586 1105 679 miseren·
1157 591 1304 679 adeptos
1317 612 1390 659 esse
1406 604 1480 661 tam
1497 590 1681 682 magnilica
1697 590 1885 682 promissa,
1933 590 2019 664 Non
2044 594 2144 665 vide.

118 701 167 773 tis
188 692 269 769 Dei·
329 691 414 764 Non
435 713 501 763 ¹10⁸
530 713 708 761 meremur
729 689 813 780 eligi
833 690 1017 759 voluntate
1045 702 1106 759 aut
1159 691 1266 763 batur
1282 694 1499 784 respondere
1522 688 1582 764 bic
1602 705 1749 764 eventus
1769 694 1878 767 tantis
1897 695 2146 786 promissioni·

119 823 247 883 cursu,
271 790 342 866 boc
358 808 427 879 est,
450 793 617 887 operibus
638 790 786 876 nostris,
810 793 871 863 sed
895 790 1106 862 beneficium
1158 794 1244 877 bus,
1282 816 1371 886 quas
1400 797 1446 865 ad
1478 795 1684 866 universum
1713 795 1885 888 populum
1916 797 2145 888 pertinentes,

120 916 174 974 est
200 897 463 971 misericordiae
475 893 543 964 Dei
565 894 672 982 gratis
693 895 876 965 donatum.
1159 917 1287 985 paucos
1309 909 1478 988 tanquam
1508 920 1572 987 per
1593 896 1805 968 seditionem
1834 897 2004 970 invadere
2026 899 2152 971 exiet,

223 998 319 1072 Cim
346 998 452 1071 ‘llud'
479 995 739 1078 ‘cummium’
779 1019 850 1088 (1¹¹⁰
881 996 1009 1086 Pf⁰b³l
1031 1017 1106 1065 1¹⁰⁰
1159 997 1315 1067 mabsnt.
1364 994 1512 1089 Colligit
1526 1000 1636 1089 igitur
1651 996 1784 1070 Paulus
1802 1000 2006 1070 testimonia
2019 1002 2067 1072 de
2083 1026 2145 1072 so-

122 1128 197 1178 esse
212 1116 414 1175 nostrarum
433 1097 584 1182 virium,
610 1098 738 1167 mereri
760 1097 922 1171 salutem.
974 1094 1017 1167 ln
1038 1092 1107 1167 hoc
1158 1098 1296 1169 catione
1316 1099 1496 1190 gentium,
1526 1116 1560 1173 et
1586 1104 1631 1172 de
1655 1101 1853 1172 deiectione
1876 1099 2092 1176 ludaeorum
2108 1116 2144 1177 et

123 1205 272 1279 excitavi
293 1217 328 1275 te
343 1217 408 1275 etc.
431 1222 649 1294 consequens
670 1213 740 1285 est,
765 1197 878 1290 ·Ergo
904 1197 1005 1269 cuius
1029 1198 1108 1269 vult
1159 1200 1277 1271 obiter
1292 1201 1427 1274 meritis
1443 1225 1565 1275 rursus
1582 1198 1738 1275 detrahit
1753 1198 1940 1283 bonorem,

122 1311 326 1385 miseretur,
352 1318 387 1375 et
403 1327 507 1397 quern
522 1302 601 1372 vult
616 1302 778 1387 indurat,
809 1302 932 1386 idest,
958 1323 1033 1370 non
1056 1313 1107 1370 est

124 1423 327 1481 nostrarum
350 1405 481 1475 virium
507 1403 729 1487 iustificatio,
763 1403 823 1473 sed
845 1402 1108 1473 misericordiae
1537 1436 1603 1525 ca
1631 1447 1676 1525 ut
1716 1441 1773 1525 x

19 1550 23 1558 ·
122 1511 210 1595 Dei,
250 1533 330 1581 cum
359 1531 435 1579 oon
458 1505 646 1579 miseretur
667 1503 786 1591 Deus,
824 1517 1046 1598 perseverant
1069 1504 1108 1573 in
1602 1465 1630 1551 p

122 1613 302 1707 impietate
328 1604 503 1682 homines.
1262 1603 1377 1697 Supra
1393 1605 1508 1698 coepit
1523 1608 1568 1677 de
1582 1608 1773 1680 reiectione
1789 1606 2001 1681 ludaeorum
2020 1610 2147 1693 dicere,

409 1792 413 1799 ¹
1163 1705 1203 1776 in
1230 1700 1299 1777 hoc
1330 1707 1409 1777 loco
1439 1722 1625 1781 consumet
1648 1725 1683 1782 et
1705 1713 1778 1783 duo
1797 1711 1982 1804 sequeutia
2014 1713 2145 1804 capita:

434 1787 594 1857 sama.
613 1795 802 1874 oscuras..
1165 1803 1255 1878 nun
1276 1808 1385 1899 igitur
1409 1811 1494 1880 novt
1515 1806 1575 1881 tae
1598 1811 1773 1899 instruo,
1811 1815 1871 1883 sea
1896 1814 2012 1905 pergit
2033 1816 2147 1887 taen

230 1914 366 1990 lterum
396 1913 521 1984 inserit
544 1913 804 1999 obiectionem,
845 1912 988 1984 videtur
1015 1911 1111 1983 enim
1164 1912 1209 1980 de
1225 1907 1436 1981 ludaeorum
1457 1913 1672 2001 deiectione,
1693 1928 1727 1986 et
1741 1915 1933 2009 aliquanto·
1949 1929 2033 2008 post
2051 1917 2146 1989 testi-

125 2035 279 2093 extreme
292 2018 507 2094 absurdum,
534 2016 671 2101 dicere,
697 2018 793 2110 quod
813 2015 950 2087 nonsit
971 2029 1111 2087 nostra·
1164 2012 1285 2082 monia
1307 2014 1409 2104 plura
1435 2015 1610 2087 recitabit.
1661 2015 1733 2089 Sed
1755 2041 1830 2087 non
1855 2030 1972 2107 potest
1994 2018 2053 2089 vir
2066 2040 2146 2091 san-

125 2146 207 2196 rum
229 2120 361 2191 virium
384 2117 596 2192 iustificatio.
665 2115 707 2189 si
730 2141 796 2188 uos
820 2141 894 2188 non
922 2140 1112 2210 possumus
1165 2127 1240 2186 ctus
1271 2127 1390 2186 tantae
1421 2116 1629 2188 calamitatis
1652 2119 1873 2203 meminisse,
1904 2143 1967 2189 sen
1988 2121 2065 2191 irae
2082 2117 2145 2191 Dei

124 2222 328 2307 iustificari,
353 2220 423 2290 nisi
439 2219 621 2309 contingat
636 2218 890 2295 misericordia.
942 2215 990 2289 Et
1004 2220 1112 2289 mise-
1164 2229 1301 2298 tantae,
1327 2219 1403 2288 siue
1418 2219 1646 2290 acerbissimo
1662 2221 1789 2292 dolore
1802 2220 1932 2306 animi,
1954 2221 2039 2293 ideo
2053 2221 2144 2293 add‘t

125 2324 317 2407 ricordiam
331 2320 429 2392 Deus
443 2345 518 2390 uon
532 2321 691 2412 impertit
705 2322 892 2405 omnibus,
916 2315 991 2392 Cur
1004 2322 1113 2411 igitur
1165 2316 1337 2400 affectus.
1372 2342 1513 2391 cattum
1536 2322 1645 2392 ellam
1662 2325 1792 2394 erroris
1816 2311 1973 2395 oslendll
1997 2323 2149 2410 luduin.

126 2439 281 2498 accussat
304 2447 371 2494 nos
385 2422 507 2496 Deus?
546 2420 744 2494 inclemens
764 2437 834 2509 est,
861 2423 924 2516 qui
949 2423 1112 2514 impossi-
1165 2432 1205 2490 ut
1219 2415 1286 2492 hac
1300 2421 1458 2505 sublata,
1481 2422 1621 2516 aliquos
1637 2425 1680 2494 ad
1696 2421 1878 2497 Christum
1895 2421 2102 2518 pertrabat.-

126 2530 214 2602 bilia
230 2526 350 2617 erigit,
364 2525 427 2621 qui
442 2524 546 2616 punit
561 2518 723 2595 homines
739 2548 819 2595 eum
833 2526 995 2596 videatur
1008 2525 1112 2616 culpa
1267 2521 1376 2594 luitio
1399 2514 1495 2617 ἦθος
1519 2538 1590 2611 est,
1620 2549 1683 2598 seu
1705 2527 1874 2614 affectus,
1912 2520 1993 2621 llgo
2017 2527 2148 2621 opttus·

126 2632 269 2714 abesse,
295 2625 377 2721 quia
393 2650 466 2696 uon
482 2640 630 2719 possunt
644 2627 862 2698 benefacere.
1166 2623 1250 2696 volo
1270 2623 1428 2707 ludaeis,
1454 2639 1490 2697 et
1505 2651 1572 2718 pro
1587 2627 1638 2698 eis
1654 2653 1731 2702 oro.
2037 2690 2045 2695 .

229 2725 331 2801 Nihil
359 2729 549 2819 respondet
573 2729 618 2797 ad
641 2722 734 2797 hanc
761 2729 1018 2818 obiectionem,
1051 2730 1112 2799 sed
1267 2724 1419 2799 Causam
1445 2729 1576 2800 erroris
1597 2730 1710 2814 tollit,
1744 2743 1870 2822 putant
1894 2730 2070 2807 iusticiam
2090 2755 2140 2801 eo·
2169 2754 2172 2759 ·

126 2832 293 2926 repudiat
312 2853 389 2900 eam
406 2829 518 2901 veluti
536 2829 741 2917 indignam,
766 2825 860 2901 hanc
877 2831 1025 2919 figuram
1049 2856 1114 2901 vo·
1165 2852 1242 2899 ram
1256 2827 1333 2901 Deo
1349 2852 1422 2899 esse
1438 2853 1543 2922 opera
1558 2854 1635 2905 sua.
1679 2830 1804 2926 Neque
1820 2855 1906 2904 sane
1921 2847 2038 2925 potest
2050 2833 2172 2924 aliter:

12 2930 14 2934 '
128 2948 211 3006 cant
236 2927 467 3022 dnodintw,
505 2955 587 3001 cum
617 2947 825 3020 argumento
847 2933 984 3003 dilbcili
1007 2933 1113 3003 nolu·
1166 2927 1320 3003 humana
1344 2931 1436 3001 ratio
1461 2931 1638 3019 iudicare,
1664 2958 1770 3027 quarn
1789 2937 1888 3026 quod
1911 2959 2019 3022 opera
2034 2924 2172 3007 oostrsl

127 3059 209 3107 mus
221 3036 456 3129 respondere,
480 3046 533 3116 et,
558 3047 599 3103 ut
621 3034 806 3105 videamur
828 3035 989 3106 consulta
1011 3059 1114 3127 prae·
1165 3048 1200 3104 et
1223 3034 1368 3128 quidem
1392 3057 1412 3103 a
1436 3032 1512 3109 Deo
1533 3036 1722 3123 mandata,
1760 3039 1913 3108 reddant
1933 3035 2050 3110 Deum
2077 3037 2142 3131 pls·
2170 3092 2172 3099 .

7 3183 12 3202 .
127 3138 256 3228 terite,
288 3137 489 3208 reiieismus
513 3148 681 3227 tanquam
712 3135 1020 3227 intempestivum,
1053 3151 1114 3207 aut
1165 3149 1294 3209 catum.

128 3240 330 3330 indignum.
396 3236 449 3309 lta
477 3234 536 3306 hic
567 3235 699 3308 Paulus
727 3237 899 3328 significat
929 3238 1113 3328 indignam
1268 3233 1399 3308 Obiter
1430 3230 1498 3309 boc
1528 3238 1607 3311 loco
1639 3239 1809 3311 inseritur
1837 3240 1983 3313 collatio
2018 3239 2150 3313 iusticia·

130 3365 204 3412 esse
219 3341 475 3422 obiectionem,
501 3338 551 3409 ait
570 3361 636 3408 nos
660 3361 734 3408 non
750 3341 877 3409 debere
893 3340 1115 3430 expostulare
1165 3339 1252 3428 legis
1277 3353 1312 3409 et
1334 3339 1494 3411 iusticiae
1519 3341 1616 3412 fidei.
1666 3340 1713 3414 Et
1737 3355 1853 3413 sumta
1876 3357 1927 3414 est
1946 3344 2090 3415 collatio
2109 3366 2141 3412 er

130 3467 212 3513 cum
226 3444 307 3514 Deo
316 3491 328 3526 ,
350 3441 433 3534 quia
451 3439 527 3511 Deo
541 3439 646 3510 liceat
659 3440 713 3508 uti
738 3443 908 3512 creaturis
931 3465 996 3532 pro
1017 3444 1115 3513 arbi·
1167 3440 1475 3514 definitionibus.'
1520 3440 1609 3511 Nam
1639 3467 1720 3515 cum
1751 3444 1895 3516 dixisset
1917 3441 2069 3516 ludaeos
2096 3444 2142 3513 ni·

130 3545 214 3618 trio.
264 3539 378 3615 addit
400 3542 543 3612 deluto
567 3553 602 3611 et
624 3541 732 3632 figulo
755 3542 1050 3628 similitudinem,
1075 3559 1115 3616 ut
1167 3542 1280 3614 mium
1296 3541 1451 3613 tribuere
1467 3543 1624 3615 iusticias
1639 3544 1744 3636 legis,
1770 3548 1903 3635 profuit
1920 3549 2053 3619 addere
2068 3547 2143 3618 deb-

129 3646 192 3717 bat
215 3645 345 3716 clarior
365 3644 456 3716 ratio
480 3643 683 3735 repudiatae
698 3644 926 3729 obiectionis‚
953 3645 1116 3718 videlicet
1169 3645 1323 3715 uitiones
1336 3644 1496 3716 iusticiae
1510 3646 1596 3734 legis
1612 3662 1647 3717 et
1663 3647 1823 3720 iusticiae
1839 3648 1935 3724 fidei.
2103 3648 2110 3659 ’

131 3749 229 3841 quod
243 3741 335 3818 nihil
350 3747 476 3818 debeat
498 3744 600 3817 nobis
616 3740 732 3832 Deus,
751 3769 861 3839 quare
885 3771 961 3818 uon
986 3749 1116 3818 debea-
1271 3743 1451 3817 [usticiam
1489 3747 1575 3836 legis
1603 3749 1728 3821 definit
1760 3774 1802 3820 er
1832 3752 1952 3822 verbis
1983 3747 2143 3822 Levitici:

131 3873 212 3922 mus
228 3872 309 3922 eum
325 3871 505 3929 accusare,
531 3859 566 3917 et
581 3861 748 3943 tanquam
768 3849 805 3916 in
820 3849 876 3919 ius
894 3873 1028 3921 vocare.
1170 3847 1243 3938 Qui
1261 3848 1384 3920 fecerit
1399 3873 1459 3935 es,
1487 3849 1583 3920 vivet
1606 3851 1643 3919 in
1663 3853 1725 3924 eis.
1775 3850 1955 3922 lusticiam
1969 3853 2053 3923 fidei
2069 3852 2151 3924 deb·-

234 3946 300 4022 Est
325 3951 363 4019 io
386 3947 553 4022 hocloco
578 3942 907 4039 ἀνανταπόδοτον,
934 3951 1115 4044 quianon
1169 3952 1224 4023 uit
1255 3974 1296 4020 ex
1329 3951 1446 4021 verbis
1472 3950 1771 4023 Deuteronomii:
1815 3949 1957 4025 lusticia
1983 3954 2068 4026 lidei
2092 3966 2145 4035 est,

131 4053 275 4125 uidetur
304 4053 465 4123 absoluta
495 4053 721 4121 constructio.
795 4050 835 4123 Si
867 4050 963 4122 Deus
993 4053 1118 4123 rolens
1168 4049 1299 4124 habere
1318 4053 1466 4122 verbum
1486 4052 1525 4122 iu
1542 4055 1649 4123 corde
1673 4067 1706 4124 et
1731 4077 1813 4142 ore,
1838 4057 1989 4128 verbum
2009 4058 2144 4152 inquam

134 4154 442 4245 ostendereiram‚
465 4152 630 4223 toleravit
643 4176 724 4223 vasa
738 4166 801 4226 etc.
847 4150 1116 4225 Circumductio
1170 4156 1265 4249 quod
1290 4156 1530 4245 praedicamus
1550 4157 1595 4224 de
1617 4149 1771 4227 Christo.

134 4257 184 4328 ita
204 4255 271 4327 erit
292 4255 453 4345 integra,
477 4255 505 4323 si
529 4265 709 4346 repetatur
738 4278 779 4324 es
808 4256 1008 4344 superiore,
1041 4280 1116 4327 non
1273 4254 1348 4326 Alii
1371 4256 1474 4326 aliter
1493 4269 1645 4327 tractant
1671 4255 1762 4329 hanc
1781 4261 2023 4337 collationem.
2078 4254 2144 4347 Ego

135 4371 188 4430 est
203 4371 305 4431 tuum
323 4351 580 4448 reprehendere
597 4356 673 4426 eius
689 4356 889 4426 consilium.
1171 4358 1372 4430 collationis
1402 4370 1531 4429 statum
1565 4359 1718 4450 positum
1759 4383 1835 4432 esse
1874 4363 1995 4433 iudico
2028 4363 2067 4432 in
2097 4357 2145 4431 hit

238 4455 308 4528 Hic
327 4458 454 4551 incipit
477 4457 623 4527 recitare
647 4458 850 4528 testimonia
867 4460 910 4528 de
932 4458 1117 4530 vocatione
1171 4458 1355 4529 membris:
1388 4457 1538 4545 Facere,
1571 4474 1607 4530 et
1631 4459 1789 4533 Verbum
1814 4459 1944 4534 habere
1967 4465 2007 4534 in
2039 4463 2145 4535 corde.

136 4558 316 4652 gentium,
353 4575 388 4630 et
411 4561 455 4628 de
485 4559 681 4630 delectione
703 4556 929 4634 ludaeorum.
1001 4559 1116 4653 Supra
1171 4559 1268 4632 Haec
1289 4563 1448 4632 membra
1479 4561 1727 4635 definitionum
1752 4566 1888 4657 opponi
1919 4566 2015 4637 inter
2040 4590 2077 4638 se
2096 4587 2145 4635 ar·

137 4663 234 4732 enim
250 4662 326 4733 diri
345 4658 496 4731 ludaeos
512 4660 727 4752 disputasse,
753 4663 848 4755 quod
864 4663 908 4732 ad
926 4662 1020 4754 ipsos
1038 4686 1119 4753 per·
1172 4664 1298 4736 bitror.
1349 4661 1440 4737 Vult
1465 4665 1560 4733 enim
1583 4664 1759 4754 insignem
1781 4666 2021 4738 differentiam
2034 4686 2148 4739 earuttt

135 4765 292 4835 linerent
306 4762 574 4855 promissiones,
599 4785 673 4833 non
693 4765 740 4833 'ad
765 4776 905 4854 gentes,
929 4765 1026 4858 quod
1050 4765 1119 4852 ipsi
1171 4788 1390 4857 proponere,
1422 4778 1457 4835 et
1487 4765 1617 4836 diserte
1649 4769 1793 4854 docere,
1828 4772 1923 4862 quod
1949 4793 2058 4861 opera
2080 4789 2145 4839 noo

136 4868 236 4938 cultu
252 4888 315 4935 suo
328 4878 549 4934 mererentur
565 4865 726 4954 gratiam.
782 4864 854 4937 Sed
877 4860 946 4935 hoc
970 4867 1119 4937 scanda-
1170 4867 1243 4937 sint
1258 4866 1396 4936 iusticia
1411 4863 1497 4951 Dei,
1521 4879 1562 4937 ut
1575 4890 1731 4939 errorem
1751 4867 1964 4941 ludaeorum
1985 4871 2081 4943 clare
2098 4893 2147 4941 re.-

135 4968 212 5040 lum
233 4966 348 5036 muho
369 4966 475 5038 etiam
500 4967 611 5055 magis
634 4966 746 5038 movit
769 4966 983 5052 imbecilles,
1020 4969 1117 5061 quod
1170 4962 1391 5060 prehendere
1407 4967 1637 5058 intelligatur.
1692 4969 1832 5042 lusticia
1853 4972 1940 5062 legis
1961 4986 2015 5045 est
2031 4976 2148 5054 faeere,

135 5083 208 5142 tam
224 5067 329 5160 pauci
351 5091 392 5137 ex
409 5065 547 5137 ludaeis
562 5069 799 5142 crediderunt.
852 5065 975 5161 ltaque
994 5069 1118 5159 dispu—
1171 5070 1208 5140 id
1227 5082 1295 5155 est,
1321 5083 1462 5140 externa
1483 5094 1589 5161 opera
1611 5071 1750 5143 ratione
1768 5074 1930 5145 imitante
1946 5074 2059 5165 legem
2080 5075 2148 5145 stt·

135 5172 260 5243 tabant
277 5165 374 5240 hunc
397 5192 469 5239 nou
493 5190 567 5240 esse
581 5164 784 5242 Christum.
806 5192 912 5262 quem
936 5171 1116 5259 praedica·
1172 5195 1260 5247 cere.
1320 5166 1371 5243 At
1396 5171 1532 5244 iusticia
1558 5174 1641 5242 fidei
1664 5188 1734 5261 est,
1766 5171 1908 5248 Habere
1937 5180 2089 5251 verbum
2115 5175 2150 5245 in

134 5272 226 5344 bant
246 5268 429 5362 Apostoli,
455 5272 539 5367 quia
566 5269 817 5362 promissiones
838 5271 884 5340 de
906 5266 1050 5344 Christo
1073 5271 1118 5343 ad
1171 5275 1276 5344 corde
1303 5287 1339 5343 et
1359 5296 1439 5358 ore,
1477 5274 1578 5369 quasi
1599 5276 1711 5348 dicat:
1745 5275 1820 5349 Vos
1846 5279 2035 5352 somniatis
2057 5279 2172 5351 insti·¹

123 5372 343 5445 -universum
359 5372 552 5474 populum.
576 5385 638 5445 aut
659 5382 754 5443 certe
773 5372 820 5444 ad
840 5372 1028 5447 maximam
1052 5397 1119 5469 po-
1173 5376 1264 5448 ciam
1280 5376 1352 5450 Dei
1369 5397 1444 5449 esse
1458 5401 1565 5470 opera
1581 5390 1715 5466 vestra,
1737 5376 1813 5451 Nos
1828 5403 1913 5453 vero
1928 5380 2040 5476 longe
2052 5382 2163 5455 uisu
