4522 5782
88 210 160 295 m
231 210 334 288 xm.
361 206 398 286 s.
425 203 761 287 mannmrro
787 206 841 283 m
864 202 1022 287 mur.
1047 184 1195 285 ram:
1222 190 1297 283 an·
1312 204 1669 305 conossnusns.
1717 208 1822 294 car.
1850 168 1916 291 111ss
1995 219 2095 298 :aas

88 384 228 457 mnibus
242 379 446 470 haereticis,
470 384 637 455 omnibns
654 384 833 455 idolorum
852 380 1049 455 cultoribus
1099 380 1241 467 mitate,
1282 382 1343 453 sed
1371 385 1459 456 scias
1483 384 1601 459 Denm
1624 386 1692 458 tibi
1714 388 1970 481 opitulaturum
1995 416 2086 481 esse,
2171 410 2177 419 ·

88 486 630 579 :omnibuspraestigiatoribus.
671 480 1048 561 ltemz'l'imothdu
1098 497 1140 556 ut
1161 484 1299 555 labores
1321 486 1393 558 sint
1414 488 1667 573 felices,*sicut
1689 491 1775 561 alibi
1800 493 1916 587 inquit
1933 493 2083 565 Paulus:

88 582 226 661 ormam
256 590 370 661 retine
400 613 567 661 sanorum
592 610 809 663 sermonum,
859 584 909 661 Ut
929 601 1046 660 autem
1097 582 1218 671 Labor
1233 599 1348 657 vester
1366 613 1439 657 non
1462 590 1529 660 erit
1544 590 1661 659 inanis
1679 591 1717 662 in
1734 595 1905 670 Domino.
1959 592 2085 674 lohan.

88 692 209 783 :dicari
223 702 258 763 et
272 686 375 761 vitari
392 692 614 784 corruptelae
627 706 660 762 et
675 689 883 785 praestigiae
897 690 1047 783 possint,
1101 686 1176 759 lt:
1206 686 1278 778 Qui
1296 705 1417 761 manet
1435 692 1473 760 in
1494 716 1549 759 me
1564 706 1596 762 et
1611 715 1674 782 ego
1689 695 1727 763 in
1744 720 1804 780 eo,
1830 692 1887 766 bic
1905 698 1991 770 feret
2007 699 2083 768 iru-

88 802 197 865 messe
214 806 265 865 cst
280 806 373 865 rect'c
389 794 509 864 doceri
525 788 708 877 homines,
734 792 994 862 commonelieri
1012 805 1045 861 et
1097 803 1192 862 mum
1210 792 1405 883 copiosum.
1458 791 1600 862 Psalmo
1621 797 1670 868 1.:
1704 792 1751 868 Et
1774 797 2083 872 foliumeinsnon

87 896 238 965 nendari
262 895 367 965 falsas
390 895 597 989 opiniones,
631 895 722 967 sicut
743 908 779 989 et
797 891 965 967 Provcrh.
984 893 1044 964 50.
1097 892 1247 977 delluet,
1275 906 1309 964 et
1325 895 1444 964 omnia
1463 918 1554 988 quae
1572 896 1693 982 saciet,
1718 913 1822 968 erunt
1837 925 2017 993 prospera.

88 998 206 1071 ¹uitur:
230 992 351 1067 Omne
370 1000 517 1068 verbum
535 994 603 1067 Dei
626 1009 813 1089 purgatum
839 996 972 1087 clipeus
994 1007 1046 1065 est
1197 993 1300 1064 Hanc
1334 1009 1443 1068 totam
1476 997 1634 1088 regulam
1670 997 1802 1070 Psalmi
1837 1005 2082 1095 complectitur

88 1100 280 1170 ¹verarrtibus
316 1113 462 1191 propter
500 1101 629 1193 ipsum.
680 1096 873 1187 Purgatum
916 1097 1043 1191 inquit,
1095 1092 1226 1166 Paulus
1242 1097 1423 1191 inquiens:
1451 1094 1584 1169 Omnia
1602 1101 1704 1172 lacite
1720 1103 1757 1171 in
1773 1106 1919 1174 nomine
1935 1106 2082 1177 Domini

88 1215 147 1272 cut
178 1202 319 1272 metalla
348 1215 569 1296 coquuntur,
611 1214 650 1272 nt
676 1201 735 1269 liat
764 1198 1041 1290 segregatioer-
1095 1195 1193 1282 lesu,
1226 1200 1352 1280 idest,
1386 1202 1425 1269 in
1446 1225 1527 1271 vera
1551 1202 1730 1292 agnitione
1756 1206 1820 1275 tilii
1846 1204 1931 1293 Dei,
1957 1209 2025 1277 lide
2048 1225 2084 1279 et

88 1305 163 1373 :ndi
194 1316 226 1372 et
256 1304 403 1374 scoriae.
453 1301 514 1375 Sir
553 1303 721 1372 discendo
756 1304 956 1395 quaerenda
990 1312 1041 1370 est
1094 1300 1336 1388 invocatione,
1363 1317 1396 1375 et
1412 1303 1614 1376 referantur
1639 1307 1759 1378 omnia
1776 1310 1820 1378 ad
1844 1310 1993 1399 gloriam
2015 1310 2082 1383 filii
2182 1296 2190 1309 ⁸

88 1406 199 1496 :opria
222 1419 257 1477 et
277 1406 397 1476 nativa
417 1404 610 1490 sententia,
648 1419 684 1476 et
704 1406 939 1475 removendae
960 1415 1042 1472 sunt
1081 1398 1173 1473 ·Dei.

88 1508 188 1579 rdes,
239 1505 321 1577 ldeo
350 1505 481 1578 Paulus
507 1508 623 1579 addit:
663 1503 838 1577 Ducentes
861 1517 895 1575 et
920 1528 1041 1573 emen·
1197 1501 1250 1575 Ac
1278 1528 1380 1598 saepe
1407 1509 1677 1581 considerentur
1701 1511 1879 1584 actionum
1904 1514 2079 1585 honarum

88 1623 178 1681 tutes
200 1632 261 1679 vos
286 1623 422 1679 mutuo.
1058 1615 1063 1629 '
1093 1628 1216 1676 causae
1231 1608 1420 1679 allicientes
1435 1624 1468 1680 et
1488 1611 1620 1680 finales.
1662 1609 1864 1685 Efficientes
1881 1629 1964 1687 sunt
1980 1640 2079 1688 mons

156 1740 248 1815 Cum
278 1744 388 1833 igitur
412 1741 577 1813 audimus
600 1742 755 1835 praecipi
784 1741 942 1812 studium
976 1740 1042 1811 do,
1093 1708 1236 1828 intuens
1264 1708 1556 1831 praeceps-uultu,
1597 1726 1632 1784 et
1653 1716 1808 1834 cpgitans
1832 1714 2079 1835 llvangelium,
2173 1818 2178 1827 ἡ

88 1847 158 1917 Μὶ
183 1859 217 1916 ει
240 1846 421 1935 discendi,
455 1843 773 1929 obediamuffleo,
809 1839 1042 1914 ethoslabsp
1093 1810 1256 1881 videlieet
1295 1836 1566 1903 promissionem
1597 1800 1728 1904 *trae
1753 1831 1787 1888 et
1810 1821 1896 1888 alias
1926 1821 2101 1911 promis,

88 1972 110 2019 ,ὅ
134 1948 287 2019 docendi
310 1961 345 2017 e,
367 1947 526 2017 discendi
557 1959 700 2039 propter
732 1947 938 2017 mandatum
971 1944 1042 2014 Dei
1092 1912 1219 1985 aiones.
1271 1911 1325 1983 lbi
1348 1915 1441 1985 lilius
1463 1914 1501 1983 in
1525 1917 1688 1988 credente
1710 1921 1811 1991 docet
1839 1933 2012 2006 mentem,
2040 1936 2074 1993 et

88 2074 231 2131 nemus,
259 2045 795 2140 etplacmeoeneosciamus·
848 2045 1041 2118 sedsqmul
1092 2015 1206 2134 lucem
1230 2015 1411 2100 accendit,
1437 2029 1468 2086 et
1493 2018 1600 2087 simul
1616 2035 1732 2090 movet
1755 2023 1973 2094 voluntatem
1993 2022 2078 2115 Spi-

88 2152 219 2223 liuucta
250 2153 295 2221 sit
328 2150 527 2235 invocatio,
575 2151 667 2221 sicut
696 2149 815 2243 inquit
846 2144 1040 2218 Dominus:
1092 2130 1329 2237 ‘'¹¹¹⁸3nclff’,
1351 2131 1391 2187 ¹¹¹
1413 2119 1630 2237 ⁰blf³¹¹¹l³⁰l²¹
1656 2135 1692 2192 ‘l
1716 2123 1761 2191 δὴ
1785 2124 1905 2204 firm:
1932 2138 2078 2216 l'il‘liet

90 2253 701 2327 rapeneinmfisinpemmonem·
749 2250 855 2321 hem:
883 2248 1040 2339 Quando
1090 2231 1206 2311 speret
1222 2219 1393 2290 anmlrum
1408 2218 1494 2305 Der,
1521 2235 1613 2312 petat
1630 2224 1743 2292 bonos
1758 2226 2077 2311 eventus,etiamsi

88 2356 165 2447 δεῖ,
189 2369 288 2446 pam
318 2368 430 2425 mm,
454 2354 613 2433 coelestis
637 2356 736 2424 dabit
757 2352 931 2444 spitum„
959 2375 1041 2420 san·
1091 2342 1217 2411 magna
1233 2321 1388 2409 pericula
1406 2325 1652 2397 ostenduntur.
1686 2324 1830 2445 Finales
1845 2334 2078 2413 causaesunt,

1090 2435 1131 2492 ut
1153 2421 1350 2493 celebretur
1366 2419 1481 2508 Deus,
1507 2439 1646 2495 mancat
1661 2423 1837 2512 Ecclesia,
1863 2443 1898 2499 et
1920 2430 2077 2499 vitentur

88 2480 150 2528 um
172 2456 385 2549 petentibus.
437 2455 493 2527 Sit
514 2458 618 2527 etiam
642 2456 799 2526 studium
820 2453 897 2523 sine
917 2449 1040 2543 sophi·
1690 2529 1700 2546 ⁶
1905 2531 1914 2549 ο

88 2558 159 2645 ica,
196 2559 272 2628 sine
296 2559 498 2629 curiositate
517 2559 711 2651 quaerendi
734 2581 808 2626 non
832 2555 1040 2639 necessaria,
1089 2547 1225 2642 P⁰⁰¹¹³⁰
1246 2537 1310 2595 ²¹⁰·
1333 2603 1337 2611 ·
1362 2520 1439 2592 Hae
1454 2549 1577 2596 ‘³⁰⁸³‘
1592 2550 1672 2597 ‘⁰¹¹¹
1688 2554 1727 2597 ¹¹¹
1743 2526 1872 2621 1⁰⁸⁰Pl¹
1886 2544 1959 2602 ‘¹¹¹1
1974 2533 2077 2602 Valde

107 2658 296 2755 Syracides
311 2661 500 2753 praecipit:
528 2658 581 2729 Ne
596 2660 733 2731 curiose
750 2681 898 2754 quaeras
913 2658 951 2726 in
966 2680 1039 2728 ser·
1089 2626 1264 2710 ¹ll⁰⁸l‘²⁸’
1306 2627 1504 2717 exemplum
1536 2629 1611 2747 {5¹¹⁸
1642 2651 1745 2722 ⁸³⁰l¹⁸
1773 2633 1976 2722 willelm*
2027 2628 2077 2753 lit

88 2756 220 2835 finibus
241 2762 312 2834 mis
335 2786 408 2832 non
432 2762 635 2832 necessaria·
1089 2722 1154 2796 has
1178 2751 1299 2797 causas
1321 2751 1445 2798 omnes
1468 2729 1657 2801 efficientes
1675 2746 1709 2803 et
1727 2734 1848 2803 finales
1871 2736 2075 2829 complecti-

1089 2841 1148 2899 tur
1172 2828 1324 2913 Paulus,
1362 2853 1441 2900 tum
1464 2831 1562 2902 iubet
1586 2834 1706 2903 omnia
1730 2836 1843 2905 facere
1869 2837 1907 2904 in
1930 2836 2077 2907 nomine

88 2961 425 3066 musquodcunquc
442 2961 634 3064 sucitisin
652 2962 838 3036 verboaul
855 2975 1036 3063 operette.
1088 2928 1267 3104 gffi’mld
1293 2944 1363 3014 ω’
1404 2932 1443 3001 ln
1475 2933 1657 3024 agulllm'e
1686 2937 1781 3023 ⁰5⁰³:
1821 2938 1889 3008 fide
1914 2952 1949 3010 el
1973 2940 2076 3009 lm·

154 3136 291 3229 Regula
327 3138 418 3208 vitae
453 3149 523 3206 est:
573 3136 796 3208 Commendo
828 3137 908 3208 Deo
943 3138 1036 3207 viam

89 3264 169 3323 arn,
196 3254 229 3309 et
245 3262 345 3332 spera
362 3240 398 3306 in
416 3262 516 3323 eum,
543 3252 578 3308 et
594 3239 668 3329 ipse
683 3240 796 3308 faciet.
847 3237 940 3308 Psal.
960 3240 1036 3314 uu:

88 3345 117 3413 ia
134 3342 306 3431 significat
323 3341 540 3410 vocationem
559 3354 591 3409 et
605 3342 724 3409 omnia
744 3342 857 3410 officia
881 3342 1037 3410 vocatio·

89 3469 127 3525 a,
148 3445 183 3513 id
201 3456 269 3528 est,
285 3442 428 3511 'laboris
446 3437 603 3525 honesti,
630 3442 673 3511 ad
691 3466 795 3535 quem
811 3455 903 3511 recte
921 3443 1036 3513 vocati

92 3569 185 3619 mus.
226 3543 375 3614 Vocatio
393 3545 486 3613 enim
503 3567 577 3612 non
594 3558 644 3613 est
660 3544 763 3633 impii
778 3544 920 3613 laboris.
962 3542 1036 3614 Do·

89 3662 103 3719 t
118 3648 229 3738 igitur
245 3645 405 3716 Psalmus
420 3669 544 3715 omnes
559 3659 697 3716 nostras
714 3645 870 3716 actiones
886 3645 958 3735 regi
974 3648 1035 3715 de-

88 3774 135 3820 ne
160 3749 235 3840 lege
256 3747 323 3817 Dei
343 3760 376 3817 et
393 3746 598 3837 Evangelio.
649 3746 721 3817 Lex
744 3749 917 3836 ostendit,
946 3773 1036 3842 quae
1187 3736 1323 3809 lustum
1343 3738 1515 3828 significat
1530 3741 1690 3813 debiturn
1711 3767 1772 3819 seu
1796 3745 2000 3819 ordinatum
2020 3748 2074 3817 le·'

88 3853 206 3923 tiones
225 3848 301 3919 Deo
318 3851 494 3939 placeant,
520 3848 753 3938 Evangelium
774 3851 930 3920 ostendit
946 3876 1036 3942 quo·
1086 3840 1188 3930 gibus
1211 3840 1344 3909 divinis
1365 3856 1398 3912 et
1419 3844 1592 3932 positivis.
1661 3844 1731 3916 Hic
1754 3849 1848 3916 enim
1869 3850 1914 3918 de
1935 3849 2074 3922 iusticia
2132 3898 2138 3913 Χ

88 3954 158 4023 ndo
181 3953 359 4044 placeant,
404 3952 585 4035 videlicet,
624 3975 704 4021 cum
731 3953 909 4041 praelucet
936 3952 1035 4042 fides,
1086 3941 1189 4032 legali
1220 3943 1368 4021 dicitur,
1405 3955 1445 4012 ut
1473 3968 1545 4013 non
1571 3959 1621 4015 est
1645 3947 1776 4018 iustum
1798 3940 2073 4044 servis-eripere

88 4077 244 4135 :noscens
274 4054 385 4123 lilium
409 4052 495 4136 Dei,
536 4064 570 4122 et
594 4052 769 4142 accipiens
792 4052 1035 4123 remissionem
1085 4043 2074 4136 coniuges,³1¹1⁸fflelu⁵l³t³¹¹⁸³²⁰⁸l¹¹l0rfi0010‚aut

88 4169 273 4227 :cestorum
292 4170 325 4225 et
338 4153 683 4239 reconciliationem,
706 4168 741 4225 et
757 4157 926 4224 invocans
941 4179 1035 4242 eum,
1086 4168 1159 4214 ¹¹⁰⁰
1181 4147 1267 4214 dare
1292 4149 1438 4220 vicium·
1500 4146 1584 4219 ldto
1616 4152 1797 4239 Augustus
1826 4168 1919 4224 recte
1942 4155 2073 4228 liberat

88 4281 171 4327 ,nos
187 4259 348 4340 adiuvet,
374 4258 465 4326 sicut
479 4257 613 4349 inquit:
641 4257 727 4327 Sine
748 4281 803 4327 me
826 4253 918 4326 nihil
936 4271 1034 4347 pote·
1084 4270 1243 4332 servum,
1278 4271 1382 4340 quem
1406 4248 1574 4320 dominus
1595 4250 1708 4324 voluit
1727 4253 1943 4342 interficere,
1974 4260 2072 4351 quod

88 4362 112 4429 is
135 4360 266 4443 faeere,
297 4358 411 4428 Petite
432 4370 464 4427 et
487 4359 683 4449 accipietis,
718 4373 751 4428 et
773 4372 929 4429 statuens
960 4359 1033 4429 Deo
1079 4349 1563 4443 fflssusrflgeralcrysslallum·
1615 4351 1760 4447 thuia
1783 4358 1990 4429 demensum
2011 4384 2073 4431 ve-

88 4486 187 4532 acere
212 4457 276 4530 hos
300 4461 457 4539 labores,
484 4485 686 4553 quanquam
712 4484 833 4530 sumus
850 4462 952 4529 valde
975 4461 1033 4529 in.
1084 4464 1140 4520 tus
1161 4450 1227 4519 luit
1244 4451 1404 4539 largum,
1436 4468 1580 4543 apparet
1602 4469 1734 4525 veteres
1756 4458 1932 4549 sapienter
1953 4463 2072 4530 tonsi-

88 4564 145 4632 mi
158 4577 192 4634 et
208 4564 365 4651 indigni,
394 4575 428 4632 et
446 4562 556 4631 multa
580 4563 831 4653 impedimenta
855 4563 1033 4632 obiiciun.
1083 4553 1240 4629 derasae,
1268 4554 1353 4644 quid
1376 4550 1501 4622 natura
1518 4556 1609 4625 ferre
1629 4571 1763 4647 posset,
1788 4572 1822 4629 et
1838 4561 1944 4631 fuisse
1959 4565 2070 4639 iustos

88 4690 127 4749 r,
155 4689 218 4735 nec
243 4679 359 4736 tamen
383 4665 459 4733 sore
478 4663 619 4750 irritos,
655 4680 689 4733 et
711 4664 863 4733 referens
885 4664 1032 4733 consilia
1056 4618 1060 4723 l
1082 4665 1117 4723 el
1147 4654 1329 4723 beneficos·
1383 4654 1455 4726 Uni
1483 4658 1578 4725 enlm
1607 4661 1757 4729 dabatur
1782 4664 1940 4754 quotidie
1968 4667 2069 4756 panis

88 4763 361 4850 illuminem,
392 4779 433 4835 ut
448 4762 650 4836 Deusrecte
665 4780 874 4855 agnoscatur
891 4782 924 4838 et
942 4766 1032 4837 cele·
1083 4754 1203 4825 velens
1232 4757 1346 4827 tribus
1378 4759 1533 4826 nummis
1564 4758 1746 4847 lllisnicis,
1790 4765 1874 4833 item
1899 4767 2068 4837 sextarius

88 4882 191 4957 etur,
208 4883 347 4938 maneat
362 4865 535 4949 Ecclesia,
563 4880 597 4936 et
613 4891 685 4937 non
704 4869 916 4939 dilaceretur
930 4893 1031 4937 scan-
1082 4858 1175 4937 vini,
1198 4871 1311 4927 certus
1327 4860 1453 4927 modus
1468 4860 1647 4952 carnium,
1670 4864 1818 4936 ficorum
1840 4880 1901 4936 aut
1916 4868 2067 4937 aliorum

88 4971 370 5040 tisetdissioiis.
429 4966 512 5036 ldeo
537 4968 575 5035 in
598 4962 666 5038 hoc
691 4971 788 5038 dicto
812 4968 943 5040 Psalmi
966 4970 1031 5039 ad·
1081 4960 1327 5033 obtonlorum·
1379 4956 1474 5028 Haec
1496 4962 1713 5051 obligatione
1730 4968 1829 5038 civili
1848 4984 1948 5040 erant
1966 4970 2067 5040 debi-

88 5087 146 5142 tur
179 5073 388 5162 promissio:
432 5067 509 5161 lpse
535 5070 650 5142 laciet.
698 5068 918 5140 Commenda
952 5069 1030 5140 Deo
1082 5074 1137 5146 ta,
1163 5060 1697 5153 quaePaulnsnomiuatlusta.
1749 5069 1827 5139 Etsi
1844 5070 1937 5138 enim
1956 5068 2082 5149 luris-,

88 5198 141 5244 am
164 5186 281 5251 tuam,
314 5175 349 5243 id
374 5184 442 5259 est,
476 5172 514 5239 in
540 5171 664 5239 officiis
688 5173 903 5261 vocationis,
938 5194 1029 5264 quae
1053 5236 1055 5243 ,
1081 5163 1233 5268 consulti
1258 5178 1451 5255 quaerunt,
1483 5189 1528 5235 an
1546 5171 1750 5259 coniugium
1772 5171 1818 5241 sit
1839 5171 1930 5239 servi
1950 5186 1985 5245 et
2002 5197 2070 5243 an-

88 5289 141 5346 rta
164 5279 329 5345 mandata
350 5274 420 5345 Dei
442 5274 547 5356 facis,
573 5287 666 5343 recte
681 5274 807 5343 invoca
826 5270 940 5343 Deum
960 5274 1029 5344 lide
1052 5248 1055 5309 l
1079 5265 1200 5348 cillae,
1235 5279 1352 5334 tamen
1375 5267 1493 5356 regula
1518 5270 1699 5339 verissima
1721 5284 1790 5340 est:
1831 5269 1983 5345 Vincula
2006 5275 2063 5345 di·

92 5400 174 5470 spe,
200 5401 266 5449 nec
290 5375 499 5449 deterrearis
524 5388 583 5446 tua
607 5376 818 5467 indignitate
842 5390 904 5446 aut
927 5377 1028 5446 infir.
1078 5367 1161 5436 vina
1178 5380 1211 5436 et
1227 5370 1401 5439 naturalia
1423 5371 1534 5457 ligant
1549 5394 1668 5442 servos
1687 5387 1720 5445 et
1744 5372 1897 5445 liberos.
1940 5375 2067 5451 caete-

1375 3285 1515 3398 Capnt
1546 3298 1750 3400 quartum.

1086 3480 1267 3575 Domini,
1316 3483 1419 3585 quod
1445 3464 1583 3561 iustum
1612 3499 1664 3561 est
1688 3501 1720 3562 et
1743 3489 1917 3591 aequale,
1961 3493 2076 3568 servis
2142 3556 2145 3561 .

1443 3600 1629 3686 praestata
1651 3603 1714 3671 etc.
