4522 5782
30 215 139 304 saar
188 215 290 293 xm
340 217 377 294 s.
403 185 743 290 commearem
767 208 822 287 aa
837 204 997 292 ausa.
1022 155 1171 290 raum
1198 202 1267 289 lo
1284 196 1614 294 'coniuratos
1667 215 1773 294 car.
1802 219 1907 295 mv.
1965 178 2065 292 tut

27 394 176 467 Deinde
190 388 329 465 omissis
342 390 501 474 caeteris,
522 379 683 482 loquitur
697 386 743 456 de
759 409 800 456 eo
815 382 905 475 loco,
922 386 1024 459 cuius

1177 384 1355 461 Usitatum
1371 403 1421 461 est
1439 389 1571 474 Paulo,
1598 413 1725 480 genera
1742 392 1956 468 concionum
1978 418 2063 487 par·

28 496 246 588 praecipuus
263 511 348 565 usus
363 504 415 563 est
431 492 470 561 in
486 493 658 561 docendo.
2058 485 2061 496 ·

1075 490 1135 560 tiri
1160 493 1198 560 in
1231 488 1294 561 has
1320 508 1389 562 tres
1419 494 1569 583 species,
1605 517 1693 584 quae
1725 509 1808 565 sunt
1839 497 2063 589 praecipuae,

1075 591 1192 661 Prima
1222 595 1352 684 species
1383 608 1435 665 est
1463 589 1716 687 διδασκαλική.
1784 601 1934 688 Oportet
1965 598 2070 669 enim⁵

1075 695 1177 764 initio
1202 697 1398 765 doctrinam
1431 697 1474 764 de
1504 697 1662 766 articulis
1688 698 1769 766 fidei
1799 702 1902 769 etde
1931 698 2070 770 distin-⁶

133 799 278 874 Certum
296 813 347 870 est
362 791 610 890 phrophetiam
633 795 673 864 in
695 792 762 866 hoc
784 793 897 884 capite
914 791 1041 892 signi·l
1073 797 1189 866 ctione
1213 795 1318 887 Legis
1342 811 1376 867 et
1401 796 1606 889 Evangelii,
1646 811 1681 868 et
1703 799 1782 870 aliis
1803 801 1972 872 membris
1994 785 2072 875 dit-²

31 907 139 977 ficare
152 902 345 974 sententiae
361 900 512 969 alicuius
526 898 636 967 lectae
656 921 718 968 seu
734 896 897 965 recitatae
919 915 1024 963 enar·
1073 900 1190 967 crinae
1205 900 1460 989 principalibus
1478 902 1628 973 tradere.
1721 908 1732 921 ⁶
2065 888 2069 899 ¹

31 1008 234 1095 rationem,
259 1018 299 1075 ut
321 998 501 1072 Lutherus
522 1022 692 1068 enarrans
708 997 860 1068 Paulum
885 997 929 1064 ad
947 993 1022 1065 Ro·
1153 997 1256 1093 4Αιίει
1276 1003 1406 1092 ερεείεε
1431 1018 1481 1072 εει
1507 998 1709 1073 adhortatio
1735 1003 1778 1071 ad
1803 1002 2070 1094 poenitentiam·
2146 1003 2153 1015 ⁰

31 1130 161 1179 manos
176 1119 237 1176 aut
252 1108 297 1175 ad
319 1102 483 1200 Galatas,
508 1096 714 1193 prophetiae
730 1103 827 1168 dono
842 1099 966 1167 utitur.
1075 1116 1108 1171 et
1125 1103 1168 1172 ad
1185 1103 1279 1171 bona
1297 1128 1424 1194 opera,
1452 1129 1540 1197 quac
1556 1119 1586 1173 et
1605 1105 1887 1194 obiurgationem
1906 1107 2070 1198 comple-¹

135 1209 275 1296 Lingua
293 1206 413 1297 loqui,
441 1219 493 1273 est
508 1204 663 1272 diversas
681 1203 821 1290 linguas
844 1221 944 1291 posse
965 1223 1023 1268 so·
1073 1206 1198 1283 ctitur,
1243 1219 1277 1276 ει
1300 1207 1425 1275 similis
1448 1221 1496 1278 est
1521 1208 1688 1277 suasoriis
1715 1206 1872 1278 materiis
1898 1207 1937 1278 in
1958 1205 2060 1281 Rhe-

30 1333 136 1383 nare.
201 1308 243 1380 ld
266 1308 476 1377 miraculum
507 1329 587 1374 cum
609 1317 826 1374 ostentarent
849 1301 961 1392 aliqui
978 1301 1023 1368 in
1073 1307 1204 1378 soricis,
1986 1336 1990 1344 ·

30 1411 181 1502 publica
212 1408 503 1498 congregatione,
543 1405 626 1498 quia
654 1421 696 1476 ut
727 1405 860 1497 alioqui
893 1402 1023 1473 Graeci
1174 1407 1295 1478 Tertia
1310 1408 1441 1501 species
1458 1420 1508 1477 εει
1524 1409 1739 1493 consolatio,
1763 1433 1853 1504 quae
1874 1413 2060 1504 praecipue

32 1509 204 1585 homines
218 1524 382 1582 amarunt
399 1507 653 1600 eloquentiam,
679 1509 727 1577 ita
743 1506 853 1594 magis
872 1506 1023 1574 delecta·
1073 1511 1225 1580 sumitur
1240 1535 1281 1578 ex
1296 1507 1502 1598 Evangelio,
1519 1513 1601 1602 quia
1618 1514 1889 1581 fundamentum
1905 1513 1943 1580 in
1960 1515 2060 1584 omni

32 1618 172 1689 buntur
198 1615 400 1704 cognitione
430 1610 621 1679 multarum
650 1609 879 1698 linguarum,
915 1628 1021 1698 qum
1073 1637 1153 1683 vera
1171 1625 1204 1681 et
1221 1613 1351 1681 efficaci
1371 1613 1612 1682 consolatione
1630 1625 1700 1696 εει,
1727 1613 1861 1703 agnitio
1883 1615 2062 1686 remissio·

35 1731 194 1790 caeterae
216 1729 337 1805 gentes
363 1727 398 1784 el
412 1709 480 1782 hoc
497 1711 654 1780 studium
674 1712 859 1788 amabam,
886 1721 921 1778 et
943 1721 1022 1778 lau·
1072 1716 1129 1783 nis
1143 1727 1385 1805 peccatorum,
1412 1729 1445 1785 et
1470 1715 1867 1809 reconciliationis-,cum
1885 1712 1963 1784 Deo
1977 1728 2062 1808 pro-¹

35 1822 147 1913 quam
163 1819 284 1888 laudes
297 1840 357 1886 seu
374 1815 590 1905 precationes
607 1812 756 1882 diversis
780 1811 912 1899 linguis
934 1810 1023 1878 reci·
1074 1831 1152 1908 pter
1185 1817 1328 1900 filium,
1369 1831 1409 1886 ot
1449 1839 1553 1905 supra
1589 1819 1633 1885 do
1669 1816 1973 1888 consolationibus
2005 1819 2063 1887 di.

35 1923 180 1999 tabant:
207 1918 339 1989 Paulus
354 1911 503 1988 retrahit
519 1937 578 1984 eos
595 1916 639 1982 ad
655 1915 812 1984 studium
830 1912 1024 1981 enarratio·
1073 1932 1166 1988 ctum
1190 1908 1252 1986 εει.

36 2023 108 2094 nis.
157 2020 205 2091 Et
220 2020 425 2112 praesertim
441 2017 479 2085 in
494 2016 635 2105 publica
651 2015 923 2103 congregatione
947 2028 1025 2083 tan·
1175 2016 1312 2087 Eodem
1329 2015 1575 2088 modoPaulus
1591 2019 1772 2090 distribuit
1786 2040 1913 2108 genera
1928 2020 2063 2092 doctri·

37 2140 119 2196 tum
146 2146 273 2193 sonare
297 2124 451 2193 diversas
484 2119 759 2206 linguas,·sine
790 2116 1025 2200 enarratione,
1074 2145 1201 2191 nai-rim
1226 2121 1264 2189 in
1290 2122 1410 2211 priore
1447 2117 1609 2211 Epistola
1631 2124 1674 2189 od
1694 2115 1925 2191 Timorh.4.:
1959 2116 2070 2192 Aah

37 2226 142 2297 nulla
165 2225 298 2294 utilitas
322 2236 408 2293 erat.
464 2217 553 2291 Vult
575 2232 691 2288 autem
716 2217 848 2291 Paulus
872 2219 1026 2288 dicentes
1075 2226 1167 2294 duus
1191 2235 1264 2292 esto
1289 2223 1327 2291 in
1349 2222 1517 2304 lectione,
1559 2223 1801 2292 consolatione
1826 2236 1860 2294 et
1885 2223 2060 2297 doctrina.

38 2330 81 2398 in
103 2327 246 2420 publico
278 2339 379 2395 coetu
410 2345 484 2390 non
515 2317 724 2389 theatricam
755 2321 1026 2417 ostentationem
1075 2324 1155 2395 Hoc
1172 2326 1305 2393 dictum
1323 2347 1466 2414 prorsus
1482 2325 1645 2410 congruit
1658 2347 1737 2393 cum
1753 2321 1809 2391 his
1827 2324 1957 2414 verbis,
1974 2348 2065 2417 quae
2146 2352 2149 2357 ¹

39 2430 250 2512 instituere,
276 2441 317 2498 ut
339 2425 431 2516 apud
458 2418 631 2491 Elhuicus
653 2423 722 2492 full
744 2423 912 2490 uallatum
937 2420 1028 2490 recl·
1077 2427 1271 2497 recitantur
1293 2426 1332 2493 in
1358 2421 1422 2495 hac
1444 2421 1603 2518 Epistola
1628 2428 1671 2495 ad
1697 2419 1925 2509 Corinthios,
1950 2439 1985 2495 et
2008 2448 2065 2496 sa-

39 2547 117 2605 tare
133 2527 300 2602 Poemata
324 2541 384 2597 aut
401 2526 633 2619 Panegyricos
656 2525 694 2592 in
711 2524 936 2614 spectaculis:
968 2523 1027 2590 sed
1079 2529 1218 2621 pienter
1242 2529 1365 2609 docet,
1403 2552 1492 2619 quae
1523 2526 1594 2597 sint
1618 2529 1804 2618 praecipua
1827 2549 1954 2613 genera
1977 2551 2065 2597 coo.

41 2632 177 2704 servite
191 2630 336 2701 utilitati
359 2627 591 2708 discentium,
618 2640 653 2696 el
676 2624 821 2695 accendi
844 2625 921 2716 pios
944 2623 1029 2692 alle-
1078 2631 1222 2702 tionum
1248 2630 1285 2696 in
1309 2625 1488 2714 Ecclesia,
1516 2631 1614 2723 quod
1638 2653 1712 2699 esse
1735 2629 1922 2698 consilium
1942 2628 1981 2697 in
1997 2635 2074 2700 do.¹

42 2750 123 2808 ctus
143 2747 178 2803 et
193 2731 468 2802 invocationem.
884 2726 888 2733 ’
1080 2733 1191 2801 condo
1222 2743 1402 2821 oporteat,
1435 2735 1541 2802 etad
1574 2753 1662 2823 quos
1691 2732 1777 2800 fines
1809 2731 1993 2801 referenda
2018 2732 2066 2803 sit

147 2830 194 2907 Et
211 2829 269 2903 hio
286 2846 385 2903 vetus
401 2853 478 2899 mos
499 2829 777 2899 considerandus
800 2844 879 2921 est„
923 2825 1029 2897 Lecta
1081 2835 1197 2904 omnis
1225 2834 1349 2902 oratio.

41 2939 165 3032 aliqua
188 2935 360 3006 sententia
383 2935 422 3002 in
445 2930 546 2999 libris
569 2925 828 3022 Prophetarum
853 2931 892 2996 in
914 2926 1028 3022 Syna·
1181 2934 1342 3004 Primum
1366 2929 1406 3001 fit
1428 2933 1563 3003 mentio
1596 2934 1779 3017 lectionis,
1812 2933 1875 3002 uhi
1901 2935 2079 3005 consido.-

41 3035 562 3134 gogis‚pluresordinedeea
588 3033 772 3111 dicebant,
801 3027 1031 3100 utLucael.
1081 3038 1234 3107 randum
1257 3049 1308 3105 εει
1332 3034 1521 3103 discrimen
1552 3037 1733 3107 doctrinae
1759 3037 1797 3103 in
1821 3033 1997 3114 Ecclesia,
2033 3040 2080 3108 et
2147 3068 2149 3072 ⁴

39 3141 223 3214 Dominus
239 3140 369 3208 recitat
383 3134 592 3206 sententiam
618 3158 658 3202 ει
674 3129 798 3218 Esaia,
824 3144 857 3201 ει
878 3132 916 3199 in
932 3133 1032 3203 Actis
1081 3142 1453 3210 orrtomcaeterarum.
1506 3135 1588 3206 Non
1613 3139 1777 3207 ordimur
1793 3132 2079 3207 Arithmeticom'

40 3243 198 3336 cap.15.
225 3241 337 3313 Paulo
358 3242 463 3310 datur
485 3235 755 3306 locus'dlceudi·
819 3232 890 3303 Nec
914 3248 1032 3302 lamen
1082 3254 1144 3312 aut
1165 3241 1251 3309 alias
1271 3232 1518 3330 philosophiae
1535 3255 1651 3328 partes
1666 3263 1685 3308 a
1701 3239 1872 3320 lectione,
1896 3240 1957 3308 sed
1980 3237 2070 3310 affe-

40 3357 149 3418 eraut
171 3343 363 3434 promiscui
388 3340 576 3422 clamores,
610 3337 714 3407 utin
738 3334 836 3425 vulgi
860 3335 1031 3425 suffraga-
1082 3344 1194 3413 rimus
1223 3343 1267 3410 ad
1302 3339 1431 3410 artium
1454 3341 1726 3432 descriptionem
1749 3341 1852 3411 initia
1878 3339 2065 3411 nobiseum

41 3449 227 3530 tionibus,
257 3447 319 3514 sed
348 3444 500 3511 dabatur
521 3439 621 3509 ¹⁰⁶1„
646 3439 788 3509 dicendi
812 3438 856 3506 ab
877 3461 940 3521 0⁰,
971 3437 1032 3528 ‘11¹3
1084 3457 1185 3526 nata,
1212 3456 1252 3513 ut
1268 3442 1549 3511 numerationem
1565 3456 1600 3513 et
1623 3443 1714 3532 alia,
1739 3443 1798 3512 sed
1814 3442 1982 3512 doctriua
1997 3439 2070 3512 Ee·

40 3561 208 3645 praeerat
230 3545 453 3640 synagogae,
481 3541 580 3611 utin
607 3537 705 3610 Actis
727 3540 869 3608 dicitur·
912 3535 1034 3608 Et'hlc
1086 3547 1209 3615 clesiae
1226 3544 1331 3633 longe
1348 3544 1451 3612 aliter
1474 3544 1640 3615 discenda
1665 3558 1727 3615 est.
1780 3537 1907 3613 Ordiri
1928 3566 2070 3615 neeesse

41 3653 240 3725 discrimen
264 3661 315 3716 est
338 3649 430 3714 inter
452 3644 611 3711 sedentes
631 3659 664 3713 et
679 3642 853 3733 reliquam
873 3641 1034 3729 multitu-
1085 3646 1354 3718 ostalectionc.
1407 3643 1503 3733 Quia
1520 3670 1599 3715 cum
1622 3646 1763 3716 articuli
1780 3644 1863 3714 fidei
1885 3647 1929 3715 de
1953 3645 2069 3717 tribus
2107 3646 2110 3651 ’

41 3757 190 3836 dinem,
216 3765 254 3818 ut
272 3752 315 3816 de
335 3746 477 3817 iudiciis
496 3745 629 3814 dietum
649 3756 714 3811 est:
1087 3748 1247 3841 personis
1267 3744 1466 3815 divinitatis
1493 3760 1528 3815 et
1553 3749 1596 3816 de
1621 3748 1759 3816 duabus
1781 3746 1919 3815 naturis
1943 3747 1983 3815 in
2009 3769 2070 3816 re·

197 3846 361 3910 considero
384 3847 494 3918 duom,
515 3850 549 3903 ul
570 3839 656 3920 *⁰¹85
678 3847 779 3902 Sumit
801 3858 940 3902 00‘10112·
1088 3854 1245 3920 demtore
1266 3861 1351 3918 nato
1376 3871 1417 3916 ex
1440 3844 1558 3918 Maria
1581 3848 1738 3938 virgine,
1763 3849 1807 3917 de
1823 3846 1999 3930 Ecclesia,
2024 3848 2071 3919 ds

150 3953 201 4025 lta
230 3953 360 4023 Paulus
387 3944 447 4017 hie
476 3948 595 4036 plures
626 3945 754 4012 ordine
777 3945 853 4013 siue
880 3945 1035 4015 tumultu
1088 3950 1239 4043 gratuita
1257 3949 1462 4019 remissione
1481 3962 1730 4040 peccatorum‚·
1748 3950 1792 4018 de
1809 3948 2069 4020 resurrectione

41 4062 149 4143 iubet
163 4058 299 4138 dicere,
325 4067 359 4122 et
376 4071 540 4120 essartare
556 4048 666 4116 lectuu
679 4046 881 4117 sententias·
1088 4066 1329 4130 mortuorum,
1356 4064 1391 4120 et
1405 4050 1467 4118 alii
1482 4050 1621 4121 articuli
1638 4049 1826 4140 Evangelii
1846 4073 2072 4144 nequaquam

1089 4169 1213 4224 natura
1241 4152 1318 4222 noti
1334 4152 1420 4222 sint:
1448 4175 1588 4223 necesse
1602 4165 1654 4222 εει
1677 4176 1737 4222 eos
1751 4151 1916 4239 cognosci
1931 4163 2071 4222 tautum

225 666 387 737 Metto
411 653 452 734 de*
474 658 538 734 ἵνα
560 651 828 757 προφητεύητε.
904 658 910 665 ”

88 4228 213 4303 Aulai
233 4217 433 4315 οἰκοδομὴν
456 4213 520 4291 καὶ
540 4207 772 4339 ιιαρᾶκλησιν
793 4211 857 4288 καὶ
879 4239 1000 4312 παρα-

359 4332 362 4337 ’
459 4318 619 4412 μυθιαν.

152 4463 404 4536 Commoratur
420 4458 458 4525 in
474 4456 637 4526 instituta
663 4451 917 4522 admonitione.
968 4450 1040 4520 Lo-

44 4592 164 4666 quens
188 4569 328 4654 lingua,
362 4563 498 4644 idest,
527 4558 648 4626 dicens
670 4557 812 4637 laudes,
846 4552 1038 4642 gratiarum

45 4674 227 4746 actionem
252 4690 313 4736 seu
332 4661 569 4762 precationem
591 4657 699 4727 variis
721 4655 871 4744 linguis,
897 4667 959 4724 aut
979 4679 1041 4747 pe-

46 4775 194 4865 regrina
218 4771 360 4858 lingua,
385 4786 457 4834 non
482 4757 689 4830 hominibus
712 4759 890 4851 loquitur,
915 4758 951 4824 id
977 4771 1041 4843 εει,

46 4901 128 4950 non
154 4876 254 4943 docet
279 4867 463 4959 populum.
512 4860 581 4933 Sed
608 4861 755 4949 spiritu,
781 4859 819 4927 id
844 4871 913 4942 εει,
946 4860 1040 4928 dono

49 4975 251 5071 spirituali,
277 4994 347 5062 quo
363 4966 481 5036 cordis
505 4962 688 5032 affectibus
711 4983 877 5030 accensus
890 4973 961 5046 εει,
985 4961 1042 5029 lo-

49 5080 179 5173 quitur
192 5077 283 5145 bona
300 5071 455 5165 quidem,
476 5065 536 5134 sed
552 5078 668 5134 tamen
682 5084 756 5132 non
772 5061 948 5133 intellecta
965 5084 1042 5131 cae-

47 5181 151 5254 teris.
202 5174 273 5247 Sed
293 5166 524 5265 prophetans,
550 5166 586 5235 id
611 5177 682 5249 εει,
707 5185 897 5254 enarrans,
923 5162 1041 5255 loqui-

50 5299 116 5357 tor
131 5302 193 5364 ea,
220 5300 310 5369 quae
329 5282 496 5365 praesunt
520 5269 565 5338 ad
589 5265 886 5350 aedificationem,
910 5260 1043 5334 adhor-

50 5384 229 5458 tationem
244 5391 279 5448 et
296 5373 586 5445 consolationem.

1089 4282 1129 4327 cx
1147 4254 1379 4346 patefactione
1402 4254 1542 4334 divina,
1567 4278 1673 4348 quam
1690 4250 1786 4323 Dens
1811 4252 1982 4323 immensa
2004 4253 2072 4323 ho-
2149 4304 2154 4313 -

1090 4358 1199 4427 nitate
1217 4370 1294 4445 post
1309 4356 1443 4446 primos
1464 4369 1625 4446 parentes
1639 4353 1751 4425 literis
1771 4353 1935 4446 mandari
1957 4355 2072 4429 voluit

1092 4483 1153 4550 per
1174 4453 1392 4547 Prophetas,
1425 4481 1465 4524 ae
1488 4457 1616 4526 deinde
1640 4480 1703 4549 per
1725 4452 1927 4545 Apostolos.
1985 4454 2070 4529 ldeo

1091 4585 1157 4630 nos
1180 4561 1333 4650 primum
1357 4560 1401 4629 ad
1425 4558 1611 4628 lectionem
1637 4558 1800 4643 deducit,
1824 4557 1861 4626 id
1889 4572 1957 4639 est,
1993 4559 2072 4631 vult

1093 4664 1132 4730 in
1149 4658 1305 4731 Ecclesia
1322 4661 1391 4749 legi
1409 4661 1521 4729 libros
1543 4655 1768 4752 propheticos
1792 4671 1827 4729 ct
1848 4661 2073 4750 apostolicos,

1093 4785 1181 4856 quos
1205 4765 1281 4833 vult
1304 4785 1377 4831 esse
1399 4763 1515 4831 fontes
1536 4763 1735 4846 doctrinae,
1761 4775 1796 4832 ει
1817 4785 2000 4841 normam,
2026 4784 2073 4832 ne

1092 4866 1309 4957 recipiantur
1326 4864 1420 4934 ullae
1436 4863 1623 4954 opiniones
1638 4858 1763 4934 abhas
1787 4886 1912 4933 norma
1933 4863 2071 4933 dissen-

1093 4969 1237 5052 tientes,
1273 4966 1364 5035 sicut
1387 4966 1462 5057 ipse
1482 4965 1586 5037 dicit:
1627 4964 1666 5037 Si
1691 4963 1770 5057 quis
1791 4962 1888 5032 aliud
1911 4960 2074 5054 Evange-

1094 5069 1183 5138 lium
1205 5069 1325 5152 docet,
1356 5061 1542 5138 anathema
1566 5067 1622 5137 sit.
1685 5064 1809 5158 ltaque
1832 5062 1878 5134 sit
1903 5058 1972 5135 hoc
1995 5065 2072 5156 pri·

1093 5194 1191 5239 mum
1207 5169 1466 5240 concionatoris
1483 5192 1632 5253 munus,
1655 5178 1697 5237 ut
1711 5166 1823 5236 libros
1845 5161 2074 5258 propheticos

1095 5285 1130 5342 et
1148 5271 1358 5362 apostolicos
1381 5271 1505 5363 populi
1526 5273 1636 5360 legat,
1667 5279 1703 5340 ει
1717 5265 1787 5357 legi
1804 5278 1920 5358 curet,
1946 5281 1981 5343 ει
1995 5292 2074 5342 mo·

1094 5385 1176 5442 neat
1189 5373 1345 5509 rpgulam
1362 5373 1545 5445 doctrinae
1558 5371 1597 5441 in
1611 5365 1670 5440 his
1685 5362 1883 5443 contineri.¹
