4522 5782
179 218 255 293 sss
574 182 577 187 ’
765 200 893 279 ruta.
911 197 1045 277 ‚uun
1079 195 1295 275 SCRIPTA
1327 195 1631 277 maanes.
1734 210 1812 287 ,ετ-ι
2141 202 2224 285 aas

182 394 232 466 lia
248 389 404 483 exempla
421 379 676 459 consideranda
691 393 786 473 sunt,
812 390 855 453 ut
867 402 888 451 e
901 374 1047 467 regione
1061 377 1173 447 bene·
1223 389 1371 473 propter
1389 376 1465 449 ulla
1488 388 1611 449 nostra
1632 384 1761 469 opdra,
1775 388 1846 451 :aut
1862 376 1984 453 cultos
1996 400 2018 449 a
2032 374 2223 453 nobissr·

184 498 303 566 ficium
321 492 357 564 S.
382 491 492 562 sancti
518 486 752 577 magnifacere
772 483 968 569 discamus,
991 493 1176 571 acpetere,
1223 480 1405 569 cogitatus.
1457 476 1553 551 Cum
1571 478 1683 569 igitur
1698 490 1824 551 mum
1835 474 1933 553 lune
1945 476 2222 575 Evangeliivo.

151 594 167 683 ,ἱ
184 615 226 667 ut
249 620 332 666 vera
355 598 432 665 luce
455 615 517 662 sua
542 612 607 660 nos
630 590 826 678 gubernet,
849 585 958 675 idque
979 583 1051 674 peti
1073 580 1177 653 iussit
1225 605 1300 651 cem
1321 576 1496 653 Monacbi
1518 580 1699 655 affirmant
1718 582 1856 653 remitti
1878 597 2038 677 panta,
2072 596 2222 677 pm

185 695 369 778 Christus,
422 709 456 764 et
496 691 766 785 promissionem
805 686 945 757 addidit
985 685 1176 778 inquiens:
1225 682 1396 753 sacrificia
1417 681 1568 769 Missae,
1601 696 1664 755 aot
1692 704 1756 755 sua
1779 696 1884 769 vota,
1915 700 2035 778 aperte
2055 692 2221 779 pugnant

187 800 334 889 Quanto
363 797 474 886 magis
502 808 600 887 pater
623 805 736 862 vester
759 789 917 858 coelestis
940 785 1040 859 dabit
1061 784 1178 875 Spiri-
1226 807 1307 854 tum
1321 781 1531 874 Evangelio,
1581 782 1717 859 coum
1738 780 2070 878 hmmpimm
2084 788 2222 861 “futh

187 918 264 973 tum
289 913 447 971 sanctum
474 895 688 990 petentibus.
749 890 803 961 Te
825 890 934 980 igitur
954 912 1018 957 oro
1043 888 1122 957 vive
1144 898 1179 955 et
1227 886 1360 956 tionem
1387 889 1520 958 frustra
1547 886 1658 962 citant
1685 887 1776 959 illud
1797 889 1997 975 somnium,
2028 892 2129 985 quod
2151 890 2222 961 fin.

188 1004 416 1095 omnipotens
444 1000 560 1081 Deus,
600 1010 741 1067 aeterne
767 1006 866 1085 pater
887 988 1036 1061 Domini
1063 987 1178 1059 nostri
1227 1003 1315 1077 gunt
1345 990 1391 1061 de
1414 990 1639 1080 dogmatibus
1664 990 1830 1063 revelatis
1852 986 2051 1079 Ecclesiae,
2081 1005 2120 1065 st
2143 1016 2219 1063 non

190 1105 271 1175 lesu
286 1099 440 1186 Christi,
465 1099 630 1171 conditor
652 1095 813 1167 omnium
835 1116 955 1164 rerum
980 1103 1015 1161 et
1037 1113 1175 1160 conser·
1229 1090 1367 1162 traditis
1381 1114 1467 1161 vore
1482 1088 1682 1182 Evangelii.
2211 1146 2217 1161 ,

189 1220 308 1291 vator,
331 1219 367 1276 et
379 1204 591 1296 opitulator,
616 1222 697 1269 cum
714 1196 787 1265 filio
803 1209 865 1267 tuo
882 1193 1040 1264 Domino
1057 1209 1178 1263 nostro
1330 1190 1493 1265 Secunda
1518 1195 1683 1265 refutatio
1698 1191 1784 1267 haec
1799 1211 1871 1283 est,
1894 1198 2066 1268 usitatum
2082 1195 2219 1269 dietum

190 1306 272 1378 lesu
300 1302 463 1385 Christo,
496 1300 596 1401 λόγῳ
625 1314 659 1371 et
686 1298 840 1388 imagine
867 1310 950 1380 tua,
983 1310 1018 1366 et
1042 1294 1180 1385 Spiritu
1229 1307 1299 1379 est,
1324 1292 1479 1367 Ecclesia
1502 1319 1577 1365 mn
1598 1298 1712 1387 gigni,
1736 1296 1904 1370 „gnuog
1921 1301 2022 1389 fidei,
2048 1300 2111 1369 “d
2127 1299 2221 1369 mid

190 1423 312 1480 sancto
343 1408 454 1477 effuso
486 1406 525 1474 in
556 1404 768 1495 Apostolos,
800 1398 994 1490 paracleto,
1026 1398 1179 1489 sapiens,
1231 1397 1281 1485 pit
1302 1420 1361 1466 eos
1385 1395 1499 1468 aDeo
1523 1421 1586 1488 per
1607 1402 1756 1470 verbum
1782 1416 1935 1487 unum,
1959 1415 2086 1473 etuou
2103 1400 2251 1471 stubi-¹¹

190 1513 305 1595 bone,
346 1508 567 1597 misericors,
607 1506 732 1588 iudex,
769 1501 890 1584 fortis,
931 1513 1042 1580 caste,
1074 1522 1182 1567 verax
1229 1522 1350 1586 garum.
1399 1496 1481 1569 Non
1511 1500 1622 1590 igitur
1650 1525 1791 1573 necesse
1816 1517 1869 1573 est
1895 1502 2007 1603 recipi
2029 1502 2221 1594 opiniones

191 1627 225 1683 et
242 1612 438 1683 liberrime:
466 1608 638 1679 Miserere
655 1604 766 1675 nostri
784 1616 929 1694 propter
945 1600 1061 1670 lesum
1072 1598 1182 1670 Chri·
1231 1603 1268 1669 in
1297 1598 1453 1671 Ecclesia
1483 1615 1651 1695 tanquam
1680 1606 1848 1677 articulos
1877 1605 1990 1691 fidei,
2019 1628 2112 1698 quae
2144 1604 2222 1674 sins

192 1729 283 1785 stum
308 1713 422 1782 filium
447 1728 548 1783 tuum
574 1709 770 1781 Dominum
795 1719 955 1775 nostrum
976 1703 1180 1773 crucifixum
1230 1702 1433 1775 testimonio
1459 1715 1555 1775 certo
1576 1707 1771 1798 scripturae
1787 1722 2057 1799 proponuntur,
2082 1705 2222 1778 etiamsi

191 1842 258 1906 pro
287 1814 411 1898 nobis,
447 1828 480 1882 et
511 1811 773 1892 resuscitatum,
805 1830 910 1899 quem
944 1804 1089 1875 voluisti
1117 1827 1181 1896 pro
1232 1829 1306 1875 non
1327 1806 1511 1878 manifeste
1537 1823 1791 1899 pugnantcum
1807 1810 2222 1901 dictisscripturaepro-

192 1918 298 1988 nobis
314 1940 386 1986 esse
404 1916 602 1995 victimam,
627 1907 689 1983 καὶ
704 1903 859 2001 μεσίτην
865 1958 881 1997 ,
905 1902 968 1977 καὶ
982 1902 1124 1998 ἱκέτην,
1149 1918 1182 1975 ct
1233 1902 1411 1997 plasticae,
1444 1930 1505 1978 seu
1536 1912 1765 2001 apostolicae,
1797 1927 1837 1984 ut
1868 1926 1968 1984 vatus
1987 1911 2149 1981 narratio
2171 1922 2223 1979 aas

193 2020 364 2103 accende,
403 2041 504 2107 rege,
548 2014 722 2084 sanctifica
760 2012 867 2081 eorda
895 2023 1016 2082 nostra
1045 2007 1182 2100 Spiritu
1232 2011 1269 2078 in
1299 2006 1474 2092 Ecclesia,
1510 2008 1717 2084 Zachariam
1736 2012 1915 2104 Baptistae
1941 2027 2079 2105 patrem
2110 2012 2223 2081 inter-

194 2133 315 2192 sancto
342 2134 424 2205 tuo,
458 2133 499 2188 ut
522 2131 556 2187 te
581 2140 663 2185 vere
686 2134 935 2203 agnoscamus,
967 2112 1183 2189 invocemus,
1232 2113 1361 2182 fectum
1386 2134 1459 2183 esse
1479 2129 1624 2208 propter
1647 2117 1903 2186 confessionem
1928 2120 1972 2186 de
1988 2111 2156 2193 Christo,
2180 2135 2220 2183 ac

193 2237 412 2308 metuamus,
446 2221 511 2291 tibi
542 2242 623 2288 vere
651 2219 855 2297 credamus,
880 2215 1009 2303 gratias
1030 2234 1184 2302 agamus,
1233 2214 1450 2284 mentionem
1468 2217 1544 2286 eius
1562 2213 1837 2303 historiaefieri,
1863 2213 2039 2289 Matthaei
2053 2215 2221 2285 vicesimo

97 2388 101 2395 .
194 2340 229 2396 et
246 2324 472 2406 obediamus,
495 2346 541 2391 ne
557 2322 651 2390 sinas
668 2316 865 2411 praestigiis
880 2314 1012 2385 diaboli
1028 2313 1182 2402 extingui
1233 2317 1339 2386 tertio
1369 2341 1434 2386 nec
1465 2334 1600 2410 pugnat
1622 2316 1709 2390 haee
1731 2321 1888 2392 narratio
1907 2344 1988 2391 cum
2010 2314 2222 2407 Evangelio,

193 2428 233 2495 5¹¹
265 2426 369 2495 nobis
400 2425 514 2493 lucem
537 2420 744 2509 Evangelii,
775 2442 854 2507 rege
882 2442 949 2487 nos
972 2417 1122 2487 consilio
1147 2416 1184 2483 iu
1233 2420 1294 2488 sed
1311 2432 1428 2488 tamen
1444 2444 1516 2491 non
1532 2436 1583 2491 cst
1598 2423 1769 2493 articulus
1784 2422 1878 2492 fidei.
1928 2420 2116 2494 Caeterum
2132 2416 2223 2487 illud

194 2529 363 2599 omnibus
392 2525 559 2616 negotiis,
592 2524 675 2615 quia
709 2520 803 2591 lilius
829 2534 910 2591 tuus
936 2518 1120 2611 promisit,
1152 2531 1185 2587 te
1234 2544 1356 2591 verum
1389 2518 1460 2607 es't,
1493 2524 1662 2594 discimus
1685 2525 1730 2594 ab
1751 2520 1909 2595 Ecclesia
1933 2522 2103 2595 articulos
2126 2519 2224 2603 fidei,

195 2629 397 2720 petentibus
421 2631 586 2697 daturum
610 2648 684 2694 esse
699 2622 873 2711 Spiritum
890 2633 1071 2704 sanetum,
1096 2622 1186 2689 sicut
1235 2624 1294 2693 sed
1317 2646 1390 2693 non
1415 2626 1589 2697 credimus
1605 2639 1754 2722 propter
1768 2623 1983 2711 Ecclesiam,
2007 2637 2050 2694 ut
2062 2620 2223 2695 Ecclesia

194 2732 454 2821 scriptumest:
483 2726 627 2816 Quanto
652 2724 763 2814 magis
784 2738 882 2815 pater
895 2737 1010 2794 vester
1026 2723 1186 2794 coelestis
1236 2729 1337 2797 docet
1364 2751 1446 2813 nos,
1480 2729 1668 2819 significari
1693 2751 1879 2819 personam
1902 2720 1970 2796 hac
1992 2746 2079 2795 voce
2100 2716 2223 2822 λόγος,

196 2834 296 2905 dabit
311 2830 485 2925 Spiflfflffl
501 2842 660 2901 ⁸³¹¹C¹¹¹¹¹¹
680 2827 881 2920 Ρεῑεῃιίὴυε
898 2848 946 2899 se·
1239 2826 1336 2904 loan.
1356 2830 1388 2900 t.
1419 2830 1478 2898 sed
1510 2831 1615 2901 fidem
1646 2844 1679 2901 et
1710 2830 1970 2901 invocationem
1994 2839 2136 2920 oportet
2156 2822 2224 2895 niti

1238 2932 1439 3003 testimonio
1461 2932 1605 3018 divino,
1631 2932 1713 3026 qsria
1732 2935 1776 3002 de
1793 2930 1857 3002 Dei
1875 2930 2024 3001 essentia
2041 2942 2077 2999 et
2095 2927 2224 2997 volun·

390 3034 481 3111 Non
504 3034 599 3108 enim
622 3031 791 3133 quuatur
811 3056 836 3103 a
856 3030 988 3129 serpso.
1237 3046 1309 3103 tate
1338 3057 1411 3102 non
1442 3049 1557 3124 potest
1584 3049 1743 3106 creatura
1765 3036 1841 3105 sine
1863 3034 2081 3103 revelatione
2102 3029 2225 3099 divina

986 3132 994 3145 ’
1236 3132 1375 3205 firmam
1401 3137 1614 3206 seutentiam
1636 3151 1766 3211 tenere.
1819 3134 2033 3225 Quaerimus
2054 3130 2166 3221 igitur
2188 3130 2224 3199 in

1237 3237 1376 3327 scriptis
1393 3234 1608 3330 propheticis
1622 3254 1654 3309 et
1670 3238 1870 3330 apostolicis
1887 3234 2112 3317 testimonia,
2136 3254 2226 3327 quae

1237 3362 1311 3407 non
1334 3354 1416 3408 sunt
1439 3342 1615 3431 ambigua.
1667 3337 1734 3410 llis
1750 3339 1966 3417 confirmati,
1990 3360 2111 3405 veram
2127 3334 2225 3425 agni-

1239 3442 1371 3510 tionem
1387 3438 1453 3511 Dei
1477 3444 1522 3511 ad
1541 3442 1803 3513 invocationem
1820 3440 2011 3509 afferimus.
2063 3434 2162 3507 llaec
2175 3436 2226 3505 fa·

198 3620 344 3691 pronus
366 3595 526 3677 docebit,
551 3595 645 3685 quod
671 3614 735 3681 ego
758 3592 887 3678 docgo,
912 3614 977 3659 nec
994 3590 1082 3660 alios
1101 3591 1187 3661 mi·
1239 3542 1305 3662 cile
1326 3542 1575 3633 intelliguntur
1597 3569 1615 3614 a
1638 3543 1715 3635 piis.
1767 3540 1892 3614 Restat
1909 3537 1966 3610 hic
1981 3553 2015 3609 et
2031 3540 2101 3608 alia
2119 3560 2224 3631 qsrae-

297 3188 428 3261 Multis
464 3186 731 3282 quaestionibus
758 3184 906 3256 occurit.
977 3182 1067 3255 Cum
1095 3182 1187 3253 alius

197 3297 322 3364 doctor
345 3293 595 3385 promittatur,
627 3288 784 3380 qrraestio
809 3300 876 3356 est:
904 3284 964 3354 An
989 3285 1096 3354 aliarn
1120 3288 1187 3353 ‹lo-

197 3400 367 3477 ctrinarn,
394 3395 482 3461 alios
505 3391 671 3461 articulos
693 3390 866 3459 allaturus
889 3387 953 3467 sit,
979 3410 1053 3456 non
1074 3386 1187 3458 tradi-

199 3512 253 3567 tos
275 3520 295 3565 a
318 3492 486 3566 Christo?
542 3490 750 3582 Respondet
774 3485 956 3559 Christus:
990 3488 1067 3558 lmo
1093 3489 1185 3557 idem

1239 3659 1326 3724 stro,
1362 3643 1494 3716 scilicet
1521 3650 1565 3715 de
1592 3646 1815 3739 processione
1837 3642 1992 3733 Spiritus
2014 3640 2148 3721 sancti,
2181 3662 2225 3709 an

199 3701 316 3783 culos,
342 3722 407 3767 nec
429 3719 541 3765 novos
566 3694 688 3764 afferet
710 3718 729 3760 a
754 3717 810 3761 sne
835 3717 908 3761 non
933 3693 1099 3775 traditos,
1126 3694 1184 3761 sed
1239 3746 1358 3816 asopo
1382 3762 1481 3838 pam
1505 3751 1679 3841 procedat·
1720 3745 1805 3818 Dffi
1826 3770 1952 3839 'upra’
1977 3767 2044 3814 „05
2059 3736 2228 3833 „mppecgf

199 3803 322 3871 ‘adem
342 3815 393 3871 ⁰⁵²
417 3802 578 3869 ἀπίω
594 3810 726 3865 ‘mem'
747 3808 874 3883 'mm’
901 3817 997 3876 Μ’
1021 3808 1053 3863 ⁰¹
1072 3794 1187 3885 spm'
1240 3848 1449 3918 sententiam
1475 3849 1621 3919 Latinae
1643 3846 1840 3932 Ecclesiae,
1865 3838 2042 3939 Spiritum
2065 3858 2224 3914 sanctum

198 3919 256 3976 tus
286 3903 410 3974 sancti.
462 3898 558 3969 Haec
589 3897 771 3987 responsio
802 3890 934 3966 Christi
966 3896 1186 3964 observanda
1468 3953 1478 3970 ,
2054 3946 2064 3965 ,

1241 3951 1427 4039 procedere
1450 3953 1556 4022 simul
1578 3953 1623 4021 ah
1647 3964 1789 4023 aeterno
1809 3962 1907 4043 patre
1930 3961 1964 4019 et
1979 3972 1997 4015 a
2012 3944 2101 4018 filio.
2156 3944 2226 4015 Te-

198 4019 269 4096 est,
303 4018 343 4076 ut
367 4016 568 4096 opponatur
588 3999 679 4082 illis,
714 3998 776 4092 qui
796 3996 927 4067 Missae
951 3996 1186 4082 vearditiones,
1239 4052 1445 4121 sumniam
1471 4053 1530 4123 hic
1551 4056 1634 4124 mis
1653 4054 1796 4122 firmum
1821 4063 1929 4122 emt·
1957 4045 2011 4119 Ex
2033 4072 2115 4117 meo
2136 4045 2227 4117 mi.

199 4122 233 4177 et
265 4106 510 4177 invocationes
542 4115 785 4183 mortuorum,
827 4114 862 4170 et
890 4100 1021 4169 multos
1050 4122 1188 4170 errores
1841 4112 1847 4123 '
1922 4106 1929 4119 ’

199 4209 288 4278 alios
319 4209 510 4277 defendere
539 4217 716 4274 conantur
744 4196 812 4271 hoc
844 4213 1044 4292 praetextu,
1090 4202 1187 4295 quod
1240 4153 1322 4272 pifi'
1372 4152 1435 4222 E⁸¹
1452 4148 2228 4278 iffitufslfi‘i{¹¹⁸⁸⁸,¹¹⁶¹⁰⁸'liquiSffl‘enfiff‘

200 4333 403 4401 quanquam
428 4332 501 4379 no„
524 4306 594 4376 sin,
617 4304 738 4375 mdffi
763 4303 800 4371 in
822 4301 1039 4393 Evangffio,
1068 4318 1188 4375 gamen
1240 4256 1323 4340 filu,
1357 4279 1418 4326 seu
1442 4273 1548 4328 etrarn
1574 4259 1647 4329 fibo
1670 4277 1883 4348 ομ-οουσιον.
1943 4250 2041 4322 Haec
2064 4250 2226 4341 probans

178 4486 182 4493 ,
198 4424 316 4503 postea
332 4412 402 4482 sint
418 4409 560 4502 recepti,
584 4421 747 4477 movente
763 4402 1044 4497 mentesSpiritu
1056 4419 1189 4478 sancto.
1241 4358 1324 4527 {³¹5⁵
1339 4358 1438 4428 firma
1453 4373 1503 4431 ‘a
1520 4360 1598 4453 ΡΜ
1612 4359 1742 4443 'nemi’
1769 4381 1858 4451 ‘1⁰²⁰
1872 4380 1944 4426 '¹⁰¹¹
1961 4354 2102 4473 ‘1⁰3⁰‘st
2120 4352 2228 4421 mil·

1255 4473 1390 4530 ataones
1414 4464 1458 4531 ad
1480 4461 1764 4533 labefactandum
1787 4473 1933 4533 textum,
1983 4454 2031 4526 Et
2055 4451 2127 4524 huc
2142 4476 2228 4522 con·

301 4560 367 4635 Est
388 4578 504 4635 autem
528 4563 657 4653 duplex
682 4558 858 4632 refutatio.
917 4557 1042 4629 Priora
1070 4559 1188 4632 Faterl
1241 4576 1372 4650 gruunt
1394 4563 1474 4649 illa,
1499 4564 1595 4659 quod
1617 4558 1781 4633 Christus
1802 4563 1876 4652 ipse
1898 4559 2092 4633 loan.20.:
2118 4552 2227 4625 Afllat

199 4679 374 4757 coguntur
388 4688 524 4749 omnes,
550 4664 612 4758 qui
626 4664 738 4731 videri
753 4661 881 4732 volunt
894 4661 1189 4752 amplectiEvan-
1241 4662 1415 4754 Spiritum
1429 4680 1591 4736 sanctum
1599 4663 1792 4755 Apostolis.
1825 4660 1895 4733 Hic
1911 4663 2015 4731 flatus
2027 4684 2103 4729 non
2117 4681 2137 4727 a
2154 4655 2227 4726 solo

201 4771 351 4862 galium,
382 4791 457 4838 non
480 4766 686 4857 recipienda
711 4785 784 4833 esse
808 4764 972 4853 dogmata
994 4768 1188 4852 pugnantia
1243 4780 1358 4856 patre,
1382 4769 1444 4837 sed
1465 4769 1569 4839 etiarn
1588 4791 1607 4836 s
1623 4768 1698 4836 lilio
1715 4765 1886 4856 procedit.
1938 4762 2098 4834 Additur
2112 4772 2228 4829 autem

201 4896 282 4942 cum
304 4867 377 4952 his,
404 4893 494 4963 quae
516 4869 586 4937 iam
613 4866 741 4936 tradita
765 4878 848 4934 suut
870 4860 1064 4936 aChristo.
1114 4866 1190 4939 Nos
1242 4881 1278 4937 et
1298 4870 1520 4942 confirmatio
1536 4863 1714 4939 hocloco:
1741 4862 1982 4957 Omniaquae
1997 4877 2098 4955 pater
2113 4858 2230 4941 habel,

200 4989 319 5045 autem
351 4996 431 5043 cum
460 4969 703 5062 improbamus
733 4988 871 5037 errores
894 4968 1190 5058 adversariorum,
1242 4986 1439 5044 mearunt.
1501 4968 1600 5041 Haec
1621 4993 1689 5039 vox
1711 4990 1869 5060 aequans
1892 4968 2004 5036 blium
2028 4965 2120 5058 patri
2146 4960 2228 5033 dili·

200 5073 269 5146 hoe
293 5073 534 5154 ostendimus,
562 5093 719 5160 pugnare
742 5089 802 5137 eos
825 5090 906 5138 eum
923 5068 1028 5139 certis
1042 5070 1190 5159 dogma·
1242 5084 1365 5161 genter
1384 5075 1610 5152 observetur,
1635 5094 1700 5140 nee
1722 5071 1873 5141 dubium
1893 5083 1943 5139 est
1960 5066 2157 5158 potentiam
2173 5084 2228 5132 as-

202 5180 298 5247 tibus
320 5200 339 5247 a
358 5172 501 5248 Christo
523 5171 675 5243 traditis.
726 5166 872 5240 Certum
896 5182 948 5239 est
968 5173 1189 5261 propositum
1242 5174 1367 5267 quari,
1395 5198 1477 5246 cum
1504 5174 1601 5243 filins
1627 5174 1678 5241 sic
1705 5174 1951 5262 omnipotens,
1984 5184 2115 5239 natura
2133 5162 2228 5237 nm·

202 5274 373 5348 aChristo
390 5274 580 5347 eonsilium
588 5269 654 5341 Dei
673 5269 906 5349 immutabile,
932 5292 1005 5362 quo
1020 5272 1191 5345 docemur
1242 5287 1312 5359 est,
1339 5301 1450 5371 qnare
1464 5291 1499 5348 et
1513 5275 1605 5366 patri
1621 5266 1898 5365 dasoosiosocest.
1949 5267 2229 5364 llincseqiritur‚

202 5380 336 5449 remitti
358 5392 497 5470 peccata
519 5386 664 5469 propter
687 5370 917 5447 mediatorem
941 5373 1028 5459 fide,
1060 5389 1095 5447 et
1114 5401 1192 5449 non
1243 5390 1278 5448 et
1298 5381 1346 5450 ab
1358 5393 1518 5473 utroque
1535 5378 1726 5470 procedere
1741 5376 1914 5468 Spiritum
1933 5387 2110 5465 sanuun.
2159 5366 2229 5439 ttae
