4522 5782
56 156 59 161 ⁵
188 224 262 303 stt
448 198 451 211 '
579 242 600 305 ,·
709 214 1621 309 ,enmumscauranxcenrree
1795 250 1837 267 ι-
2007 220 2014 231 ’
2101 152 2233 309 ἰιι

194 397 281 470 laaec
303 393 452 469 stultitia
468 389 666 465 communis
685 402 738 463 est
758 390 933 461 maximae
951 389 1045 484 parti
1066 385 1186 465 homi-
1237 393 1312 478 nis,
1353 405 1394 467 ot
1417 392 1491 464 sint
1514 393 1635 477 firma,
1669 404 1705 463 et
1737 413 1814 460 non
1845 391 2029 483 pereuntia
2060 394 2233 483 praemia,

194 525 294 575 num.
366 496 463 567 ilinc
492 495 554 565 illa
584 509 686 564 sunt:
720 492 863 564 Medice
891 517 975 564 cura
998 508 1033 564 te
1056 491 1188 585 ipsum.
1218 495 1306 567 ·Sed
1327 520 1398 588 quo
1417 496 1544 567 ordine
1567 495 1627 567 bat
1643 488 1727 564 haec
1742 492 1949 566 distributio
1958 526 1975 579 ,·
1991 493 2232 585 Evangelionr

193 602 300 673 item:
327 597 451 673 ἄλλων
472 590 599 691 ἰατρὸς
618 591 730 677 tivadc
749 592 866 669 ἕλκεσι
888 589 1023 690 βρίων.
1078 594 1186 666 Ιιειιιι
1236 601 1358 677 docet,
1385 599 1481 690 qnod
1497 597 1606 667 simul
1624 596 1774 667 dhrmat
1789 619 1912 666 omnes
1930 591 2092 668 homines
2108 598 2231 681 morti,

194 700 270 775 Odi
305 703 517 795 sapientem,
550 699 613 791 qui
645 699 819 770 sibinen
850 702 953 787 rapit.
1023 695 1187 768 Primum
1235 716 1269 771 et
1290 701 1370 772 aliis
1396 699 1654 770 calamitatibus
1676 697 1854 771 subiectos
1880 721 1973 782 ease,
1998 699 2080 790 quia
2105 722 2231 773 omnes

194 820 334 876 nostras
357 802 515 874 miserias
540 822 788 890 agnoscamus,
815 815 848 874 ct
873 801 1069 889 discamus,
1095 823 1187 895 quaa
1236 803 1518 875 circumferimus
1540 815 1732 893 peccatum.
1781 797 1887 871 Nunc
1909 799 2018 891 igitur
2040 804 2086 871 ad
2111 801 2235 889 minoe

32 932 35 937 ·
107 962 110 967 -
196 908 354 981 remedia
367 905 464 975 Deus
481 904 584 974 nobis
598 903 795 974 tradiderit.
1097 926 1101 931 ·
1235 929 1310 975 rem
1340 894 1627 996 respondendum
1650 915 1724 972 est:
1765 899 1950 986 Ieremias,
1981 900 2164 994 Baptista,
2196 916 2232 977 et

298 1007 371 1081 Nec
394 1008 563 1077 obscurae
586 1018 669 1074 sunt
684 1002 906 1076 tristissimae
930 1000 1118 1074 conciones
1143 1001 1187 1069 de
1237 1007 1370 1077 similes
1402 1018 1485 1077 sunt
1517 1005 1621 1088 iusti,
1659 1004 1791 1074 scilicet
1820 1006 2053 1098 imputatione
2086 1019 2231 1097 propter

197 1112 324 1204 poenis
347 1105 563 1199 implorum,
594 1130 744 1198 quarum
768 1103 829 1177 hic
849 1108 888 1177 fit
912 1105 1064 1176 mentio:
1101 1116 1187 1173 tunc
1236 1110 1349 1179 lilium
1372 1105 1440 1178 Dei
1464 1108 1723 1190 mediatorem,
1759 1109 1819 1176 sed
1850 1111 2011 1176 noudum
2037 1121 2123 1179 sunt
2146 1108 2231 1181 iusti

198 1216 318 1287 dicent
347 1211 556 1292 montibus,
589 1206 714 1278 cadite
744 1231 852 1299 super
874 1230 951 1282 nos.
1019 1205 1089 1276 Hic
1112 1229 1188 1276 non
1237 1227 1309 1285 tora
1326 1212 1495 1295 novitate,
1517 1209 1590 1281 imo
1607 1230 1733 1297 magna
1755 1208 2053 1298 ιιιιῑειῑεεειῐεο,
2073 1210 2229 1283 etmulti

198 1316 314 1387 solum
339 1312 639 1405 ierosolymorum
663 1311 840 1381 excidium
871 1310 1086 1401 cogitemus,
1124 1307 1187 1377 sed
1237 1313 1354 1382 morbi
1378 1306 1496 1381 adhuc
1517 1312 1555 1379 io
1585 1311 1755 1381 cordibus
1777 1312 1940 1381 omnium
1960 1310 2170 1383 sanctorum
2191 1312 2229 1391 io

198 1417 305 1489 etiam
329 1415 460 1485 similia
482 1412 639 1502 exempla
662 1412 825 1484 omnium
850 1425 1070 1504 temporum,
1097 1433 1187 1502 quse
1239 1413 1304 1485 lrac
1320 1415 1391 1484 vita
1409 1411 1565 1485 haerent.
1618 1410 1712 1483 Vere
1726 1427 1842 1482 autem
1860 1413 2024 1484 irascitur
2037 1411 2229 1507 Deusper·

197 1518 390 1591 ostendunt
404 1538 506 1605 saepe
520 1514 676 1587 accidere
686 1509 893 1585 hominibus
907 1513 1062 1585 tristiora
1075 1518 1188 1581 morte
1238 1534 1333 1599 cato,
1358 1533 1392 1588 et
1409 1511 1500 1585 hanc
1515 1516 1605 1585 iram
1621 1514 1807 1606 praecipue
1831 1516 1876 1583 ab
1890 1511 2050 1585 Ecclesia
2070 1516 2152 1588 vult
2173 1516 2229 1587 in.

196 1622 292 1711 ipsa,
318 1634 358 1689 ut
372 1618 578 1708 parentibus
595 1617 707 1687 multo
724 1617 860 1687 tristius
875 1630 986 1686 morte
1005 1626 1055 1684 est
1070 1614 1188 1683 videre
1238 1619 1361 1709 telligi.
1415 1618 1501 1687 ideo
1525 1617 1655 1709 premit
1670 1611 1863 1687 Ecclesiam
1881 1619 1917 1685 iu
1937 1612 2001 1685 laac
2018 1618 2090 1687 vita
2109 1618 2228 1709 magis,

198 1749 299 1794 saeva
322 1720 494 1811 supplicia
525 1729 712 1803 natorum,
747 1719 924 1810 expetitur
951 1717 1059 1807 igitur
1079 1738 1187 1799 mors,
1239 1745 1344 1818 quam
1361 1719 1533 1812 reliquam
1548 1714 1735 1789 hominum
1754 1720 1885 1804 secem,
1920 1733 2040 1807 postea
2057 1723 2228 1803 accedunt

197 1840 239 1894 ιιι
255 1824 425 1893 liniantur
442 1842 596 1913 poenae,
617 1834 789 1913 quantum
804 1821 914 1910 igitur
940 1819 1023 1888 mali
1041 1831 1092 1888 est
1107 1830 1186 1909 post
1239 1841 1270 1899 et
1290 1824 1379 1892 aliae
1396 1821 1515 1913 plures
1528 1842 1669 1903 causae,
1694 1820 1860 1891 videlicet
1877 1823 1971 1913 quod
1990 1820 2066 1891 volt
2081 1816 2148 1893 has
2170 1824 2227 1913 ip-

197 1922 291 1995 ltauc
307 1925 435 2002 vitum,
461 1945 590 1991 tumus
608 1935 721 1992 morte
741 1922 884 2015 quidem
900 1920 997 1991 finiri
1019 1918 1189 2011 possunt?
1239 1949 1292 1995 sas
1310 1939 1513 1994 sanctorum
1536 1922 1746 1992 afflictiones
1767 1921 1967 1993 testimonia
1992 1945 2066 1993 esse
2090 1925 2137 1994 de
2158 1925 2225 2001 rite

198 2023 286 2099 haec
311 2038 432 2094 monet
458 2018 622 2094 Christus
651 2046 724 2094 non
757 2036 898 2095 tantum
921 2018 985 2092 has
1009 2021 1188 2100 mulieres,
1239 2043 1393 2097 aeterna.
1453 2025 1547 2095 curn
1568 2024 1663 2094 enim
1684 2020 1781 2093 Deus
1805 2037 1956 2095 testetur
1973 2047 2010 2094 se
2031 2027 2226 2117 approbare

199 2131 260 2198 sed
286 2142 399 2198 totum
423 2148 533 2216 genus
559 2120 769 2198 humanum.
836 2126 890 2195 Ac
922 2123 1108 2215 praecipua
1135 2136 1188 2193 tot
1241 2129 1390 2199 Paulum
1409 2128 1447 2197 in
1464 2124 1635 2210 hacvita,
1660 2149 1817 2218 comper
1833 2151 1914 2195 eum
1931 2128 2224 2199 resuscitatmor-

198 2229 477 2321 spectaculorum
500 2223 728 2297 horribilium
752 2228 791 2296 in
813 2221 881 2296 huc
904 2227 977 2297 vitu
995 2249 1098 2296 usust
1123 2239 1187 2304 ert,
1239 2246 1338 2316 tuos,
1363 2243 1530 2301 ettamen
1551 2229 1644 2298 sinat
1664 2251 1744 2296 eum
1772 2228 1921 2298 interfici
1946 2230 1991 2298 ab
2015 2230 2224 2325 inquinatis·

199 2332 282 2425 quia
299 2329 485 2403 Deusvult
502 2329 660 2419 conspici
676 2330 764 2399 iram
788 2352 887 2399 suam
909 2331 1079 2398 adversus
1105 2351 1186 2420 pec·
1240 2335 1329 2402 simo
1358 2346 1532 2426 tyranno,
1566 2352 1706 2399 necesse
1737 2343 1790 2399 εει
1822 2343 1940 2421 postea
1971 2345 2105 2401 restare
2132 2332 2222 2403 iudi·

199 2448 295 2515 cata,
321 2432 398 2501 vult
421 2455 487 2500 nos
503 2431 784 2516 commonetieri,
811 2446 851 2501 ut
869 2428 1031 2499 Psalmus
1047 2429 1107 2504 59.
1132 2429 1187 2497 iu-
1241 2437 1358 2524 cium,
1384 2435 1423 2503 iu
1448 2457 1520 2526 quo
1538 2430 1636 2501 Deus
1656 2434 1818 2502 ostendet
1839 2456 1876 2501 se
1897 2457 1970 2501 raon
1988 2432 2142 2505 oblitum
2156 2456 2224 2507 esre

200 2535 301 2629 quit:
341 2532 490 2625 Propter
516 2531 720 2624 iniquitates
745 2532 896 2623 corripis
919 2527 1101 2622 homines,
1132 2531 1190 2599 in·
1243 2536 1365 2618 Pauli,
1406 2549 1441 2607 et
1470 2533 1644 2605 anteferre
1668 2532 1818 2604 Patrium
1853 2534 2033 2604 teterrimo
2061 2550 2223 2631 tyranno.

199 2650 362 2706 tueamur
389 2656 472 2723 ergo
502 2649 639 2709 nostras
664 2647 698 2705 et
722 2634 855 2704 alienas
881 2634 1118 2718 calamitates,
1152 2646 1192 2704 ut
1243 2637 1315 2709 Sed
1338 2633 1425 2708 haec
1450 2635 1612 2706 doctrina
1635 2637 1679 2704 de
1705 2636 1820 2704 causis
1840 2636 1925 2704 alibi
1943 2636 2124 2726 copiosius
2140 2639 2221 2709 reci·

92 2764 99 2775 ’
199 2739 308 2810 ιίιιιοι·
324 2734 393 2807 Dei
408 2739 445 2804 in
462 2735 568 2804 nohis
583 2736 764 2811 excitetur.
1243 2753 1316 2811 tota
1340 2754 1412 2823 est,
1436 2763 1532 2809 nunc
1546 2739 1590 2807 ad
1607 2751 1740 2809 textum
1755 2739 1873 2810 redeo.
1924 2736 2091 2809 Christus
2106 2743 2222 2811 admo·

305 2836 348 2911 ln
363 2838 468 2911 tertio
483 2840 643 2907 membro
658 2839 808 2909 dicitur:
836 2836 875 2909 Si
900 2836 939 2906 in
964 2833 1073 2905 viridi
1094 2836 1192 2924 ligno
1243 2855 1303 2911 net
1317 2842 1482 2912 mulieres
1498 2843 1543 2910 de
1561 2840 1612 2908 ira
1629 2836 1698 2909 Dei
1717 2838 1886 2909 adversus
1905 2855 2043 2928 peccata
2067 2844 2221 2915 omnium

200 2936 443 3024 hocfeciunt,
470 2940 828 3032 inaridoquidfiet?
861 2940 992 3017 idest,
1018 2938 1192 3008 siviridis
1242 2939 1452 3027 hominum,
1476 2967 1515 3013 ac
1536 2954 1683 3012 testatur
1705 2940 1810 3010 ctiam
1834 2942 1967 3030 puniri.
2020 2940 2220 3032 erodvero

201 3057 236 3114 et
265 3045 436 3112 foecunda
464 3043 571 3109 arbor
596 3043 809 3131 extirpatur,
843 3041 928 3136 quid
952 3042 1011 3109 fiet
1032 3041 1077 3109 de
1092 3041 1192 3110 arida
1243 3048 1317 3136 ipse
1341 3046 1492 3136 patitur,
1523 3044 1603 3113 ideo
1626 3043 1684 3129 ht,
1716 3043 1800 3135 quia
1825 3044 1898 3134 ipse
1923 3057 1973 3113 est
1997 3048 2172 3118 mediator
2191 3058 2237 3119 et.

201 3159 236 3217 et
251 3143 391 3214 sterili?
429 3141 509 3231 Qua
540 3143 652 3232 ligura
678 3145 898 3234 significatur
925 3138 1010 3211 haec
1036 3143 1190 3222 collatio,
1243 3148 1472 3232 intercessor,
1499 3146 1586 3239 quid
1609 3145 1648 3213 io
1670 3166 1743 3215 sese
1765 3146 1939 3215 derivavit
1962 3146 2050 3215 irem
2071 3148 2142 3220 Dei
2165 3151 2220 3219 ad·

203 3270 285 3316 cum
318 3247 475 3314 membra
507 3241 600 3330 Dei,
643 3270 733 3339 quae
757 3248 893 3316 fructus
914 3241 990 3315 Deo
1014 3243 1191 3335 placentes
1243 3272 1363 3319 versus
1378 3264 1497 3320 nostra
1514 3260 1672 3338 peccata,
1694 3246 1784 3316 sicut
1799 3243 1957 3339 Baptista
1973 3246 2108 3342 inquit:
2135 3246 2219 3323 Ecce

142 3376 147 3382 ·
200 3349 340 3427 lemnt,
365 3360 405 3415 ut
422 3344 534 3428 Abel,
567 3343 752 3433 Ieremias,
784 3344 961 3437 Baptista,
994 3348 1192 3416 sustineant
1241 3373 1354 3440 agnus
1368 3349 1454 3436 Dei,
1480 3350 1542 3442 qui
1558 3348 1652 3418 tollit
1670 3361 1810 3438 peccata
1828 3348 1968 3425 mundi.¹

200 3470 345 3538 magnas
359 3447 583 3530 calamitates,
608 3449 695 3543 quid
711 3451 771 3521 fiet
783 3450 829 3518 de
846 3445 990 3540 impiis?
1014 3442 1192 3537 Congruit
1344 3452 1502 3542 Quartus
1516 3452 1615 3522 locus
1636 3463 1688 3520 est
1704 3450 1777 3541 ipsa
1794 3450 1993 3536 crucifixio,
2018 3452 2082 3523 ubi
2098 3453 2136 3525 in
2155 3454 2220 3546 pri·

199 3544 427 3620 haecChristi
438 3550 562 3619 concio
578 3574 657 3623 cum
675 3552 769 3622 dicto
778 3545 1108 3632 Salomonis,Prov.
1123 3552 1189 3620 11.:
1242 3553 1310 3623 mis
1331 3555 1593 3625 observandum
1623 3564 1675 3621 est
1702 3553 1856 3636 dictum,
1897 3557 1993 3646 quod
2016 3555 2101 3627 citat
2126 3572 2163 3629 et
2183 3558 2219 3627 il·

200 3649 241 3721 si
263 3651 375 3721 iustus
403 3651 442 3719 in
464 3667 555 3721 terra
578 3653 722 3744 recipit,
761 3666 896 3745 quanto
926 3651 1038 3738 magis
1060 3653 1191 3742 impius
1240 3655 1365 3727 lustrat
1382 3650 1606 3728 PaulusGal.
1621 3653 1675 3727 5.:
1703 3650 1914 3725 Maledictus
1931 3656 2049 3728 omnis
2063 3659 2126 3751 qui
2141 3684 2221 3752 pen·

201 3766 238 3823 et
260 3753 446 3843 peccator?
483 3752 541 3822 Ad
566 3779 656 3846 quae
681 3760 713 3825 1.
735 3751 808 3825 Pet.
826 3751 863 3824 4.
891 3754 1075 3822 adduntur
1104 3748 1191 3824 haec
1240 3758 1299 3830 det
1315 3757 1353 3825 in
1370 3757 1487 3846 ligno,
1511 3777 1601 3850 quae
1619 3754 1725 3825 verba
1746 3778 1787 3825 ex
1811 3779 1888 3852 cap.
1905 3756 1964 3833 12.
1984 3753 2092 3830 Deut.
2111 3776 2221 3835 sumta

115 3894 120 3899 -
200 3856 324 3925 cerba:
353 3851 568 3925 ludiciuma
595 3859 701 3926 domo
716 3854 782 3926 Dei
799 3854 935 3947 incipit.
986 3851 1189 3924 Hicautem
1240 3873 1343 3943 sunt,
1384 3860 1446 3955 ubi
1479 3879 1638 3949 expresse
1663 3856 1825 3927 additum
1852 3872 1928 3931 est:
1969 3856 2221 3937 Maledictuss

199 3957 368 4026 reclamat
394 3953 548 4025 humana
571 3957 681 4041 ratio,
706 3958 842 4028 offendi
862 3979 899 4027 sc
924 3952 989 4027 hac
1010 3956 1086 4049 ipsu
1103 3980 1190 4027 eon·
1239 3959 1334 4045 Deo,
1360 3960 1422 4054 qui
1439 3962 1568 4051 pendet
1583 3959 1620 4027 in
1638 3959 1757 4048 ligno,
1780 3959 1832 4029 sie
1852 3959 1939 4031 alibi
1954 3963 1999 4032 de
2013 3966 2140 4055 poenis
2155 3988 2222 4037 non

124 4104 128 4111 ·
199 4057 358 4142 lusione,
384 4059 479 4152 quod
498 4053 600 4128 bonis
616 4061 708 4128 male
723 4063 787 4142 sit,
814 4073 847 4129 et
862 4059 964 4127 malis
981 4060 1090 4141 bene,
1116 4058 1189 4129 dis·
1240 4061 1402 4154 loquitur
1428 4063 1613 4154 scriptura.
1679 4058 1769 4129 Nam
1798 4085 1933 4154 poenae
1956 4063 2052 4156 ipsae
2076 4091 2154 4138 non
2175 4070 2221 4138 ia·

198 4172 326 4249 putant
341 4174 477 4229 mentes
495 4174 555 4230 aut
570 4184 652 4231 casu
676 4162 796 4232 omnia
819 4161 926 4245 ferri,
951 4183 1016 4229 nec
1039 4161 1112 4251 regi
1134 4182 1189 4229 res
1240 4163 1338 4234 ciunt
1361 4158 1524 4233 homines
1545 4185 1642 4246 reos,
1667 4162 1703 4230 id
1728 4175 1798 4244 est,
1831 4181 1976 4257 propter
1995 4190 2131 4259 poenas
2153 4194 2221 4243 noo

123 4258 131 4271 '
199 4255 375 4329 humanas
413 4261 659 4352 providentia,
698 4278 758 4335 aut
802 4261 1092 4352 gubernationem
1130 4262 1188 4329 in·
1239 4264 1404 4335 irascitur
1427 4260 1523 4335 Deus
1546 4259 1780 4349 hominibus,
1821 4267 1881 4335 sed
1906 4282 2051 4359 propter
2076 4287 2221 4361 peccata.

198 4362 326 4432 iustam
342 4384 435 4432 esse:
464 4359 556 4434 hanc
571 4365 847 4456 disputationem
870 4357 1096 4454 philosophia
1113 4386 1188 4433 non
1239 4365 1314 4439 Cur
1337 4366 1445 4456 igitur
1473 4368 1518 4435 de
1547 4360 1613 4435 hac
1642 4389 1754 4458 poena
1780 4381 1852 4438 tam
1875 4370 2042 4443 atrociter
2067 4372 2222 4467 loquitur

199 4463 283 4532 satis
299 4456 472 4553 explicare
485 4479 620 4564 potest,
646 4491 736 4559 quae
752 4489 825 4536 non
841 4464 1188 4556 novitprimosfon·
1236 4464 1359 4538 Deus?
1399 4464 1574 4539 Existimo
1588 4480 1726 4538 tantum
1752 4483 1898 4561 propter
1925 4489 2074 4545 mortem
2092 4470 2221 4548 Christi

198 4577 251 4633 tes
267 4559 504 4635 humanarum
533 4568 773 4651 miseriarum,
799 4569 860 4636 sed
884 4560 923 4635 hi
944 4580 1189 4637 monstrantur
1239 4564 1307 4640 hoc
1332 4569 1466 4640 dictum
1489 4591 1583 4652 esse,
1608 4583 1649 4639 ut
1663 4566 1883 4660 intelligatur
1906 4571 1944 4643 in
1965 4568 2063 4647 hunc
2085 4579 2221 4651 derisa·

198 4664 238 4734 in
257 4666 416 4739 doctrina
437 4666 624 4742 Ecclesiae.
675 4667 767 4741 Cum
786 4691 868 4758 crgo
891 4669 941 4738 sic
961 4681 1188 4757 argumenta·
1238 4685 1309 4742 tam
1343 4694 1418 4740 esse
1447 4670 1757 4757 maledictionem,
1796 4674 1854 4742 cui
1884 4697 1995 4765 genus
2022 4672 2220 4755 humanum

197 4781 257 4837 tur
280 4769 388 4839 ratio:
425 4767 529 4839 lestis
551 4773 641 4840 bene
666 4793 739 4841 esse
761 4773 884 4855 debet,
910 4771 1051 4839 iniustis
1074 4771 1186 4840 male:
1237 4771 1434 4843 subiectum
1457 4771 1541 4857 tuit,
1568 4773 1605 4841 id
1629 4785 1699 4857 est,
1726 4767 1823 4844 hunc
1843 4776 2053 4849 sustinuisse
2074 4805 2219 4871 poenam

197 4865 391 4955 ieremias,
426 4867 604 4961 Baptista,
643 4886 727 4943 sunt
749 4873 857 4963 iusti,
890 4895 972 4963 ergo
999 4873 1089 4942 bene
1112 4893 1186 4943 esse
1237 4873 1392 4943 debitam
1408 4872 1565 4944 iustitiae
1580 4870 1667 4964 Dei,
1694 4886 1729 4945 et
1748 4874 1796 4944 ita
1811 4899 1876 4967 pro
1893 4878 1997 4949 nobis
2013 4886 2220 4973 persolvisse

197 4971 249 5040 eis
272 4972 408 5042 debeat.
460 4971 530 5043 Hic
549 4976 741 5063 respondet
762 4970 939 5059 Ecclesia,
966 4973 1120 5066 primum
1142 4975 1186 5045 de
1238 4967 1387 5068 λύτρον.
1460 4972 1648 5045 Caeterum
1680 5001 1786 5069 quam
1815 4979 1927 5051 tristis
1958 4983 2152 5080 appellatio
2179 4989 2222 5061 sit

196 5072 349 5157 maiore,
391 5074 571 5144 verissima
596 5089 648 5146 est
670 5077 805 5160 maior,
837 5090 889 5147 est
910 5075 1006 5145 enim
1027 5074 1084 5145 lex
1103 5070 1187 5163 Dei,
1240 5076 1311 5145 dici
1335 5075 1562 5145 maledictum
1583 5101 1602 5145 a
1621 5077 1719 5162 Deo,
1745 5077 1781 5147 id
1800 5103 1873 5149 non
1890 5097 2004 5174 potest
2025 5088 2147 5160 verbis
2164 5115 2220 5163 er.

194 5186 234 5241 ut
254 5175 410 5262 primum
432 5190 658 5268 praeceptum
675 5190 842 5261 testatur,
865 5174 1066 5268 etquidem
1090 5178 1180 5248 adeo
1235 5176 1382 5268 plicari,
1407 5180 1467 5248 sed
1491 5179 1666 5248 discamus
1689 5179 1745 5269 pia
1762 5182 2011 5271 meditatione,
2037 5212 2120 5261 curn
2137 5215 2222 5285 qne.

193 5295 276 5343 vera
299 5288 371 5361 est,
415 5291 456 5348 ut
477 5276 574 5348 Deus
602 5302 677 5349 non
708 5290 846 5365 tantum
880 5276 1047 5370 perituris
1076 5276 1184 5348 bonis
1235 5280 1379 5351 relasin
1394 5276 1544 5351 Psalmis
1561 5294 1597 5351 et
1618 5278 1883 5372 alihilegimus.
1934 5283 2022 5359 item
2048 5314 2131 5363 cnm
2154 5293 2221 5385 ipsi

193 5390 396 5465 compenset
411 5379 606 5467 iusticiam,
632 5402 695 5453 seu
709 5379 968 5467 obedientiam,
991 5380 1052 5473 sed
1069 5392 1185 5453 asten
1235 5380 1358 5477 aliquo
1387 5382 1495 5461 modo
1524 5395 1644 5455 nostra
1669 5396 1812 5475 peccata
1836 5388 2027 5483 aspicimus
2050 5414 2095 5467 as
2113 5418 2223 5495 expe,
