4522 5782
107 178 216 293 ,aso
359 224 367 247 ·
596 278 603 291 ,
696 194 825 274 rulo
849 194 968 273 nan
994 133 1208 307 scnium
1241 190 1562 270 uxscnnca·
1817 236 1824 251 .
1903 184 1913 208 ’·
2049 192 2127 266 rau

108 400 176 449 nec
211 376 447 467 imaginemur
485 372 524 441 in
553 393 594 441 eo
629 369 921 441 contradictorias
960 381 1102 438 senten·
1154 368 1295 453 clesiam
1312 381 1434 465 contra
1451 368 1585 437 rabiem
1600 358 1850 471 diabploruni,
1875 379 2005 437 eontra
2025 378 2131 459 tyran-

111 480 190 553 εἰει,
769 510 773 517 ·
1154 494 1219 539 nos
1235 486 1268 542 ει
1286 485 1407 539 contra
1422 470 1593 539 fanaticos
1611 471 1768 554 horores,
1794 487 1828 541 et
1851 484 1905 541 est
1928 471 2054 550 iudex,
2077 491 2131 556 pu·

213 579 381 652 Secundo
407 598 538 644 nomen
558 571 727 662 lmaginis
750 571 1020 643 commonefacit
1038 594 1104 640 nos
1155 573 1208 641 nit
1232 586 1266 642 et
1284 573 1406 660 puniet
1432 571 1579 662 impios,
1605 573 1739 663 interea
1759 574 1867 641 simul
1892 585 1975 640 orat
1997 593 2059 659 pro
2077 592 2131 635 no·

112 682 416 754 dediscernendo
443 701 524 745 vero
541 674 617 744 Deo
637 677 682 743 ab
705 675 872 747 omnibus
895 675 1105 745 commenti·
1155 674 1210 743 bis
1226 688 1407 743 aeternum
1425 690 1570 760 patrem,
1596 686 1629 741 et
1645 688 1696 742 εει
1712 675 1833 742 efficax
1852 680 1943 743 voce'
1953 670 2132 760 Evangelii,

113 783 174 855 tiis
197 783 416 852 numinibus.
469 777 643 868 Proponit
668 776 734 845 tibi
755 777 947 846 invisibilis
971 775 1105 843 divini·
1155 791 1192 845 ut
1210 776 1321 866 aliqui
1346 787 1615 857 convertantur,
1641 777 1789 845 remittit
1806 788 1951 863 peccata
1972 772 2133 842 credenti·

99 899 171 956 -tas
203 880 299 954 hunc
328 882 443 950 filium
469 879 666 968 visibilem,
706 890 740 946 et
763 879 859 949 iuhet
883 890 917 947 te
941 879 1106 946 invocare
1158 879 1243 966 bus,
1270 877 1432 968 exaudit,
1462 878 1630 964 protegit,
1657 877 1747 947 lenit
1769 901 1920 968 poenas,
1948 875 2061 944 multa
2080 873 2136 939 mi·

114 982 212 1057 hunc
237 1007 358 1052 verum
374 979 508 1062 Deum,
533 981 594 1072 qui
620 979 716 1049 misit
739 976 833 1048 laune
856 982 1106 1063 redemtorem,
1157 980 1243 1068 ligat
1263 979 1300 1045 in
1318 979 1444 1045 ordine
1463 992 1627 1059 naturae,
1656 980 1765 1068 pascit
1788 1003 1874 1064 nos,
1901 980 2006 1048 iuvat
2025 991 2059 1045 et
2079 975 2135 1041 sal·

116 1100 152 1157 et
175 1086 313 1156 addidit
338 1085 369 1152 ei
394 1082 613 1163 testimonia,
649 1094 682 1149 ει
706 1105 786 1149 vere
811 1081 847 1147 in
876 1083 943 1150 isto
966 1082 1107 1149 redem-
1158 1095 1216 1149 vat
1232 1080 1585 1166 invocantesipsum,
1611 1081 1701 1149 sicut
1718 1082 1853 1172 inquit:
1887 1079 2021 1148 Venite
2037 1078 2078 1145 ad
2092 1098 2135 1142 me

117 1202 195 1260 tore
216 1184 372 1266 habitat,
411 1183 501 1253 sicut
525 1183 663 1276 inquit:
696 1179 770 1268 Qui
789 1182 972 1262 videtme,
1000 1181 1097 1250 videt
1158 1181 1856 1273 omnesquilaboratisetoneratiestis,
1901 1181 2011 1252 ltem:
2039 1177 2136 1246 Nemo

119 1303 267 1382 patrem.
1159 1285 1273 1374 rapiet
1287 1306 1369 1350 oves
1384 1304 1476 1351 nieas
1493 1305 1532 1348 ex
1550 1284 1716 1351 manibus
1732 1286 1829 1357 meis.
1872 1283 1968 1354 Sine
1985 1306 2042 1350 me
2058 1274 2135 1347 nihil

220 1388 344 1459 Tertio
366 1385 548 1455 sciendum
573 1397 623 1453 εει
647 1378 739 1452 hanc
755 1380 821 1453 Dei
848 1385 1038 1474 imaginem
1062 1383 1108 1453 ad
1159 1385 1304 1475 potestis
1318 1385 1441 1452 lacere.
1492 1382 1597 1452 Sedet
1614 1386 1655 1452 ad
1680 1387 1859 1455 dexteram
1877 1386 2016 1454 aeterni
2034 1381 2135 1471 patris,

119 1515 187 1562 nos
210 1490 352 1559 missam
376 1512 468 1569 esse,
499 1500 539 1556 ut
563 1509 628 1555 nos
653 1506 776 1555 rursus
799 1511 860 1576 per
881 1511 961 1556 eum
983 1486 1109 1555 fiamus
1159 1491 1248 1556 dans
1271 1490 1363 1554 dona
1388 1482 1612 1568 hominibus,
1646 1489 1721 1576 ipse
1751 1502 1802 1558 est
1832 1499 1945 1577 caput
1967 1484 2136 1563 Ecclesiae,

119 1594 236 1681 imago
260 1588 346 1674 Dei,
384 1585 451 1657 hoc
473 1602 544 1667 est,
576 1600 615 1655 ut
643 1586 758 1655 luceat
784 1588 820 1654 in
846 1588 949 1657 nobis
973 1588 1108 1676 agnitio
1159 1589 1341 1682 perficiens
1358 1586 1476 1655 onmia
1497 1586 1534 1652 in
1552 1589 1730 1660 omnilms.

120 1691 200 1778 Dei,
225 1715 288 1783 per
305 1691 417 1759 lilium
435 1711 588 1771 accensa,
612 1711 680 1779 qua
698 1710 819 1757 rursus
835 1691 1006 1758 efficimur
1020 1711 1108 1758 con·
1261 1687 1356 1757 Haec
1371 1691 1413 1755 de
1430 1688 1506 1755 inre
1521 1689 1840 1777 primogeniturae,
1855 1685 1926 1758 hoc
1943 1702 2009 1770 est,
2031 1689 2072 1755 de
2086 1687 2137 1753 clo·

120 1795 252 1866 formes
274 1790 371 1876 Deo,
402 1791 493 1860 sicut
509 1792 545 1861 2.
563 1785 727 1861 Corinth.
744 1789 780 1861 8.
804 1791 952 1861 dicitur:
987 1788 1110 1879 Agno·
1161 1791 1273 1860 minio
1290 1785 1421 1858 Christi
1439 1789 1622 1876 cogitanda
1637 1805 1729 1875 sunt,
1756 1805 1790 1860 et
1809 1795 1853 1861 ad
1871 1790 2137 1859 consolationem

122 1910 257 1966 scentes
273 1890 390 1963 Deum
413 1916 476 1983 per
498 1914 616 1960 vocem
641 1889 843 1977 Evangelii,
881 1884 1109 1961 transforma!
1160 1907 1194 1963 et
1209 1895 1253 1960 ad
1271 1891 1530 1959 invocationem
1549 1893 1802 1978 transferenda,
1823 1917 1871 1962 ne
1885 1893 2064 1982 cogitetur
2079 1911 2137 1959 esse

121 2020 204 2066 mur
225 1997 263 2064 in
286 1996 433 2081 eandem
454 1993 663 2081 imaginem,
695 1984 762 2060 hoc
787 2007 858 2074 est,
882 1991 961 2063 Lux
983 1992 1110 2062 similis
1160 1997 1272 2066 otiosa
1296 1994 1511 2076 dominatio,
1536 1995 1598 2061 sed
1620 2017 1701 2062 vere
1725 1995 1846 2063 efficax
1870 1995 1910 2061 in
1928 1993 2096 2063 creaturis
2112 2002 2137 2057 et

123 2101 233 2188 verbo
267 2097 306 2165 in
341 2096 441 2165 vobis
474 2093 691 2166 accenditur.
749 2090 968 2164 Athanasius
1003 2096 1109 2165 dicit:
1161 2098 1200 2165 in
1221 2094 1336 2166 nobis.
1387 2091 1488 2163 Hanc
1506 2095 1737 2184 praesentiam
1758 2097 1824 2164 lilii
1842 2093 1912 2166 Dei
1940 2109 1979 2165 et
2000 2090 2138 2164 hordo-

123 2195 350 2287 Congruebat
372 2197 484 2266 lilium
509 2216 684 2265 assumere
717 2207 879 2264 naturam
909 2191 1113 2280 humanam,
1161 2198 1311 2265 minium
1327 2210 1452 2287 putant
1466 2195 1588 2265 inanes
1602 2197 1739 2266 labulas
1754 2220 1828 2267 esse
1845 2196 2001 2289 illi,qui
2016 2217 2139 2265 nercu-

124 2313 166 2372 ut
188 2323 251 2392 per
274 2300 464 2388 imaginem
487 2294 555 2367 Dei
580 2296 798 2365 essentialem
824 2293 930 2366 homo
951 2299 1111 2368 restitue·
1161 2313 1242 2368 rant
1263 2298 1433 2367 iudicium
1458 2297 1570 2388 ipsius
1592 2320 1657 2366 nec
1678 2298 1861 2370 auxilium.
1916 2296 2076 2368 Additur
2095 2292 2139 2365 hic

122 2416 240 2486 retur,
266 2402 431 2471 conditus
452 2410 493 2468 ut
513 2411 602 2467 esset
622 2397 736 2484 imago
756 2397 822 2466 Dei
838 2413 963 2470 creata.
1018 2395 1117 2488 Quia
1162 2400 1300 2469 illustre
1328 2399 1569 2468 testimonium
1601 2401 1645 2467 de
1679 2399 1930 2489 omnipotente
1959 2414 2086 2470 natura
2111 2398 2138 2464 in

124 2505 358 2598 perverbum,
373 2500 620 2593 quodivinitas
632 2500 760 2588 patelit,
776 2501 1107 2588 restituiturimago.
1162 2502 1253 2571 lilio:
1276 2504 1316 2568 ln
1333 2495 1400 2570 hoc
1415 2499 1547 2569 visibili
1562 2500 1636 2569 lilio
1652 2515 1702 2569 εει
1718 2493 1846 2597 λόγος,
1872 2526 2063 2593 perquem
2076 2524 2139 2567 om·

229 2601 326 2672 Haec
344 2614 545 2672 reverenter
559 2610 592 2669 e‘t
608 2600 665 2690 pie
681 2601 866 2687 cogitanda
890 2617 991 2686 sunt,
1016 2616 1049 2673 et
1073 2602 1111 2669 in
1129 2646 1134 2653 -
1162 2604 1222 2672 nia
1236 2602 1378 2672 condita
1393 2615 1489 2672 sunt.
1533 2599 1628 2691 Ergo
1645 2598 1754 2698 λόγος
1769 2626 1843 2671 non
1861 2618 1915 2672 est
1933 2626 2047 2672 sonus
2060 2623 2139 2671 crea·

127 2729 210 2776 vera
234 2704 458 2774 invocatione
487 2703 672 2790 discenda,
705 2703 743 2770 in
768 2726 836 2794 qua
859 2727 958 2772 mens
982 2704 1113 2773 intueri
1163 2718 1220 2775 tus
1241 2720 1469 2787 evanescens,
1508 2704 1570 2773 sed
1597 2717 1649 2773 est
1682 2699 1944 2799 ὑφιστάμενος
1974 2720 2012 2776 ει
2040 2703 2140 2773 omni·

127 2808 231 2878 debet
247 2805 360 2877 Deum
377 2803 587 2897 patefactum
604 2827 665 2892 per
681 2796 776 2872 hunc
791 2804 917 2887 lilium,
934 2820 968 2876 ct
983 2806 1113 2875 discer-
1165 2819 1302 2898 potens.

126 2931 212 2979 nere
228 2931 346 2976 veram
365 2906 624 2975 invocationem
644 2905 688 2972 ah
706 2901 857 2975 ethnica.
1493 2973 1500 2992 ,
1542 2972 1549 2992 ,
1696 2973 1705 2991 ‚
1781 2973 1788 2992 ,
1971 2933 1977 2946 ·

232 3004 373 3079 Omitto
397 3006 600 3098 praestigias
617 3004 838 3077 Samosateni
861 3021 894 3078 et
908 3005 989 3076 Arii
1012 3018 1045 3075 ει
1066 3007 1115 3074 si·
1349 2969 1497 3046 Thmm
1512 2999 1587 3045 Μ
1601 2969 1874 3048 d⁰m²⁰⁰¹⁸⁰⁰⁶⁸
1890 2984 1958 3051 ⁶¹⁶·

95 3192 99 3207 ¹
127 3110 283 3194 milium,
309 3110 372 3202 qui
389 3108 544 3178 caviliati
560 3122 657 3175 sunt:
686 3106 803 3197 lmago
821 3122 870 3178 est
885 3111 1009 3178 umbra
1027 3108 1114 3176 alte·
1267 3106 1454 3193 Thronos,
1480 3108 1758 3194 dominationes,
1790 3113 2020 3204 principatus
2042 3127 2074 3185 ει
2094 3136 2143 3204 pv·

127 3214 203 3283 rius
219 3212 291 3296 rei,
317 3224 382 3282 etc.
443 3209 550 3277 Tales
567 3204 813 3301 sycophantias
832 3207 889 3279 hic
908 3213 982 3300 ipse
1003 3223 1116 3279 textus
1166 3224 1305 3285 testatos
1325 3212 1489 3299 intelligit
1501 3225 1655 3282 vetustas
1669 3212 1832 3302 angelos,
1859 3238 1928 3283 nos
1945 3215 2069 3284 omnia
2090 3217 2142 3282 im·

127 3316 275 3397 refutat,
301 3337 381 3382 cum
398 3324 516 3401 postea
536 3311 670 3402 inquit:
697 3309 765 3379 Per
780 3313 892 3380 filium
909 3312 1028 3380 omnia
1044 3333 1117 3380 esse
1165 3310 1312 3407 peria'et
1331 3316 1492 3384 ordinem
1511 3329 1771 3399 creaturarum,
1795 3315 2033 3405 politiarum,
2060 3339 2142 3386 ceto·

129 3415 270 3487 condita
294 3428 327 3483 et
348 3425 564 3501 conservata.
630 3408 678 3481 Et
708 3414 750 3480 ad
777 3411 958 3481 Hebraeos
986 3413 1118 3482 dicitur
1167 3418 1385 3499 nomiarum,
1418 3415 1592 3505 coniugii,
1628 3416 1766 3504 legum,
1797 3418 2099 3503 gubernationem
2118 3418 2145 3484 io

130 3512 322 3587 Character
354 3513 596 3596 Substantiae,
650 3512 836 3592 videlicet,
876 3514 1118 3584 substantialis
1168 3519 1266 3587 coelo
1282 3532 1317 3587 et
1333 3518 1369 3588 in
1387 3529 1478 3587 terra
1497 3517 1740 3606 intelligimus.
1791 3517 1899 3588 Certe
1915 3515 1988 3589 hoc
2009 3521 2086 3591 vult
2103 3518 2145 3588 di-

130 3617 264 3706 lmago.
1168 3644 1244 3689 cere
1269 3642 1390 3688 omnes
1409 3631 1586 3688 creaturas
1610 3633 1643 3688 ει
1667 3632 1798 3688 creatas
1822 3633 1857 3690 et
1879 3623 2072 3694 ordinatas
2092 3642 2146 3691 esse

301 3779 308 3797 ,
446 3779 453 3796 ,
590 3781 596 3797 ,
1169 3746 1232 3813 per
1261 3716 1355 3790 hunc
1384 3720 1519 3805 lilium,
1559 3720 1696 3790 etiamsi
1723 3737 1841 3810 postea
1871 3724 1921 3793 ab
1946 3725 2014 3793 illo
2039 3724 2146 3795 ordine
2178 3788 2180 3803 ,

235 3774 512 3877 Primogenrlus
529 3804 718 3851 universae
736 3790 925 3852 creaturae
940 3792 1003 3855 alc.
1169 3825 1403 3892 discesserunt
1419 3822 1552 3890 diaboli
1574 3838 1608 3891 e,
1624 3818 1795 3897 homines·

137 3999 141 4009 ,
234 3914 503 4008 Simplicissima
519 3919 695 3987 enarratio
711 3921 1009 4009 estdedignitate.
1041 3919 1120 3991 Pri·
1274 3923 1381 4012 Quod
1404 3923 1498 3992 filius
1521 3925 1565 3993 sit
1589 3940 1714 3994 natura
1737 3920 1852 4008 Deus,
1892 3921 2148 4000 manifestabit

133 4019 356 4110 mogenitus,
391 4017 544 4120 horest,
578 4021 746 4088 dominus
769 4024 1121 4093 omniumcreatura-
1171 4026 1371 4097 testimonia
1395 4026 1504 4109 posita
1529 4041 1631 4110 sum,
1666 4027 1915 4118 quiadicitur:
1943 4026 2083 4101 Omnia
2104 4048 2149 4118 pst

134 4145 236 4205 rum,
276 4122 372 4202 iuxta
396 4117 481 4191 haec
509 4123 602 4190 dicta
629 4121 770 4190 Psalmo
799 4138 947 4193 octavo:
987 4118 1122 4192 Omnia
1173 4131 1287 4220 ipsum
1308 4150 1380 4195 esse
1396 4128 1558 4213 condita,
1586 4143 1619 4198 et
1642 4127 1845 4198 dulcissime
1861 4125 1924 4200 hic
1941 4136 2062 4205 addit:
2088 4114 2180 4220 lpse*

138 4222 317 4292 subiecisti
339 4225 405 4291 sub
422 4225 570 4315 pedibus
587 4225 672 4295 eius.
727 4221 772 4293 Et
789 4223 960 4296 Matthaei
979 4227 1123 4295 ultimo:
1174 4244 1224 4298 est
1242 4242 1321 4298 ante
1338 4230 1469 4301 omnia.
1508 4226 1587 4298 Hoc
1603 4227 1683 4300 cum
1699 4230 1847 4319 dicitur,
1872 4256 2022 4304 necesse
2038 4250 2088 4307 est
2107 4233 2149 4300 in·

138 4326 232 4394 Data
251 4337 302 4393 εει
325 4321 414 4392 mihi
437 4327 555 4393 omnis
572 4339 723 4416 potestas
743 4327 779 4392 in
800 4328 898 4396 coelo
914 4343 948 4397 et
965 4328 1002 4394 in
1019 4341 1125 4400 terra.
1174 4332 1285 4419 telligi
1308 4333 1346 4398 in
1373 4354 1413 4400 ro
1439 4342 1602 4399 naturam
1628 4355 1718 4414 esse,
1760 4357 1850 4426 quae
1872 4337 1988 4411 suerit
2010 4353 2092 4408 ante
2110 4356 2150 4404 as-

141 4419 422 4496 Ethicdicitur:
458 4427 501 4495 In
525 4451 605 4496 eum
626 4428 746 4496 omnia
770 4443 853 4497 stant
869 4431 1030 4514 condita,
1056 4426 1125 4499 hoc
1174 4434 1385 4503 sumtionem
1421 4428 1595 4501 humanae
1629 4448 1786 4504 naturae.
1857 4434 1958 4508 Hinc
1985 4439 2151 4532 perspicue

141 4540 211 4603 est,
239 4544 381 4616 propter
397 4553 495 4611 eum,
521 4530 556 4597 id
576 4542 647 4612 est,
676 4544 715 4598 ut
732 4530 769 4597 in
790 4524 857 4598 hoc
880 4530 954 4599 filio
978 4554 1013 4599 εε
1029 4545 1127 4621 pate·
1176 4535 1352 4627 sequitur,
1393 4531 1506 4631 λόγον
1537 4559 1609 4603 non
1633 4559 1706 4604 esse
1726 4558 1854 4605 sonum
1881 4557 2150 4619 evanescentem,

141 4627 246 4697 saciet
266 4625 382 4713 Deus,
409 4644 443 4698 et
464 4632 624 4699 ostendat
645 4630 684 4700 iu
709 4625 776 4699 hac
797 4632 958 4701 miranda
982 4632 1126 4722 copula·
1176 4660 1255 4706 cum
1275 4638 1318 4704 de
1334 4629 1476 4706 Christo
1495 4637 1642 4721 dicitnr,
1670 4635 1778 4725 Quod
1791 4638 1840 4708 sit
1853 4653 1940 4712 ante
1956 4645 2092 4716 omnia.

145 4730 242 4799 tione
265 4728 408 4797 divinae
433 4743 468 4799 et
490 4726 665 4802 humanae
687 4748 831 4803 naturae
853 4757 955 4804 suum
972 4758 1126 4804 amorem
1278 4736 1369 4806 Nota
1385 4751 1436 4806 est
1452 4750 1567 4806 autem
1585 4733 1670 4808 haec
1686 4735 1842 4830 phrasis,
1860 4766 1929 4833 per
1952 4744 2070 4818 filium
2092 4769 2152 4816 om·

131 4852 224 4922 xerga
241 4852 351 4918 genus
370 4826 574 4907 humanum.
1178 4839 1244 4908 nia'
1261 4839 1402 4908 condita
1428 4861 1513 4912 esse.
1569 4838 1647 4910 Etsi
1672 4842 1767 4909 enim
1793 4866 1922 4914 omnes
1949 4849 2105 4918 actiones
2115 4847 2151 4916 sd

247 4925 390 5002 Etcum
411 4956 473 5022 per
489 4929 583 5003 hunc
599 4936 712 5004 filium
727 4936 928 5007 immediate
946 4939 1131 5029 colligatur
1179 4953 1273 5011 extra
1293 4954 1375 5010 sunt
1395 4963 1600 5010 communes
1619 4943 1734 5011 tribus
1759 4945 1944 5037 personis,
1971 4962 2091 5019 tameo
2104 4969 2151 5020 εει

148 5029 322 5117 Ecclesia,
343 5049 492 5124 potestas
517 5034 590 5102 eius
611 5053 661 5108 est
682 5038 786 5106 etiam
809 5041 1009 5111 immediata
1026 5064 1131 5131 supra
1180 5043 1348 5136 citiusque
1363 5065 1531 5134 personae
1546 5057 1596 5114 est
1612 5046 1818 5138 proprietas,
1845 5060 1880 5119 et
1896 5049 2038 5122 dictum
2047 5052 2152 5142 Augu·

81 5184 85 5200 ,
150 5157 273 5203 omnes
290 5152 474 5209 creaturas.
520 5132 633 5203 Filius
648 5152 791 5227 propter
806 5141 1048 5211 collectionem
1062 5138 1131 5212 Ec·
1180 5145 1264 5217 stini
1283 5147 1496 5215 concinnum
1516 5159 1577 5214 εει.

151 5234 274 5304 clesiae
290 5236 491 5309 immediate
514 5251 629 5307 servat
650 5240 787 5306 coelum
802 5253 834 5309 et
851 5257 998 5326 terram,
1023 5267 1132 5333 genus
1281 5247 1366 5337 Agit
1380 5248 1474 5315 filius
1489 5271 1552 5335 per
1566 5268 1618 5330 se,
1644 5269 1719 5316 non
1734 5271 1754 5318 a
1769 5269 1825 5332 se,
1851 5263 1955 5342 pater
1976 5254 2054 5325 vult
2072 5274 2150 5324 crer-

152 5328 365 5422 humanum,
397 5339 632 5409 ministerium
656 5335 864 5429 Evangelii,
886 5344 1045 5416 defendit
1061 5342 1132 5416 Ec-
1152 5399 1159 5425 ,
1181 5347 1314 5419 tionem
1330 5362 1363 5419 et
1379 5361 1491 5420 totum
1507 5350 1669 5418 ordinem
1689 5373 1821 5439 rerum,
1840 5366 1874 5425 ει
1890 5356 2058 5448 exprimit
2074 5351 2148 5427 haut
