4522 5782
109 194 196 291 sss
447 254 508 281 ,.
704 181 830 258 earu
855 179 974 265 nur.
997 183 1212 263 scatere
1236 180 1538 261 uxucurtcs.
1610 228 1629 249 .-
1803 212 1816 221 -·
1888 180 1970 241 xta
2068 180 2139 261 ιιι

118 393 219 449 mus,
242 377 283 436 ut
304 361 374 431 iam
391 357 466 431 Deo
484 353 703 429 obediamus.
753 353 849 428 Sunt
870 370 988 431 autem
1011 358 1104 431 duae
1157 362 1270 451 legem
1284 369 1388 429 erant
1408 356 1565 429 efficaces
1589 356 1627 426 in
1650 354 1823 429 membris
1841 352 1998 442 nostris,
2021 350 2138 437 idest,

3 476 6 481 ’
82 535 97 549 ,.
120 485 236 569 partes
259 461 470 536 collationis.
514 456 619 527 Prior
649 459 750 530 docet
773 457 888 552 qualis
909 472 1037 531 natura
1059 460 1106 533 sit
1155 460 1331 536 dubitatio
1354 472 1389 531 et
1411 457 1611 548 indignatio
1644 461 1812 531 adversus
1828 456 1946 533 Deum
1979 471 2139 533 avertunt

122 573 278 647 subiecta
296 564 378 655 legi.
429 560 611 633 Posterior
628 582 708 651 pars
726 560 930 631 collationis
946 561 1107 656 loquitur
1157 562 1367 652 coraDeo,
1394 557 1587 653 prohibent
1603 560 1866 633 invocationem
1883 576 1951 634 etc.

123 679 168 748 de
184 693 287 744 causa
308 665 427 751 finali,
452 662 584 733 scilicet
607 662 649 731 de
666 685 758 735 nova
776 665 987 736 obedientia.
1259 664 1420 735 Primum
1437 664 1533 732 euim
1550 664 1611 733 illa
1629 665 1754 754 ingens
1770 664 1970 745 dubitatio,
1999 681 2090 756 quae
2105 660 2139 731 iu
2159 670 2180 709 ¹³

226 772 332 845 Prior
354 790 436 861 pars
458 760 545 835 haec
564 777 628 846 est,
653 762 726 834 Lex
744 764 898 856 pertinet
914 767 959 837 ad
983 764 1108 836 viven·
1160 767 1321 842 omnium
1344 761 1685 837 homiuumsnimis
1706 761 1846 853 haeret,
1878 778 1973 837 certe
1996 776 2049 835 est
2069 760 2140 832 effi·
2178 770 2180 777 '

128 895 198 951 tem
230 872 408 945 carnalem
441 881 616 939 naturam.
677 864 750 935 Vos
783 883 899 938 autem
927 869 998 940 iam
1025 866 1109 936 estis
1161 895 1224 943 car
1239 870 1279 937 iu
1293 868 1481 949 membris,
1507 868 1591 961 quia
1608 881 1754 961 propter
1771 869 1871 938 illam
1885 864 2140 939 dubitationem

128 975 351 1055 mortificati,
374 971 506 1042 scilicet
522 968 551 1039 si
571 990 651 1036 vere
674 968 758 1037 estis
780 969 818 1038 in
833 965 991 1045 Christo.
1042 966 1112 1039 Er·
1163 987 1273 1044 ruunt
1288 966 1451 1040 homiues
1471 983 1594 1041 contra
1621 970 1840 1043 voluntatem
1855 966 1944 1054 Dei,
1969 981 2029 1053 ut,
2063 966 2137 1059 quia

131 1105 174 1171 go
193 1080 336 1149 lernou
359 1085 516 1156 accusat,
541 1093 614 1139 non
639 1072 850 1143 condemnat
865 1096 942 1144 vos.
993 1069 1112 1141 Maiu-
1163 1097 1237 1145 non
1259 1071 1443 1143 confidunt
1457 1068 1552 1157 Deo,
1579 1072 1692 1143 multa
1718 1072 1854 1143 faciunt
1877 1083 1976 1142 metu
1998 1082 2035 1140 et
2053 1067 2138 1138 diffi-

133 1206 208 1253 rem
236 1179 362 1271 probat
389 1173 642 1255 similitudine,
672 1170 772 1242 Sicut
800 1174 929 1244 mulier
957 1174 1114 1244 subiecta
1165 1174 1285 1248 dentis
1300 1187 1423 1245 contra
1438 1173 1657 1244 voluntatem
1673 1171 1760 1259 Dei,
1787 1175 1824 1243 in
1840 1171 2057 1268 quaerendis
2070 1170 2138 1262 opi·

135 1297 187 1357 cst
200 1281 328 1352 marito
343 1277 529 1367 tantisper,
555 1276 669 1345 donec
683 1274 969 1363 vivitmaritus,
995 1276 1043 1346 ita
1058 1275 1115 1344 lex
1166 1281 1253 1364 bus,
1278 1275 1420 1347 auxiliis
1435 1288 1501 1346 etc.
1550 1273 1655 1347 Hane
1676 1274 2072 1348 eutemdubitationem
2087 1294 2138 1342 seu

79 1387 83 1402 “
135 1376 605 1459 dominabiturviveutibus.
979 1400 984 1411 '
1167 1378 1401 1452 diffidentiam
1424 1389 1528 1466 auget
1551 1378 1626 1459 lex,
1661 1401 1752 1472 quae
1776 1379 1859 1472 quia
1881 1398 2023 1477 semper
2048 1397 2140 1444 accu-

50 1484 55 1495 ‘
239 1481 418 1556 Posterior
431 1479 571 1550 collatio
588 1477 668 1551 talis
682 1491 747 1568 est,
767 1477 866 1552 Sicut
884 1494 1026 1552 mortuo
1040 1500 1117 1549 rna·
1167 1494 1240 1568 sat,
1271 1480 1355 1552 facit
1382 1494 1421 1551 ut
1450 1480 1559 1551 corda
1586 1479 1659 1551 sint
1683 1474 1806 1552 arersa
1835 1503 1856 1550 a
1876 1475 1975 1561 Deo,
2012 1476 2140 1568 fugiant

138 1589 207 1660 rito
224 1585 354 1656 mulier
377 1596 486 1675 nupta
505 1581 625 1663 alteri,
651 1581 756 1651 debet
779 1584 809 1651 ei
828 1578 1042 1666 adhaerere,
1069 1581 1118 1651 ita
1169 1583 1284 1657 Deum
1292 1634 1305 1668 ,
1331 1605 1407 1651 nou
1433 1581 1618 1669 insonent,
1651 1605 1726 1653 non
1756 1581 1954 1668 confidant,
1987 1602 2064 1651 nou
2091 1600 2141 1648 es·

138 1713 206 1762 nos
231 1686 371 1759 liberati
395 1710 415 1754 a
440 1685 558 1775 priore
579 1683 767 1768 servitute,
797 1685 881 1755 facti
903 1685 973 1754 iam
998 1705 1120 1754 sumus
1169 1681 1432 1780 pectentaDeo
1447 1682 1633 1758 auxilium.
1683 1681 1802 1756 Multo
1824 1682 1935 1774 magis
1951 1676 2038 1753 haec
2050 1680 2142 1763 liunt,

143 1789 364 1872 liberatoris,
396 1783 491 1874 Ergo
515 1784 548 1853 ei
569 1778 761 1854 adhaerere
786 1801 821 1857 et
847 1788 991 1858 obedire
1013 1786 1121 1856 debe-
1171 1802 1204 1861 et
1221 1787 1332 1877 magis
1351 1784 1618 1877 conspiciuntur
1632 1785 1671 1855 in
1686 1785 1771 1877 ipsis
1781 1785 1979 1857 terroribus
1997 1796 2031 1855 et
2043 1802 2143 1872 agone

142 1916 234 1967 mus.
285 1888 381 1961 llaec
403 1901 454 1959 est
475 1886 624 1978 simplex
644 1900 680 1956 et
697 1910 771 1958 non
794 1890 960 1981 perplexa
982 1911 1123 1959 accom·
1172 1887 1423 1961 conscientiae:
1449 1901 1490 1958 ιιι
1518 1886 1557 1956 in
1582 1884 1669 1958 Saul
1689 1901 1840 1959 terrores
1864 1884 2007 1957 excitati
2021 1905 2081 1977 per
2097 1883 2142 1951 le·

143 1992 315 2085 modatio.
1159 2005 1250 2082 'gem
1258 2042 1271 2078 ,
1306 1990 1463 2082 prolecto
1492 2001 1592 2060 erant
1623 1989 1778 2061 efficaces
1808 1989 1847 2058 in
1876 1988 1955 2059 eius
1977 1984 2148 2068 membris,

246 2093 351 2166 Prior
366 2101 483 2161 autem
498 2112 578 2181 pars
594 2089 774 2180 significat,
787 2092 1034 2164 liberationem
1049 2113 1126 2162 nou
1175 2094 1359 2185 pariebant
1391 2089 1673 2181 indignationem
1710 2104 1744 2163 et
1773 2091 1954 2162 fremitum
1988 2086 2149 2158 advenas

146 2192 380 2294 essejtantum
403 2192 714 2282 imaginationem,
735 2197 796 2266 sed
817 2196 895 2265 fieri
916 2194 1124 2266 mortificata
1174 2193 1310 2280 Deum,
1339 2192 1622 2286 desperationem
1654 2207 1689 2266 et
1712 2207 1882 2280 mortem,
1916 2184 2150 2286 prohibebant

147 2298 258 2372 veteri
285 2310 430 2374 natura,
456 2317 546 2387 quae
569 2295 668 2385 prius
689 2309 763 2367 erat
787 2299 853 2366 sub
876 2298 963 2387 lege.
1020 2295 1126 2367 Nunc
1175 2296 1448 2370 invocationem.

148 2403 257 2492 igitur
273 2424 352 2469 cum
370 2397 439 2465 alia
459 2395 505 2466 sit
528 2409 674 2481 natura,
700 2421 773 2468 uon
795 2400 946 2488 pertinet
969 2401 1015 2470 ad
1037 2392 1127 2467 hanc
1277 2395 1342 2470 Est
1357 2411 1475 2468 autem
1491 2391 1550 2466 hic
1570 2395 1670 2467 locus
1684 2395 1881 2488 'diligenter
1900 2394 2151 2475 observandus,

149 2505 205 2574 ius
221 2499 326 2591 legis,
351 2499 441 2567 sicut
463 2498 506 2567 ad
537 2514 708 2583 veterem,
733 2503 793 2569 sed
819 2515 992 2594 quatenus
1013 2498 1129 2570 credi·
1176 2515 1217 2576 ιιι
1246 2501 1423 2571 discamus
1446 2499 1546 2568 illam
1575 2498 1835 2572 dubitationem
1867 2520 1942 2568 esse
1969 2509 2154 2590 peccatum,

150 2627 248 2689 mus,
281 2603 336 2670 lex
360 2622 432 2669 non
453 2614 592 2671 accusat
615 2623 680 2670 nec
701 2602 844 2674 damnat
870 2626 946 2672 nos.
1004 2600 1128 2673 Altera
1178 2619 1218 2676 ut
1239 2622 1476 2694 repugnemus
1509 2614 1545 2672 et
1575 2600 1750 2689 erigamus
1778 2625 1844 2672 nos
1872 2588 2089 2690 Evangelio,
2123 2606 2153 2665 et

150 2730 232 2800 pars
247 2703 505 2782 illustriorem,
531 2702 664 2774 scilicet
685 2727 774 2796 quae
795 2703 954 2797 loquitur
967 2707 1013 2775 de
1026 2724 1129 2775 causa
1179 2706 1330 2778 sciamus
1351 2725 1425 2773 esse
1452 2703 1587 2773 cultum
1612 2700 1680 2773 Dei
1706 2703 1745 2772 in
1773 2703 1846 2772 illis
1875 2700 2077 2773 terroribds
2103 2719 2152 2767 re·

151 2806 269 2893 finali,
295 2803 394 2875 Facti
412 2801 1133 2898 sumusliberatoris,Ergoeiadhaerea-
1180 2829 1337 2902 pugnare
1352 2805 1566 2875 dubitationi
1587 2817 1621 2874 et
1639 2804 1868 2879 diffidentiae.
1919 2802 1991 2876 Sed
2008 2799 2153 2871 maxims

152 2934 231 2981 mus
249 2923 283 2980 et
298 2906 518 2978 obediamus.
672 2900 683 2969 Ϊ
1180 2932 1263 3004 pars
1286 2905 1473 2977 hominum
1495 2906 1584 2979 vivit
1603 2907 1642 2975 iu
1667 2907 1728 2976 illa
1746 2918 1914 2997 perpetua
1939 2902 2154 2977 dubitatione

203 3072 354 3153 Mortui
376 3072 462 3146 estis
477 3070 572 3169 legi,
593 3096 660 3173 per
684 3100 813 3175 corpus
829 3067 993 3167 Christi,
1019 3087 1083 3157 etc.
1183 3011 1553 3205 {txfflaleffic’quzffi
1573 3021 1716 3180 znffit
1733 3008 2155 3200 Βῆξὲθῖξξέᾞέςὲἓ

256 3212 468 3296 Conclusio,
502 3211 542 3281 in
562 3236 631 3306 qua
657 3211 789 3286 Paulus
811 3220 1053 3290 accommodat
1074 3241 1133 3288 su·
1183 3208 1615 3288 nuuccrnunthomines.
1665 3211 1735 3284 Sed
1752 3208 1948 3284 Christiani
1972 3234 2012 3280 ea
2028 3203 2171 3291 intelli,

155 3319 331 3414 perierem
362 3314 632 3385 similitudinem
662 3314 700 3383 in
729 3311 821 3386 hanc
852 3319 963 3408 ipsam
993 3332 1135 3392 senten·
1183 3342 1266 3410 gere
1294 3318 1442 3398 debent,
1473 3328 1513 3385 ut
1544 3315 1681 3384 discant
1711 3337 1905 3405 repugnare
1935 3309 2155 3389 diffidentiae,

156 3423 264 3505 tiam,
295 3416 387 3488 sicut
420 3417 711 3491 accommodavit.
775 3416 913 3491 Mortui
943 3421 1028 3492 estis
1055 3420 1136 3512 legi,
1185 3435 1219 3493 et
1234 3418 1466 3491 consolarise
1491 3440 1575 3486 voce
1590 3411 1795 3508 Evangelii,
1822 3430 1862 3488 nt
1886 3414 2092 3509 concipiant
2104 3430 2155 3480 vs·

157 3539 367 3616 percorpus
387 3513 540 3599 Christi,
575 3519 704 3604 idest,
737 3519 879 3591 liberati
900 3523 982 3594 estis
1005 3547 1024 3593 a
1048 3525 1137 3615 lege,
1184 3547 1259 3594 ram
1273 3522 1390 3590 tidem.

159 3627 196 3696 id
220 3635 289 3701 est.
316 3644 360 3691 ne
382 3620 546 3701 damnet,
572 3643 617 3689 ne
642 3636 780 3693 accuset
802 3647 865 3693 vos
884 3625 959 3709 lex,
984 3623 1031 3697 Et
1054 3626 1137 3719 qui·
1286 3621 1419 3692 Paulus
1452 3641 1537 3690 usus
1574 3631 1626 3689 est
1662 3619 1856 3691 admodum
1886 3616 2156 3710 significantibus

160 3729 240 3797 dem
258 3722 399 3794 liberati
425 3722 507 3792 estis
521 3745 584 3812 per
600 3744 727 3814 corpus
742 3720 899 3810 Christi,
925 3726 961 3795 id
979 3740 1048 3809 est,
1073 3750 1137 3821 per
1185 3725 1318 3809 verbis,
1344 3747 1423 3794 cum
1441 3720 1602 3792 nominat
1616 3720 1777 3807 affectus,
1804 3735 1837 3792 et
1854 3721 1984 3792 diserte
2000 3720 2089 3791 dicit
2105 3734 2157 3787 eut

58 3910 61 3915 ¹
159 3827 340 3899 victimam
356 3819 557 3911 Christum,
581 3825 643 3918 qui
667 3850 729 3917 pro
746 3828 850 3897 nubis
872 3827 1037 3900 satisfecit
1056 3830 1137 3920 legi,
1187 3852 1249 3922 per
1278 3826 1390 3912 legem
1421 3823 1585 3907 excitari,
1623 3838 1659 3894 et
1687 3824 1806 3919 addit,
1843 3824 1999 3894 efficaces
2027 3844 2101 3893 esse
2126 3817 2161 3887 itt

160 3945 194 4005 ει
215 3926 358 4001 sustulit
378 3928 709 3998 condemnationem
733 3941 767 3999 et
780 3944 957 4001 aeternam
975 3948 1138 4007 mortem.
1186 3927 1366 4000 membris.
1422 3922 1500 3994 Hae
1526 3939 1610 3998 sunt
1639 3925 1831 3996 admodum
1857 3926 2015 3996 illustres
2038 3920 2160 3995 ducti·

160 4032 344 4103 Praeterea
363 4043 507 4120 propter
520 4042 669 4101 mortem
685 4025 820 4101 Christi
837 4032 1055 4105 instauratur
1072 4056 1138 4103 na·
1187 4031 1337 4124 ptiones.
1379 4023 1480 4097 Sicut
1495 4024 1532 4096 iu
1551 4025 1658 4098 Saule
1674 4027 1852 4112 videmus,
1879 4026 2050 4122 quamsit
2065 4019 2160 4094 vehe-

161 4149 260 4215 tnra,
294 4131 385 4202 sicut
411 4153 518 4221 supra
555 4130 644 4201 dixi:
687 4128 893 4224 Consepulti
925 4157 1046 4205 sumus
1076 4159 1140 4229 per
1187 4155 1288 4202 mens
1310 4129 1528 4217 indignatio,
1552 4153 1658 4221 quam
1674 4129 1922 4201 sintardentes
1938 4144 2080 4214 motus,
2118 4124 2170 4196 sit·

159 4234 375 4326 baptismum
389 4231 428 4301 in
443 4245 611 4318 mortem,
636 4245 701 4305 etc.
1189 4237 1228 4304 in
1250 4232 1398 4323 singulis
1426 4227 1632 4301 hominibus
1659 4231 1835 4302 dubitatio
1867 4230 1998 4303 avertit
2020 4231 2162 4301 cordae

1189 4336 1285 4420 Deo,
1310 4348 1345 4407 et
1368 4345 1463 4404 tenet
1484 4333 1633 4425 captiva.
1687 4330 1785 4403 Haec
1807 4357 1879 4403 non
1903 4334 2077 4404 dicuutur
2096 4331 2166 4402 vul·

1189 4439 1263 4529 gari
1290 4435 1423 4507 iudicio
1447 4459 1465 4504 a
1488 4433 1621 4516 Paulo,
1646 4438 1705 4504 sed
1724 4434 1969 4526 spiritualibus
1981 4434 2099 4506 oculis
2116 4436 2167 4502 iu·

261 4530 397 4607 Acrem
415 4535 636 4607 conclusioni
651 4535 864 4625 antithesin,
891 4554 930 4611 ut
947 4540 1063 4612 obiter
1078 4541 1143 4611 de-
1189 4554 1310 4612 tnetur
1323 4537 1458 4607 Paulus
1473 4537 1710 4626 captivitatem
1733 4537 1894 4607 cordium
1917 4532 2166 4619 humanorum,

162 4635 307 4708 scribat:
335 4635 460 4725 Qualis
475 4637 584 4708 suerit
605 4639 704 4729 prior
725 4642 875 4712 servitus
891 4644 957 4713 sub
986 4644 1079 4732 lege,
1106 4655 1142 4716 et
1190 4654 1225 4715 et
1255 4662 1420 4711 arcanam
1445 4637 1679 4709 diffidentiam
1707 4651 1742 4710 et
1772 4639 2055 4726 dubitationem,
2087 4658 2168 4734 quae

163 4752 323 4825 econtra,
348 4740 464 4832 qualis
483 4763 539 4811 res
562 4739 609 4811 sit
630 4740 692 4813 illa
716 4743 874 4826 novitas,
901 4768 993 4837 quae
1014 4744 1142 4831 existit,
1190 4756 1310 4836 postea
1324 4741 1464 4810 infinita
1481 4754 1618 4829 peccata
1637 4741 1739 4830 parit.

163 4865 242 4911 cum
265 4864 387 4913 sumus
408 4841 550 4913 liberati
571 4865 591 4912 a
614 4843 700 4932 lege.
759 4843 876 4932 Talis,
902 4848 1034 4940 inquit,
1067 4859 1142 4917 erat
1291 4839 1427 4914 Eodem
1448 4841 1600 4933 pertinet
1622 4845 1717 4933 quod
1736 4856 1853 4932 postea
1875 4841 2011 4936 inquit:
2040 4840 2171 4915 Mortui

163 4944 332 5028 servitus,
371 4956 411 5014 ιιι
443 4944 498 5013 lex
520 4943 625 5027 etiam
644 4958 995 5039 augeretpeccatum.
1047 4945 1141 5036 Quia
1189 4946 1278 5036 legi,
1303 4968 1372 5038 qua
1399 4943 1527 5034 captivi
1549 4944 1768 5018 tenebamur.
1801 4943 1984 5033 Significat
2004 4946 2104 5015 enim
2130 4934 2173 5013 itss

161 5068 241 5115 cum
264 5059 403 5115 accusat
424 5058 457 5115 ει
479 5047 738 5135 perterrefacit,
772 5049 974 5120 incenditur
998 5050 1140 5121 dubita·
1190 5048 1261 5117 lam
1292 5046 1551 5137 captivitatem,
1592 5069 1662 5138 qua
1689 5046 1793 5116 corda
1824 5041 1982 5117 humana
2010 5066 2174 5140 oppressa

159 5144 210 5215 tio
219 5196 230 5230 ,
257 5159 291 5215 et
306 5145 467 5240 sequitur
489 5146 686 5236 indignatio
707 5149 874 5219 adversus
888 5147 1002 5221 Deum
1028 5166 1062 5224 et
1078 5154 1141 5220 de·
1190 5149 1430 5231 dubitatione,
1465 5147 1681 5237 diffidentia,
1720 5147 1932 5238 pavoribus,
1966 5163 2175 5222 avertuntur

160 5247 324 5337 speratio.
375 5243 428 5318 De
445 5241 651 5318 huiusmodi
672 5251 822 5340 peccatis
842 5254 986 5344 proprie
1007 5250 1065 5324 hic
1086 5253 1140 5323 lo·
1188 5250 1331 5332 alteo,
1367 5249 1509 5339 fugiunt
1535 5245 1669 5328 Deum,
1703 5272 1769 5319 nec
1798 5262 1947 5340 possunt
1971 5275 2055 5323 vere
2075 5252 2177 5323 invo-

160 5347 302 5440 quitur,
322 5370 403 5421 cum
419 5349 485 5422 ait:
511 5344 670 5435 Affectus
683 5366 907 5445 peccatorum
922 5355 1062 5430 excitati
1076 5378 1155 5451 per.
1189 5377 1290 5443 care,
1314 5376 1380 5424 nec
1394 5362 1555 5425 statuunt
1571 5351 1642 5424 sibi
1659 5350 1808 5444 ignosci.
1857 5350 1928 5425 Sed
1953 5355 2101 5450 quando
2115 5378 2177 5427 su·

314 4389 409 4470 Cum
426 4398 522 4470 enim
545 4422 702 4501 essemus
721 4401 761 4475 in
780 4427 907 4493 carne,
932 4413 993 4477 etc.
1081 4418 1085 4425 '
