4522 5782
74 224 191 313 ‚su
489 250 512 285 .·
657 238 677 277 .·
703 151 1218 327 modorosenam
1243 214 1546 297 macarios

116 430 190 480 non
209 406 340 478 debent
354 428 374 475 a
389 400 495 474 nobis
508 400 690 472 extenuari
707 400 821 470 nostri
834 401 966 491 lapsus.
1008 388 1103 486 Quia
1127 385 1132 395 ’
1155 393 1252 490 quod
1269 394 1314 467 sit
1327 416 1409 466 vere
1422 408 1457 466 et
1473 405 1601 466 natura
1616 388 1726 479 Dens,
1745 392 1953 486 intelligunt
1969 397 2040 492 ipsi
2055 396 2061 467 Ι

118 534 242 581 omnes
260 506 482 578 horribiliter
497 504 688 575 offendunt
704 504 838 584 Deum,
871 514 906 572 et
921 501 1105 583 conscien-
1155 500 1285 583 tilices,
1316 499 1380 592 qui
1405 492 1497 566 hanc
1519 520 1641 567 rocem
1665 510 1835 591 unquam
1852 500 2034 570 'summam
2057 502 2061 569 l

118 615 167 683 tia
182 614 220 680 in
237 637 321 680 vero
336 632 558 700 agone‚cum
576 608 683 677 sentit
699 605 786 674 iram
805 600 894 686 Dei,
919 603 1024 691 longe
1038 602 1108 671 ali·
1157 597 1337 694 phemiam
1362 618 1590 679 execrantur,
1624 622 1665 668 ae
1692 601 1906 694 nequidem
1929 606 2061 674 audien

98 712 173 784 'ter
189 715 347 804 disputat
369 716 413 781 de
429 711 501 779 suis
521 709 688 801 peccatis,
720 729 827 799 quam
850 705 985 776 otiosae
1006 726 1116 784 men·,
1157 703 1311 795 amplius
1325 702 1503 786 iudicant,
1527 703 1589 771 sed
1613 716 1652 772 ut
1665 703 1838 793 adversus
1853 705 2061 777 manifestel

120 833 184 888 tes.
237 814 421 904 Quantum
436 814 504 882 foit
521 811 621 880 Adae
638 825 672 880 et
688 806 785 878 Evae
809 820 1009 898 peccatum,
1035 830 1108 899 quo
1158 800 1328 895 phemum
1359 805 1437 873 sine
1465 805 1692 875 dubitatione
1728 806 1969 895 pronunciant
2007 830 2061 877 set

121 919 367 1005 intelligebant
392 928 505 986 totum
529 908 725 981 humanum
748 930 858 997 genus
884 910 1048 979 incidisse
1070 908 1109 975 in
1159 908 1262 979 tiam:
1288 904 1386 977 Reus
1402 921 1453 976 est
1470 907 1607 976 mortis.
1656 902 1727 974 Hic
1751 908 1923 998 cogitetur
1939 932 2047 1003 quam

121 1035 300 1090 aeternam
318 1020 405 1087 iram
422 1014 501 1100 Dei,
521 1026 672 1083 nectum
691 1013 858 1080 videbant
876 1010 977 1081 illum
993 1035 1110 1080 exem·
1159 1011 1291 1079 rendae
1307 1010 1474 1078 tenebrae
1493 1008 1629 1078 scierint
1642 1008 1680 1076 in
1699 1009 1763 1078 illo
1780 1024 1901 1094 coetu,
1924 1014 1986 1104 qui
2004 1036 2061 1081 vot

122 1123 223 1213 plum
237 1119 455 1191 remissionis
473 1129 695 1208 peccatorum
704 1165 717 1199 ,
745 1136 810 1182 nec
832 1125 996 1202 poterant
1011 1113 1110 1183 aliud
1161 1107 1405 1203 populusDci.
1457 1110 1632 1182 Doctores
1646 1123 1682 1181 et
1699 1114 1954 1201 gubernatores
1971 1136 2061 1204 praet

124 1237 294 1308 statuere,
319 1223 386 1290 nisi
402 1243 438 1289 se
455 1239 599 1310 prorsus
617 1240 690 1285 esse
707 1215 861 1285 abiectos
878 1239 897 1285 a
913 1214 1008 1297 Deo,
1022 1215 1112 1283 siccat
1161 1229 1234 1284 tam
1255 1226 1341 1282 sunt
1368 1212 1481 1301 ignari
1507 1213 1782 1302 promissionum
1807 1228 1842 1284 et
1864 1217 2061 1287 testimoni(

123 1327 303 1409 diabolos,
329 1326 441 1392 donec
455 1342 577 1391 rursus
601 1318 707 1388 erecti
733 1330 834 1400 sunt,
859 1318 941 1389 data
959 1319 1112 1409 promis-
1161 1309 1451 1408 propheticorum
1465 1316 1510 1383 de
1525 1311 1680 1398 Christo,
1692 1330 1733 1387 ut
1747 1317 1905 1386 iudicent
1921 1341 2061 1388 ereerar

125 1429 226 1497 sione
242 1424 460 1495 remissionis
481 1435 627 1515 propter
643 1421 758 1490 filium
772 1417 850 1492 Dei.
1163 1412 1419 1507 blasphemiam
1444 1417 1515 1485 dici
1538 1419 1583 1486 de
1598 1413 1748 1502 Messia,
1773 1421 1869 1511 quod
1893 1421 1937 1489 sit
1961 1421 2058 1490 filins

226 1527 429 1599 Retinenda
452 1538 504 1595 est
515 1523 637 1613 ,igitur
658 1521 850 1603 sententia,
890 1544 996 1614 quam
1021 1519 1112 1588 diri:
1163 1520 1254 1589 sicut
1279 1530 1313 1588 el
1335 1517 1422 1586 alibi
1440 1532 1585 1610 propter
1599 1514 1693 1588 hanc
1715 1521 1828 1611 ipsam
1853 1546 1975 1590 vocem
1993 1524 2061 1591 iud:

124 1629 352 1701 lmmutabile
366 1629 571 1697 mandatum
587 1623 653 1692 Dei
671 1647 762 1707 esse,
787 1623 1018 1715 quantumvis
1037 1646 1112 1691 rna·
1164 1645 1244 1691 eum
1263 1620 1495 1709 lapidandum
1512 1643 1597 1695 esse.
1649 1619 1775 1692 Minus
1787 1623 1991 1693 mirandum
2007 1636 2060 1694 est

124 1755 193 1822 goa
210 1745 292 1802 suot
309 1745 464 1821 peccata,
491 1742 530 1796 ut
555 1741 697 1814 agentes
716 1727 972 1817 poenitentiam
989 1726 1114 1794 redea-
1164 1746 1275 1815 aeque
1291 1717 1510 1793 horrendum
1529 1718 1586 1792 bis
1606 1725 1794 1815 postremis
1811 1726 2061 1816 temporibust

126 1835 278 1905 mosao
302 1831 439 1915 Deum,
478 1829 607 1899 fiducia
639 1828 938 1898 reconciliationis
969 1839 1115 1918 propter
1163 1824 2061 1922 tenebrisoppressamfuisseEcclesiam,tanquam1

125 1933 329 2013 Christum,
355 1956 419 2001 occ
437 1944 583 2022 propter
598 1930 879 2019 magnitudinem
899 1930 1011 1999 nostri
1037 1929 1115 2017 lap-
1164 1927 1339 1997 dictiones
1362 1928 1474 2016 pictae
1497 1942 1580 1996 sunt
1604 1929 1642 1996 in
1667 1923 1733 1997 hac
1753 1929 1829 2018 ipsa
1855 1926 2021 2017 historia,

126 2062 185 2108 stis
202 2041 443 2125 desperemus,
479 2034 538 2103 sed
563 2045 759 2102 statuamus
783 2031 888 2121 longe
913 2030 1115 2101 anteferen·
1164 2029 1321 2098 ostendit
1343 2051 1481 2119 semper
1505 2031 1693 2123 praecipue
1711 2030 1750 2098 in
1767 2027 1925 2103 Ecclesia
1941 2029 2061 2104 esseh

127 2144 209 2207 dam
239 2161 312 2207 esse
334 2136 526 2228 potentiam
550 2134 615 2202 filii
636 2133 704 2202 Dei
730 2135 897 2203 omnibus
925 2128 1113 2202 hominum
1165 2126 1300 2201 Christi
1318 2128 1529 2214 Pontifices,
1563 2133 1626 2224 qui
1649 2150 1808 2225 pugnant
1825 2137 1869 2205 de
1883 2159 1945 2205 sua
1965 2150 2061 2206 autor

129 2241 287 2329 peccatis.
338 2237 411 2308 Nec
430 2239 474 2306 ad
493 2236 653 2328 reliquos,
668 2235 786 2324 lapsus
813 2237 985 2305 addamus
1009 2234 1114 2304 etiarn
1165 2247 1198 2304 et
1215 2232 1390 2322 potentia,
1415 2256 1579 2323 oppressa
1600 2236 1679 2304 luce
1702 2257 1806 2307 verae
1828 2238 2013 2308 doctrinae
2035 2235 2061 2310 Ε

28 2352 31 2357 ’
127 2337 401 2433 blasphemiam,
433 2362 523 2433 qliae
548 2350 688 2408 accusat
710 2334 825 2406 Deum
849 2336 1048 2424 mendacii,
1081 2347 1116 2405 et
1165 2335 1250 2425 gelii
1268 2337 1313 2402 de
1329 2335 1401 2403 filio
1416 2332 1495 2407 Dei.

127 2456 233 2531 negat
254 2441 388 2511 remitti
413 2453 571 2528 peccata,
605 2439 696 2508 sicut
719 2438 806 2509 Saul
833 2451 868 2508 et
898 2436 1005 2508 Iudas
1033 2438 1115 2506 ideo
1270 2434 1414 2506 lnitium
1432 2436 1528 2508 tertii
1548 2451 1647 2508 actus
1671 2439 1717 2508 ab
1738 2452 1819 2510 ortu
1843 2438 1939 2511 Solis
1961 2464 2061 2510 suma

128 2549 364 2626 damnantur,
391 2543 472 2634 qnia
490 2564 564 2608 non
581 2543 730 2609 credunt
752 2541 820 2609 sibi
838 2553 981 2632 propter
1000 2540 1116 2608 filium
1167 2537 1279 2609 Nocte
1302 2538 1398 2606 enirn
1421 2539 1460 2607 in
1484 2540 1631 2610 aedibus
1652 2539 1804 2611 Hannae
1826 2558 1859 2614 et
1880 2539 2060 2635 Caiphae,

128 2645 197 2717 Dei
221 2656 402 2735 peccatum
425 2642 569 2713 remitti.
620 2637 780 2713 Et'Cain
803 2656 985 2712 accusatur
1009 2636 1116 2710 huius
1167 2663 1242 2711 ram
1270 2639 1504 2712 Pontificibus
1526 2638 1560 2713 e't
1583 2641 1834 2715 Sacerdotibus
1861 2647 2036 2716 corilessio

123 2743 391 2837 blasphemiae,
431 2746 526 2836 quod
549 2766 623 2811 nou
646 2743 793 2813 redierit
814 2747 858 2813 ad
879 2742 1016 2822 Deum,
1055 2745 1116 2811 sed
1169 2743 1297 2812 multas
1313 2744 1548 2812 contumelias
1562 2744 1652 2815 facto
1667 2758 1729 2817 est.
1772 2746 1876 2815 Nunc
1887 2771 1997 2835 ‚mane
2012 2750 2061 2819 du

129 2848 309 2921 addiderit
339 2847 444 2915 etiam
479 2840 720 2935 blasphemam
746 2869 882 2913 vocem:
925 2843 1046 2915 Maius
1066 2857 1117 2914 est
1168 2840 1332 2915 Christus
1356 2846 1401 2912 ad
1429 2845 1669 2934 magistratum
1690 2848 1892 2937 politicum,
1931 2852 1994 2917 ubi
2022 2877 2061 2920 nc

130 2962 312 3043 peccalum
330 2971 461 3035 meum,
479 2971 584 3039 quam
603 2959 644 3016 ut
661 2946 800 3014 veniam
819 2948 956 3040 assequi
974 2948 1117 3039 possim.
1169 2947 1303 3015 crimen
1320 2947 1351 3014 ei
1366 2948 1552 3025 obiicitur,
1574 2948 1867 3041 plausibileapud
1882 2947 2061 3022 ‘ethnicun

207 3049 303 3120 Haec
320 3050 475 3119 breviter
491 3049 573 3118 satis
588 3049 633 3118 sit
650 3048 779 3117 dixisse
796 3051 839 3118 de
857 3043 1039 3137 hocloco,
1056 3048 1118 3140 qui
1169 3050 1414 3138 bernatorem,
1439 3051 1600 3120 videlicet
1618 3047 1713 3120 hunc
1734 3054 1912 3141 captiuum
1929 3056 2040 3124 fuisse
2055 3085 2061 3125 ι

131 3178 174 3223 ex
198 3152 396 3244 praecipuis
423 3172 518 3220 unus
541 3162 592 3219 est
621 3150 659 3218 in
687 3145 835 3220 historia
860 3151 1053 3241 passionis,
1085 3163 1119 3219 et
1169 3174 1244 3218 rem
1266 3150 1500 3234 seditionum,
1526 3165 1560 3221 et
1577 3152 1740 3223 affectare
1754 3177 1914 3242 regnum.
1967 3154 2061 3250 Repe

130 3255 330 3326 doctrinam
349 3252 513 3343 inprimis
526 3252 650 3320 utilem
666 3252 792 3337 tradit,
811 3276 901 3344 quae
914 3275 979 3321 nos
995 3255 1119 3322 admo·
1169 3266 1206 3321 et
1227 3251 1377 3322 alterum
1394 3253 1547 3337 crimen,
1573 3256 1669 3347 quod
1686 3255 1798 3324 filium
1817 3258 1881 3327 llei
1905 3278 1941 3324 se
1957 3260 2061 3329 feceri

131 3370 195 3426 net
209 3357 254 3425 de
269 3368 389 3424 nostra
405 3354 627 3439 infirmitate,
651 3365 686 3423 et
702 3354 981 3424 consolationem
997 3376 1119 3422 neces-
1172 3355 1343 3447 captivus.
1402 3352 1483 3424 Duo
1509 3355 1619 3446 igitur
1643 3356 1793 3426 crimina
1824 3361 1986 3427 omnium
2018 3386 2058 3431 su

133 3457 261 3528 sariam
284 3455 470 3547 proponit,
496 3456 591 3545 quod
605 3448 701 3523 Deus
721 3479 795 3523 non
817 3457 903 3526 velit
924 3458 1119 3547 desperare,
1171 3456 1403 3524 conferuntur
1424 3458 1462 3525 in
1483 3453 1687 3542 Christum,
1717 3456 1934 3551 blasphemia
1958 3478 1992 3533 et
2017 3490 2061 3533 ser

134 3552 363 3652 quantumvis
381 3551 602 3625 horribiliter
616 3556 835 3649 lapsos,quia
852 3556 996 3628 Petrum
1012 3557 1117 3626 etiam
1171 3582 1324 3648 qrrorum
1343 3557 1492 3628 alterum
1517 3561 1666 3649 primam
1684 3563 1837 3632 tabulam
1863 3566 2037 3656 decalogi,

134 3683 216 3731 cum
234 3658 390 3750 periurio
409 3671 443 3727 et
459 3657 678 3727 execratione
699 3660 754 3727 sui
776 3674 982 3746 negantem,
1014 3655 1119 3730 Chri·
1171 3683 1250 3729 rom
1269 3662 1456 3727 secundam
1470 3663 1607 3736 evertit.

135 3775 208 3833 stus
233 3759 443 3850 respiciens,
476 3774 618 3831 revocat
640 3761 684 3828 ad
706 3761 978 3851 poenitentiam,
1004 3774 1037 3831 et
1056 3763 1118 3826 sol·
1272 3758 1476 3831 Recitemus
1498 3779 1613 3833 atatem
1638 3765 1793 3835 breviter
1813 3761 1920 3835 hrains
1938 3782 2061 3862 actusp

134 3878 258 3933 mouet
272 3885 353 3931 eum
371 3860 596 3930 dulcissimae
613 3862 725 3946 vocis,
742 3886 848 3955 qrtam
863 3864 1015 3933 dixerat:
1043 3858 1119 3959 Ego
1171 3863 1291 3953 cipuas
1308 3877 1440 3951 partes:
1457 3888 1538 3934 narn
1556 3891 1679 3937 omnes
1695 3892 1860 3937 enarrare
1876 3894 1981 3940 necno
1998 3874 2061 3941 etia

134 3965 257 4055 rogavi
283 3987 347 4053 pro
371 3976 405 4033 te
426 3961 547 4042 Petre,
574 3987 618 4030 ne
636 3964 772 4034 deliciet
789 3965 875 4033 lides
897 3979 967 4034 tua.
1018 3962 1120 4033 Hanc
1172 3965 1377 4053 longissimo
1395 3990 1502 4058 opere
1517 3970 1658 4057 poterit.
1701 3967 1842 4041 Primus
1863 3971 2059 4044 locoseste

135 4090 257 4136 vocem
273 4065 341 4135 sibi
356 4079 559 4155 proponant
574 4065 650 4156 piae
666 4079 812 4149 mentes,
826 4090 865 4136 ac
879 4065 990 4135 sciant
1007 4065 1119 4134 tilium
1172 4067 1270 4160 plum
1290 4089 1440 4154 poenae,
1466 4071 1697 4160 proditionis,
1720 4097 1800 4142 cum
1818 4071 1921 4142 ludas
1938 4071 2061 4145 horrib

137 4167 204 4239 Dei
230 4191 293 4256 pro
311 4167 459 4254 singulis
477 4180 655 4254 precatum
677 4190 769 4253 esse,
794 4168 856 4260 qui
878 4181 1020 4255 agentes
1036 4191 1121 4256 poe·
1172 4169 1326 4261 seipsum
1344 4172 1507 4256 damnat,
1523 4187 1557 4243 et
1572 4174 1639 4241 sibi
1658 4190 1804 4246 mortem
1823 4179 2027 4257 consciscit,
2045 4207 2061 4248 ιι

137 4269 345 4352 nitentiam,
371 4269 441 4336 fide
454 4268 664 4356 confugiunt
680 4272 723 4336 ad
741 4271 876 4359 ipsum,
904 4271 995 4340 sicut
1014 4292 1121 4360 snpra
1173 4286 1292 4359 gentes
1306 4274 1481 4342 cruciatus
1493 4276 1690 4365 abrumpat.
1743 4277 1938 4359 Secundus,
1960 4304 2057 4348 exem

139 4373 231 4440 clare
254 4371 361 4440 dixit:
401 4367 482 4438 Non
510 4392 574 4459 pro
601 4364 656 4438 his
680 4383 817 4439 tantum
841 4396 948 4461 rogo,
976 4375 1035 4441 sed
1057 4396 1121 4461 pro
1173 4369 1389 4466 hypocrisis,
1415 4378 1510 4467 quod
1527 4378 1647 4447 ludaei
1664 4379 1793 4450 nolunt
1809 4381 1920 4471 pollui
1945 4382 2061 4465 ingres

137 4471 305 4540 omnibus
322 4471 519 4553 credituris,
537 4483 571 4540 et
593 4473 736 4563 quidem
755 4473 793 4540 in
810 4474 887 4563 ipso
900 4497 1063 4543 sermone
1078 4477 1119 4542 ad
1174 4476 1410 4565 praetorium,
1434 4478 1567 4549 interea
1590 4504 1674 4548 vero
1697 4481 1864 4570 polluunt
1888 4506 1923 4551 se
1942 4485 2056 4574 impio

138 4573 282 4642 Petrum
304 4574 449 4642 mandat
472 4572 526 4655 ei,
550 4585 589 4641 ut
612 4598 822 4659 conversus,
847 4576 1028 4647 confirmet
1050 4578 1123 4645 fra·
1174 4577 1255 4645 silio
1281 4578 1516 4648 interficiendi
1539 4580 1699 4650 Messiae.
1752 4582 1915 4668 Tertius,
1943 4590 2061 4677 duple:

139 4688 220 4746 tres.
274 4673 357 4744 Dixi
371 4677 415 4743 de
430 4673 534 4756 locis,
559 4674 672 4765 quiin
690 4669 758 4745 hoc
782 4681 936 4747 secondo
959 4693 1037 4747 actu
1060 4681 1122 4747 de·
1174 4677 1327 4758 cusatio,
1345 4683 1440 4770 quod
1458 4676 1516 4750 hic
1532 4685 1691 4773 captivus
1707 4686 1751 4755 sit
1767 4683 1995 4775 blasphemus
2010 4706 2044 4760 et

19 4780 26 4790 '
139 4777 260 4868 scripti
290 4790 389 4860 sunt,
427 4776 465 4843 in
488 4800 559 4868 quo
583 4776 772 4865 diligenter
794 4781 1049 4849 consideranda
1072 4793 1124 4849 est
1175 4781 1295 4865 tiosos,
1310 4781 1359 4850 sic
1376 4781 1458 4850 inde
1474 4808 1585 4876 usque
1603 4788 1648 4855 ab
1666 4786 1768 4855 initio
1783 4789 2061 4861 certaminumE

138 4880 311 4948 confessio
334 4873 486 4959 Christi,
521 4892 684 4973 quaeest
714 4881 956 4950 testimonium
981 4883 1025 4949 cle
1050 4882 1122 4949 lilio
1174 4884 1256 4965 siae,
1272 4906 1351 4951 com
1364 4883 1522 4972 imperiis
1536 4900 1568 4955 et
1584 4886 1828 4973 Pontificibus,
1839 4887 2050 4979 Prophetae,

138 4978 225 5080 Dei,
259 4982 374 5070 polam
390 4991 422 5047 et
439 4981 569 5049 diserte
591 4980 721 5050 fatetur
742 5005 778 5049 se
794 5006 868 5052 esse
887 4998 922 5053 et
942 4982 1123 5061 Messium,
1174 4983 1275 5065 stoli,
1290 4998 1321 5051 et
1340 4977 1469 5054 horum
1486 4989 1679 5075 ariditores,
1703 4985 1758 5060 his
1775 4992 1915 5061 duobus
1931 4998 2061 5065 atrocis

137 5080 171 5151 et'
186 5083 297 5150 lilium
314 5079 398 5163 Dei,
416 5076 602 5150 habentem
617 5083 777 5150 divinam
795 5099 978 5168 naturam,
994 5096 1029 5154 et
1044 5086 1123 5176 qui·
1174 5085 1385 5154 criminibus
1401 5090 1537 5157 onerati
1554 5106 1658 5175 stant,
1690 5118 1842 5184 qtrorum
1857 5097 2023 5182 cogitatio
2044 5096 2061 5167 h

138 5186 217 5251 dem
235 5185 279 5269 cle
294 5184 571 5262 resttrrectione,
606 5196 639 5251 el
655 5187 698 5252 ‹le
714 5185 835 5254 ‹livina
855 5187 1012 5276 potentia
1029 5188 1123 5254 clare
1175 5209 1236 5254 nes
1253 5189 1453 5258 moderatos
1466 5193 1577 5261 multo
1595 5194 1719 5268 durius
1741 5197 1932 5283 excruciat,
1959 5223 2061 5292 quart

138 5286 383 5354 concionatur:
412 5282 592 5355 Videbitis
616 5284 728 5352 filium
758 5280 913 5355 hominis
942 5290 1120 5357 sedentem
1175 5287 1232 5355 nia
1256 5290 1499 5361 crudelissima
1523 5297 1711 5385 supplicia,
1738 5299 1868 5390 quibus
1894 5322 2045 5390 corpora

136 5386 180 5453 ad
197 5388 353 5455 dextram
367 5387 570 5467 maiestatis,
585 5400 619 5455 et
635 5380 701 5456 boc
715 5387 831 5478 ipsum
847 5385 1123 5470 diciaChristo,
1175 5404 1309 5464 rantur.
1360 5390 1538 5481 Quartus,
1568 5395 1751 5467 Confessio
1780 5396 1917 5485 ,Christi
1939 5405 1985 5474 de
2008 5421 2061 5477 utt
