4522 5782
452 194 535 282 x'tt.
588 204 889 283 unaunarto
917 204 968 279 ΙΝ
992 202 1174 281 Evann.
1202 201 1420 280 lOANNlS.
1476 203 1580 284 CAP.
1617 208 1716 283 XlV.
2023 208 2105 284 att·

10 423 16 437 ·
81 394 184 471 tegam
197 374 807 470 ministrnsllvangclii,Ecclesias,
825 371 1055 467 scholas,pia
1111 376 1250 446 minum
1266 390 1450 447 moveatur
1465 378 1540 446 solo
1564 379 1710 448 nomine
1726 374 1923 460 Ecclesiae,
1958 402 2098 450 necesse

78 483 206 568 studia,
224 483 366 554 etiamsi
382 483 538 552 mundus
555 484 678 551 lucens
695 482 813 549 delere
823 477 1058 569 Evangelinm
1111 493 1160 548 est
1174 478 1291 548 doceri
1307 479 1418 549 bonas
1431 494 1585 571 mentes,
1612 482 1697 572 quid
1716 482 1760 553 sit
1778 496 1811 552 et
1827 482 1889 551 ubi
1913 483 1959 550 sit
1973 477 2098 551 Eccle-

76 597 231 658 conatur.
270 582 538 675 Tristisspecies
552 596 600 653 est
610 578 786 652 Ecclesiae
800 583 969 664 desertae,
984 582 1059 649 sin·
1110 582 1179 660 sia,
1205 592 1238 649 ct
1254 575 1347 650 hanc
1362 583 1559 653 doctrinam
1577 606 1678 673 saepe
1695 582 1864 652 inculcari
1878 606 2017 652 necesse
2032 597 2095 655 est.

75 686 142 774 guli
151 686 262 756 etiarn
272 685 402 776 privati
417 687 456 753 in
472 698 603 768 morte,
621 699 658 755 et
671 683 750 752 aliis
766 682 902 772 magnis
920 684 1060 773 pericu·
1111 681 1190 751 Non
1214 682 1377 772 lingenda
1398 697 1448 753 est
1471 684 1663 752 invisibilis
1687 679 1863 768 Ecclesia,
1905 685 1994 753 sicnt
2017 685 2097 754 idea

10 784 13 853 ἑ
73 789 111 857 lia
125 789 302 872 sentiunt,
317 788 478 882 quamsit
494 786 662 856 miserum
679 786 841 857 amittere
856 785 975 854 omnia
991 780 1059 853 hu·
1112 783 1309 864 Platonica,
1349 808 1415 853 nec
1437 799 1553 856 tamen
1576 785 1811 873 imaginemur
1830 784 2022 855 Ecclesiam
2046 786 2095 854 si·

69 912 171 958 mana
189 889 341 969 auxilia,
376 888 415 958 in
430 889 560 961 talibus
580 887 762 976 angustiis.
813 885 1060 979 Proponamus
1111 886 1230 954 milem
1263 887 1448 956 mundano
1474 910 1604 976 regno,
1645 889 1705 955 aed
1742 880 1910 957 honestae
1944 881 2095 957 scholae.

68 991 173 1061 nobis
191 986 399 1073 haecdicta,
414 991 546 1084 quibus
562 991 590 1058 si
608 989 711 1058 fidem
720 988 960 1072 excitabimus,
977 1012 1059 1055 sen·
1111 984 1260 1075 Quoties
1283 1001 1400 1058 autern
1422 990 1467 1057 de
1488 985 1644 1058 Ecclesia
1669 987 1817 1072 dicitur,
1849 1010 1989 1079 semper
2012 1003 2093 1058 ante

66 1092 195 1163 tiernus
208 1115 292 1162 vere
307 1094 411 1163 nohis
425 1086 960 1172 adesseClrristum,nosinvari,
976 1090 1059 1177 regi,
1111 1089 1229 1157 omnia
1258 1089 1372 1180 cogita
1397 1089 1530 1161 dictum
1555 1089 1673 1159 Pauli:
1710 1088 1810 1177 Quos
1833 1089 1990 1174 vocavit,
2028 1083 2095 1158 hos

10 1236 12 1243 ·
66 1193 227 1264 delendi.
1111 1191 1233 1281 elegit,
1259 1191 1396 1263 vocatio
1413 1206 1529 1263 autem
1553 1192 1704 1261 visibilis
1725 1205 1788 1265 est.
1840 1189 1931 1261 Nam
1952 1204 2096 1262 vocato-

166 1290 217 1366 Et
233 1294 445 1365 nominatim
462 1288 523 1364 hic
537 1293 714 1387 promittit
729 1289 892 1366 Christos
905 1294 979 1364 anis
995 1317 1061 1363 au·
1111 1316 1189 1362 rum
1204 1305 1325 1363 coetus
1342 1305 1394 1364 est
1408 1308 1528 1364 coetus
1550 1307 1690 1364 externa
1718 1293 1939 1393 professione
1959 1293 2096 1385 ample-

64 1395 245 1467 ditnrilsus
260 1397 387 1468 vitam:
413 1392 490 1485 Ego
507 1397 609 1481 vivo,
635 1410 667 1465 ει
682 1419 745 1466 vos
754 1396 897 1476 vivetis,
922 1395 1061 1464 etiamsi
1092 1396 1279 1465 -ctentium
1295 1392 1542 1484 Evangelinnr.
1593 1395 1699 1466 Nulla
1721 1395 1831 1485 igitur
1850 1395 1975 1465 electio
2000 1393 2097 1484 cogi-

62 1496 533 1590 crudelibosauppliciisvos
550 1498 761 1567 interficient
775 1499 930 1591 tyranni,
942 1511 1060 1566 tamen
1110 1510 1205 1568 tetur
1236 1511 1333 1569 extra
1361 1492 1457 1567 hunc
1480 1498 1655 1568 visibilem
1680 1511 1832 1567 coetum.
1891 1496 1944 1565 Ac
1965 1519 2093 1584 magna

62 1621 125 1689 ego
143 1598 250 1669 vobis
262 1600 373 1670 ritem
389 1601 548 1686 reddam,
562 1600 601 1670 in
618 1623 688 1694 qna
703 1612 837 1691 patrem
862 1614 896 1670 ει
919 1623 975 1669 mc
1000 1623 1060 1669 co·
1110 1601 1303 1670 consolatio
1320 1613 1370 1672 est
1384 1599 1453 1690 piis
1468 1600 1576 1683 scire,
1609 1600 1703 1692 qnod
1727 1620 1867 1667 necesse
1888 1599 1933 1666 sit
1957 1620 2096 1688 semper

63 1724 137 1771 ram
156 1699 340 1773 videbitis.
1111 1700 1148 1768 in
1166 1696 1233 1772 lroc
1251 1702 1384 1772 visibili
1405 1718 1527 1788 coetu,
1560 1700 1600 1773 in
1623 1696 1839 1791 interemptis
1864 1711 1898 1769 ει
1919 1693 1976 1767 his
1993 1693 2097 1768 scho-

1110 1803 1153 1871 lis
1183 1805 1321 1896 aliquos
1348 1827 1421 1874 ease
1451 1805 1594 1888 electos,
1630 1815 1665 1872 et
1685 1803 1779 1895 quod
1804 1823 1978 1892 nusquam
2006 1799 2094 1868 alibi

1107 1908 1180 1976 sint
1201 1905 1268 1975 ulli
1291 1906 1402 1976 electi.
1453 1904 1637 1975 Amandus
1660 1917 1711 1974 est
1731 1904 1840 1992 igitur
1862 1898 1921 1971 hic
1945 1901 2095 1969 visibilis

167 2003 315 2077 Dictum
330 2017 382 2077 est
403 2026 530 2093 supra,
554 2003 696 2073 misceri
719 2004 998 2089 consolationes,
1024 2017 1057 2074 et
1107 2021 1228 2078 coetus
1254 2021 1286 2079 et
1311 2002 1380 2077 lroc
1397 2007 1652 2085 ministerium,
1690 2018 1723 2075 ει
1738 2018 1833 2075 certo
1854 2006 2094 2085 statuendum,
2200 2087 2201 2090 Ἴ

65 2106 267 2179 doctrinam
284 2127 348 2176 acu
360 2107 545 2190 mandata,
570 2106 664 2177 utin
689 2106 868 2198 colloquio
893 2105 1058 2177 adeuntis
1107 2111 1202 2203 qnod
1221 2132 1445 2201 perseverans
1466 2110 1503 2178 in
1529 2108 1689 2178 doctrina
1710 2100 1818 2176 huius
1839 2105 1990 2173 visibilis
2013 2126 2094 2173 coe·

65 2221 230 2282 mortem.
282 2205 352 2276 llic
369 2206 494 2278 inserit
508 2209 551 2276 de
568 2203 724 2275 Ecclesia
739 2208 826 2299 quid
843 2207 908 2286 sit,
941 2220 976 2278 et
992 2207 1055 2278 ubi
1107 2211 1457 2292 tnsrectedocentis,
1485 2213 1615 2291 electus
1636 2210 1681 2279 sit
1702 2209 1746 2278 ad
1770 2208 1877 2277 vitam
1902 2219 2093 2278 aeternam.

65 2311 130 2395 sit,
154 2322 280 2402 estque
295 2303 354 2378 hic
370 2309 469 2378 locus
491 2308 680 2396 diligenter
701 2310 942 2378 observandus
965 2305 1056 2379 hanc
1105 2312 1202 2383 llaec
1220 2313 1374 2403 cogitare
1389 2314 1432 2381 ad
1451 2313 1632 2405 pietatem,
1647 2323 1683 2381 et
1700 2308 1991 2401 tranquillitatem
2006 2329 2093 2375 con-

67 2411 178 2500 ipsam
194 2413 244 2480 ob
258 2432 418 2490 causam,
443 2410 525 2501 quia
543 2405 633 2479 hanc
652 2410 948 2494 controversiam,
968 2412 1053 2502 qnid
1105 2417 1290 2500 scientiae,
1317 2428 1351 2487 et
1366 2412 1541 2484 Ecclesiae
1555 2415 1642 2484 utile
1664 2426 1735 2496 est,
1766 2424 1900 2481 etcum
1923 2403 1988 2477 hac
2011 2430 2093 2478 sen-

10 2546 12 2553 ·
67 2514 110 2585 ait
140 2510 320 2594 Ecclesia,
359 2512 542 2584 diiudicat.
606 2508 783 2601 Perpetuo
817 2511 885 2580 viri
915 2513 1055 2602 politici
1106 2518 1214 2586 tentia
1230 2515 1332 2586 Pauli
1348 2527 1550 2605 congruunt
1570 2516 1681 2585 multa
1703 2515 1795 2584 dicta
1821 2511 1858 2578 in
1884 2505 1952 2578 hoc
1976 2522 2090 2581 textu:

10 2616 12 2639 '
70 2615 221 2704 pingunt
242 2610 456 2692 Ecclesiam,
488 2625 529 2682 ut
550 2634 697 2701 regnum
723 2617 964 2693 mundanum,
998 2615 1055 2683 di·
1105 2617 1179 2707 Qui
1195 2619 1311 2709 diligit
1327 2641 1404 2702 me,
1429 2640 1626 2687 sermonem
1640 2640 1758 2686 meum
1775 2612 1939 2683 servabit.

10 2654 14 2813 l
71 2730 241 2787 cuntesse
261 2729 401 2785 coetum
424 2727 651 2798 renatorum,
685 2728 718 2784 et
739 2738 814 2784 non
836 2730 1054 2796 renatorum,
1205 2719 1262 2791 Sit
1292 2742 1375 2809 ergo
1405 2714 1493 2788 haec
1526 2718 1686 2788 delinitio
1716 2714 1895 2787 Ecclesiae
1924 2711 2090 2781 visibilis:

70 2816 353 2909 mplectentium
375 2814 629 2905 Evangelium‚
656 2817 838 2905 alligatum
862 2820 905 2885 ad
921 2815 1055 2888 lloma-
1103 2819 1260 2892 Ecclesia
1275 2835 1328 2891 est
1342 2835 1463 2891 coetus
1476 2820 1761 2911 amplectentium
1779 2813 2032 2902 Evangelium‚
2056 2826 2092 2881 et

74 2942 156 2987 unm
182 2912 420 3008 Episcopum,
461 2930 667 3006 regnantem
703 2919 799 2989 iuxta
834 2919 1052 2987 ordinariam
1103 2922 1267 2993 societate
1294 2935 1593 2993 sacramentorum
1614 2934 1649 2990 et
1681 2917 1870 2989 ministerii
1899 2914 2093 3003 evangelici

73 3018 341 3098 accessionem,
383 3031 417 3088 ει
437 3014 535 3088 hunc
557 3014 772 3110 Episcopum
797 3015 927 3091 hahere
953 3036 1052 3112 pote·
1102 3024 1393 3109 coniunctorum,
1431 3047 1472 3095 ac
1495 3034 1698 3117 renatorum
1725 3044 1787 3112 per
1809 3018 1982 3108 Spiritum
2007 3039 2091 3086 san·

74 3134 192 3191 “mm
215 3120 394 3189 wullwdl
419 3120 529 3210 legflsss
562 3136 596 3190 ‘l
619 3120 876 3213 interpretandi
891 3121 1052 3210 Evattge-
1103 3139 1221 3210 ctum,
1246 3127 1305 3195 cui
1327 3126 1442 3195 coetui
1467 3124 1572 3194 multi
1593 3146 1667 3193 non
1691 3120 1803 3192 renati
1825 3118 1970 3188 admixti
1994 3130 2091 3199 suut,

74 3220 130 3311 lii,
148 3233 192 3291 -et
204 3215 511 3293 ornneslromines
526 3223 570 3291 ad
595 3217 658 3291 has
682 3224 776 3313 leges
794 3225 839 3293 ab
863 3248 905 3293 eo
926 3227 1052 3293 condi·
1103 3228 1165 3321 qni
1184 3242 1299 3297 tamen
1317 3227 1355 3296 in
1370 3227 1589 3318 professione
1603 3248 1707 3294 verae
1720 3221 1902 3292 doctrinae
1917 3218 1988 3288 illis
2003 3243 2088 3287 con-

22 3408 25 3413 ·
50 3334 137 3407 -tas,
160 3335 199 3393 et
213 3323 291 3393 eina
305 3323 634 3414 interpretationem
649 3325 812 3414 alligatos
824 3348 915 3409 esse,
942 3329 1052 3396 etad·
1103 3330 1282 3414 sentiunt,
1323 3352 1389 3398 nec
1418 3342 1566 3421 propter
1586 3327 1773 3396 manifesta
1795 3316 1924 3394 scelera
1948 3345 2089 3392 excom-

74 3426 159 3499 dont
184 3421 393 3496 Romanuin
418 3421 633 3517 Episcopum
666 3449 730 3497 seu
758 3428 949 3496 concilium
977 3428 1053 3498 eius
1102 3431 1384 3501 municatisont.
1431 3462 1434 3467 ·
1468 3474 1473 3483 ·

76 3548 142 3595 non
156 3547 260 3616 pesse
284 3548 401 3596 errare
422 3525 461 3594 in
487 3527 557 3595 lide
579 3549 640 3596 seu
666 3528 703 3596 in
727 3529 947 3613 necessariis,
979 3532 1052 3600 imo
1204 3530 1301 3604 Haec
1317 3531 1478 3603 delinitio
1494 3532 1675 3623 perspicua
1692 3541 1762 3610 est,
1790 3541 1824 3598 ει
1840 3540 1955 3595 sumta
1973 3537 2024 3593 est
2049 3547 2092 3593 ex

75 3626 181 3721 aliqui
206 3628 365 3708 addunt,
398 3627 504 3698 etiam
538 3629 663 3698 mnndi
699 3632 858 3722 imperia.
919 3629 1053 3702 Dicunt
1104 3632 1225 3705 multia
1242 3633 1475 3720 testimoniis,
1505 3646 1544 3704 ut
1566 3624 1608 3702 ca
1630 3633 1726 3703 dicto
1741 3626 1893 3713 Christi,
1924 3651 2002 3724 cap.
2032 3626 2090 3698 10.

75 3722 358 3801 ltcncanmmum
374 3725 589 3821 Episcopum
615 3726 744 3799 habere
769 3745 975 3823 potestatam
997 3758 1053 3802 re-
1105 3735 1223 3806 loan.:
1257 3730 1354 3805 Oves
1384 3759 1481 3804 meae
1503 3758 1623 3803 vocem
1646 3757 1759 3802 meam
1784 3730 1953 3812 andiunt,
1986 3729 2088 3795 etad

74 3830 412 3923 metuenterendt,
445 3845 656 3922 etopnrtere
677 3835 854 3903 munitum
878 3858 953 3903 esse
975 3837 1054 3926 opi·
1104 3832 1233 3929 Ephes.
1255 3833 1446 3909 2.s·Estis
1474 3838 1583 3927 igitur
1602 3835 1784 3905 domestici
1809 3832 1899 3909 Dei,
1940 3828 2088 3897 extructi

74 3928 135 4003 bns
157 3947 190 3999 et
214 3932 445 4017 exercitibus,
485 3958 525 4029 ac
547 3956 645 4024 reges
664 3936 793 4004 debere
813 3936 846 4005 ei
877 3937 1055 4006 defensio·
1104 3963 1210 4029 snper
1224 3940 1495 4008 fundamentum
1505 3937 1759 4028 Apostolorum
1777 3925 2089 4022 etProplretarum,

74 4054 149 4103 nem
173 4047 208 4103 et
231 4035 309 4104 eina
332 4035 481 4105 arbitrio
512 4036 602 4104 bella
634 4059 773 4107 sumere
805 4052 838 4107 et
867 4040 1054 4129 deponere,
1104 4042 1273 4112 existente
1305 4040 1420 4131 lapide
1445 4040 1607 4131 angulari
1634 4037 1711 4108 lesu
1740 4032 1903 4114 Christo,
1948 4032 1988 4098 in
2017 4053 2110 4123 quo.

17 4156 21 4161 ·
72 4130 195 4203 adhoc
209 4134 365 4226 allegant
380 4136 534 4217 dictum,
558 4139 653 4229 quod
671 4162 750 4207 cum
767 4141 811 4209 de
827 4136 1054 4210 soloChristo
1104 4143 1222 4212 omnis
1250 4157 1424 4214 structura
1453 4154 1692 4231 coagmentata
1714 4139 1836 4207 crescit
1856 4136 1894 4202 in
1916 4132 2088 4222 templum
2203 4224 2207 4231 .

73 4234 253 4328 loquatur,
290 4238 359 4329 ipsi
378 4240 591 4332 detorquent
614 4241 658 4308 ad
680 4238 882 4311 Romanurn
906 4238 1053 4332 Episeo-
1104 4259 1262 4315 sanctum
1279 4245 1445 4328 domino,
1469 4266 1533 4335 per
1548 4267 1653 4335 quem
1667 4254 1700 4311 et
1717 4263 1779 4309 vos
1801 4236 1975 4308 aedificati
1996 4233 2089 4318 estis,

72 4360 170 4426 pour:
195 4335 288 4409 Data
303 4353 355 4411 eat
371 4334 595 4409 mihi-omnis
612 4354 763 4432 potestas
779 4343 817 4410 in
833 4345 930 4412 coelo
955 4359 989 4415 et
1012 4346 1050 4413 in
1103 4346 1237 4418 utsitis
1258 4343 1498 4417 habitaculum
1516 4344 1671 4434 Spiritus
1695 4341 1815 4411 sancti.
1865 4337 1946 4408 Huc
1967 4349 2001 4406 et
2025 4359 2086 4424 pa·

71 4450 181 4525 terra,
206 4440 288 4511 talis
312 4441 447 4532 pictura
460 4437 639 4512 Ecclesiae
658 4456 751 4515 extat
772 4445 811 4513 in
833 4444 1050 4515 libris-mul·
1104 4450 1247 4518 rabolae
1268 4451 1467 4540 pertinent,
1509 4440 1638 4517 Metth,
1663 4444 1720 4515 15.
1753 4445 1798 4511 de
1824 4462 1950 4529 sagena
1981 4432 2085 4506 missa

71 4550 198 4615 ιοιιιιιι.
258 4540 330 4614 Sed
364 4566 509 4634 prorsus
536 4545 765 4615 transformat
787 4542 979 4616 Ecclesiam
1011 4548 1051 4616 in
1102 4551 1140 4619 in
1158 4575 1273 4635 mare,
1298 4566 1331 4622 et
1346 4552 1444 4618 aliae.
1495 4546 1568 4616 Nec
1585 4559 1701 4638 partes
1715 4569 1804 4637 qnae
1821 4543 1858 4611 in
1878 4537 1943 4610 hac
1959 4539 2087 4608 defini-

10 4708 24 4777 f
71 4662 216 4731 unum
229 4645 451 4713 mundanum
468 4659 590 4716 contra
604 4648 716 4716 multa
732 4645 1049 4735 mandataChristi,
1103 4653 1201 4722 tione
1228 4664 1473 4730 recensentur,
1515 4649 1560 4717 ab
1585 4648 1669 4716 ullis
1693 4642 1903 4736 reprehendi
1927 4654 2086 4733 possunt.

10 4784 18 4829 ·,-
71 4743 129 4837 qui
142 4745 279 4837 inquit:
295 4744 409 4837 Reges
425 4746 583 4837 gentium
599 4749 840 4833 dominantur,
856 4765 1048 4821 vosautem
1102 4752 1171 4825 Sed
1185 4753 1320 4845 aliquid
1337 4753 1419 4821 addi
1435 4752 1563 4821 nolunt
1578 4745 1800 4844 hypocritae,
1823 4744 1984 4815 fascinati
2010 4742 2088 4832 opi-

10 4832 20 4903 i
71 4866 142 4917 non
172 4846 238 4919 sic.
298 4846 403 4920 ltern:
443 4847 541 4920 Sicut
565 4871 623 4919 me
645 4851 740 4921 misit
763 4866 882 4944 pater,
916 4853 965 4922 sic
987 4876 1049 4943 ego
1101 4855 1270 4924 nionibus
1288 4854 1460 4947 politicis,
1493 4856 1538 4921 de
1558 4874 1666 4941 regno
1686 4847 1883 4942 pontificio,
1916 4870 1981 4915 nec
2007 4854 2091 4912 sunt

14 4950 22 4959 “
67 4947 167 5019 nitro
181 4971 259 5021 vos.
991 4984 995 4991 ¹
1101 4956 1276 5040 contenti,
1301 4981 1381 5027 cnm
1396 4956 1546 5025 andiunt
1561 4952 1753 5023 Ecclesiam
1768 4963 1904 5033 coetum
1921 4970 1993 5015 esse
2012 4968 2089 5011 am-

168 5046 262 5120 Cum
293 5060 411 5119 antem
432 5044 591 5122 Ecclesia
622 5046 750 5124 lrabeat
769 5055 1050 5145 promissionem,
1101 5058 1328 5149 plectentium
1358 5056 1613 5148 Evangelium‚
1660 5055 1888 5124 coniunctum
1923 5047 2085 5118 societate

10 5196 13 5201 -
70 5150 225 5245 quodsit
241 5150 407 5221 columna
422 5152 600 5238 veritatis,
626 5150 902 5249 etilliEpiscopi
919 5182 1049 5228 nomen
1100 5174 1399 5232 sacramentorum
1424 5172 1457 5231 ει
1478 5156 1668 5228 ministerii
1692 5150 1904 5243 evangelici,
1938 5152 1997 5218 scd
2021 5170 2086 5214 vo·
2168 5224 2173 5233 ,

10 5270 13 5277 '
69 5246 246 5324 Ecclesiae
260 5255 305 5323 ad
330 5276 368 5324 se
387 5256 620 5340 transferant,
653 5269 687 5326 et
713 5281 755 5327 eo
779 5272 958 5348 praetextu
978 5273 1050 5331 sta·
1100 5260 1179 5330 lunt
1202 5264 1305 5354 addi,
1338 5262 1521 5351 alligatum
1543 5262 1587 5329 ad
1604 5258 1812 5331 Romanum
1824 5252 2029 5325 Pontificem
2055 5260 2088 5318 et

69 5353 194 5428 biliant
210 5355 309 5427 idola
324 5369 360 5428 et
375 5379 528 5444 errores,
553 5379 594 5429 ac
608 5356 746 5430 infinita
769 5360 960 5434 multitudo
984 5359 1050 5433 hn-
1100 5362 1316 5435 ordinariam
1332 5364 1584 5435 successionem
1599 5359 1877 5457 Episcopnrunr,
1905 5370 1938 5426 et
1961 5376 2084 5426 eorum

121 1860 207 1965 Qui
230 1858 343 1935 habat
367 1860 552 1937 mandata
579 1886 682 1953 mea,
714 1872 746 1935 et
771 1874 913 1960 serent,
939 1873 1000 1942 ιιι.
