4530 5776
20 252 24 269 ,
105 134 203 249 lem
711 158 838 233 euru
865 144 1219 236 transeatur-a
1245 156 1545 242 assonaret.
2041 172 2128 252 iio,

107 342 340 431 beneficium,
366 304 463 435 quod
484 333 686 408 obedientia
706 332 908 426 imperfecta
926 329 1004 403 Deo
1020 333 1097 423 pla·
1152 334 1267 406 tibus:
1293 312 1413 405 sedin
1436 333 1503 407 hac
1525 339 1598 410 vita
1622 335 1769 413 haerent
1790 340 1961 415 innubis
1981 346 2129 442 reliquiae

110 463 175 522 cet.
222 442 416 529 Necenim
440 439 601 511 concedit
623 432 859 527 Evangelinm
882 446 1097 505 contemtum
1148 437 1295 530 peccati,
1321 461 1434 521 mors,
1460 453 1495 510 et
1511 444 1646 512 multae
1661 445 1889 519 calamitates.
1921 447 2129 542 Sicutigitur

110 550 179 624 Dei
194 561 316 619 eontra
331 542 601 625 conscientiam,
626 541 708 611 ideo
731 538 880 622 dicitur,
907 531 1098 627 Matth.5.:
1151 554 1297 610 manent
1312 562 1409 610 mors
1433 555 1467 613 et
1485 543 1576 613 aliae
1595 568 1749 636 poenae,
1777 549 1824 619 ita
1853 565 1974 621 manet
1997 551 2051 622 lex
2070 572 2126 647 qno

112 653 191 725 Nisi
208 649 346 721 iusticia
362 659 478 716 vestra
493 643 638 714 excellet
661 665 766 735 supra
782 640 956 710 iusticiam
972 634 1099 708 Phari·
1153 645 1197 712 ad
1217 643 1384 734 reliquias
1408 645 1556 736 peccati:
1583 669 1665 716 nam
1691 644 1777 720 hace
1799 652 1922 721 onmia
1945 654 2052 724 ainml
2075 679 2126 726 noe

113 764 303 837 saeorum,
345 773 420 819 non
450 746 630 817 intrabitis
657 746 696 814 in
729 767 876 833 regnum
907 741 1100 813 coelorum.
1155 759 1341 831 accusant,
1386 746 1462 832 lex,
1504 771 1600 818 mors
1634 763 1669 821 et
1702 752 1792 822 aliae
1824 772 1974 845 poenae.
2037 755 2125 828 Pulso

115 856 219 928 ltem:
255 853 336 925 Non
353 850 435 920 veni
454 849 591 920 solvere
607 849 736 938 legem,
763 847 823 914 sed
843 846 1002 935 implere.
1053 837 1101 911 Et
1150 844 1284 916 Davidi
1300 869 1361 917 sua
1381 850 1561 920 calamitas
1578 865 1628 920 est
1645 877 1713 922 vox
1737 854 1843 944 legis,
1865 859 1926 926 sed
1944 857 2042 929 itsfit
2055 860 2126 930 iiiiii

115 959 242 1053 implet
267 956 361 1047 ipse,
386 951 547 1023 utsimul
567 948 734 1039 innubis
755 947 938 1028 restituat,
965 941 1101 1023 utRo·
1152 949 1273 1037 alege
1294 963 1327 1020 et
1351 965 1521 1045 amorte,
1549 954 1634 1045 qtria
1658 953 1931 1050 fide-eluctatur.
1966 957 2027 1030 Sic
2039 960 2125 1050 igitur

115 1086 183 1131 ma.
198 1058 234 1130 8.
249 1057 394 1128 dicitur:
420 1051 475 1126 De
492 1066 630 1144 peccato
645 1049 827 1121 damnavit
845 1061 1045 1140 peccatum,
1063 1057 1103 1115 ut
1152 1050 1267 1134 insto,
1295 1065 1469 1143 qtratenus
1495 1067 1547 1125 est
1569 1056 1704 1143 iustus,
1732 1059 1767 1126 id
1790 1073 1860 1144 est,
1888 1061 2124 1153 qnatenusfide

117 1161 256 1234 iusticia
277 1158 364 1250 legis
387 1156 577 1248 impleatur
597 1154 636 1223 in
655 1152 780 1236 nobis,
811 1174 884 1220 non
908 1149 1102 1219 secundum
1153 1152 1283 1237 vincit,
1310 1177 1384 1222 non
1409 1169 1460 1224 est
1478 1155 1533 1225 lex
1553 1158 1684 1247 posita,
1717 1183 1790 1228 non
1816 1163 2030 1234 condemnat
2051 1189 2124 1242 eon.

117 1287 258 1336 carnem
283 1258 558 1330 ambulantibus.
609 1254 716 1340 Item,
742 1251 940 1325 Romae:
973 1250 1102 1338 Legem
1154 1252 1257 1323 Hanc
1271 1257 1470 1325 doctrinam
1485 1261 1530 1326 de
1544 1259 1954 1353 liberationealege‚et
1971 1267 2125 1337 deusibus

118 1366 317 1438 stabilitum
339 1386 402 1454 Per
423 1361 551 1444 fidem,
584 1359 620 1428 id
646 1373 713 1437 θεῖ,
748 1356 829 1425 ideo
851 1354 1045 1447 recipimur
1069 1363 1104 1420 el
1154 1358 1239 1444 legis
1257 1358 1412 1427 breviter
1430 1353 1487 1429 hic
1502 1360 1703 1449 recitatam,
1730 1364 1816 1434 alibi
1841 1367 2020 1458 copiosius
2041 1392 2124 1460 expo·

18 1515 23 1522 1
118 1489 353 1548 renovamur,
379 1463 514 1535 utiam
540 1461 601 1531 fiat
620 1459 677 1528 lex
701 1472 735 1528 et
756 1458 900 1548 placeat.
1154 1459 1262 1530 sitam
1292 1461 1449 1550 relegite.

207 1567 305 1638 Haec
321 1565 494 1637 sententia
510 1585 611 1655 saepe
628 1561 775 1650 repetita
793 1572 845 1628 est
862 1559 941 1628 aliis
957 1555 1104 1626 crassin-
1492 1547 1512 1640 θ’
1565 1622 1574 1642 0
1862 1628 1870 1647 ’

117 1673 219 1744 ribus
233 1670 356 1739 formis
370 1665 563 1761 loquendi,
589 1665 623 1735 1.
638 1657 802 1732 Corinth.
819 1661 868 1735 6.:
898 1659 952 1731 Ne
969 1657 1106 1740 erretis,
1420 1617 1526 1721 Qum
1556 1650 1769 1722 ‘'ldmmns
1788 1629 1880 1728 sect.

55 1826 61 1837 ,
121 1786 349 1851 scortatores,
392 1769 583 1852 idolatrae,
623 1763 777 1835 adulteri
800 1779 865 1835 etc.
899 1786 973 1831 non
994 1759 1108 1851 possi·
1256 1758 1436 1832 Discernit
1458 1776 1715 1854 persecutores,
1742 1782 1781 1839 ut
1806 1765 1934 1843 Roma.
1965 1770 2124 1847 10.ettt.

121 1862 421 1962 debuhlregnuffl
437 1867 517 1941 Del·
568 1865 616 1938 El
637 1864 887 1941 l.10³nnl⁸3.=
914 1862 1107 1934 Nemode·
1157 1864 1271 1956 aliqui
1304 1880 1580 1960 convertuntur,
1621 1869 1733 1961 aliqui
1768 1895 1842 1939 non
1877 1888 2123 1948 convertuntur.

121 1978 227 2070 cipiet
248 1988 328 2058 vos,
369 1973 431 2066 dui
453 1970 536 2040 facit
562 1983 759 2059 peceatum,
800 1991 841 2038 ex
865 1966 1008 2036 diabolo
1042 1977 1108 2032 est.
1157 1966 1212 2038 De
1234 1963 1300 2035 hoc
1320 1967 1525 2037 discrimine
1547 1984 1581 2040 et
1606 1968 1778 2040 Matthaei
1808 1975 1864 2045 12.
1889 1974 2040 2046 dicitur:
2071 1974 2123 2064 Qui

118 2077 170 2152 El
184 2079 299 2151 R⁰ffl³
318 2075 369 2150 8.:
396 2072 583 2145 Debf¹⁰fe⁸
596 2093 738 2153 'Summe
765 2083 805 2139 Ul
821 2093 895 2138 ¹¹⁰ss
913 2068 1108 2138 mundum
1158 2069 1289 2140 dixerit
1304 2090 1503 2138 sermonem
1518 2086 1640 2141 contra
1658 2072 1771 2142 lilium
1792 2068 1971 2161 huminis,
1994 2079 2123 2148 remitte

121 2205 264 2252 carnem
284 2177 517 2248 ambulemus.
567 2173 640 2244 Nec
661 2172 819 2242 debitum
843 2169 1108 2260 signifieatvio·
1158 2186 1218 2242 tur
1244 2171 1299 2254 ei,
1332 2168 1406 2257 Qui
1430 2185 1548 2241 autem
1570 2175 1700 2246 dixerit
1726 2191 1847 2246 contra
1870 2177 2044 2266 Spiritum
2064 2203 2124 2249 iii.

120 2283 288 2366 lflssliams
323 2281 385 2350 8θᾶ
415 2279 603 2346 imffl⁰¹¹¹ffl
631 2274 811 2356 minem·
854 2296 925 2365 (11¹⁰
950 2284 1109 2342 creatura
1161 2276 1276 2358 ctum,
1303 2294 1377 2340 non
1402 2274 1603 2345 remittetur
1621 2277 1673 2362 ei,
1699 2301 1815 2370 neque
1834 2280 1873 2349 in
1891 2277 1959 2350 hac
1974 2304 2082 2375 neque
2098 2281 2125 2349 in

122 2383 309 2457 rationalis
329 2379 477 2451 creatori
501 2378 657 2446 subiecta
681 2388 742 2445 est.
778 2371 824 2445 lit
840 2371 909 2444 hnc
923 2373 1040 2464 ipsum
1059 2382 1111 2440 est
1160 2377 1281 2446 futura
1303 2375 1387 2444 vita.
1437 2372 1507 2445 Hic
1531 2378 1641 2449 multa
1666 2381 1894 2468 disputantur
1917 2387 1963 2451 de
1988 2378 2126 2475 blasphe-

123 2489 302 2571 debitum‚
328 2478 866 2566 utobedientiasitspontanea.
918 2475 964 2544 Et
980 2468 1109 2542 Zacha.
1162 2478 1232 2546 mia
1252 2500 1312 2545 sen
1330 2478 1375 2545 de
1391 2491 1534 2568 peccato
1552 2479 1798 2552 irremissibili.
1833 2483 1906 2554 Nos
1922 2485 2127 2575 priustenea·

9 2593 13 2600 ’
124 2591 158 2661 8.
177 2588 325 2659 dicitur:
352 2581 548 2652 Veritatem
572 2595 606 2650 et
635 2579 807 2648 iudicium
838 2577 931 2668 pacis
955 2576 1109 2645 iudicate
1162 2602 1240 2647 mus
1263 2575 1355 2646 hanc
1377 2579 1556 2667 regulam,
1599 2579 1811 2655 Mandatum
1845 2589 1891 2657 de
1921 2583 2130 2657 conversione

122 2693 161 2762 in
178 2687 289 2783 portis
310 2685 453 2770 vestris,
485 2697 519 2754 et
541 2666 675 2751 matum
697 2694 819 2750 contra
837 2680 1017 2771 proximos
1036 2699 1112 2744 non
1134 2650 1138 2765 i
1163 2681 1322 2751 sineutla
1337 2681 1561 2752 dubitatione
1574 2684 1775 2756 universale
1793 2690 1921 2774 est‚sic
1936 2702 1971 2759 et
1985 2690 2059 2760 eine
2072 2689 2128 2759 utta

80 2804 83 2813 '
130 2793 299 2882 cogitate,
339 2802 373 2859 et
403 2787 641 2856 iuramentum
676 2784 826 2851 mendax
858 2805 904 2849 nc
938 2779 1112 2866 diligatis:
1135 2768 1138 2843 1
1163 2783 1386 2854 dubitatione
1427 2785 1612 2874 mommio
1648 2785 1796 2859 Gratiae
1836 2792 2049 2862 universali,
2083 2803 2131 2875 ‘a’

122 2894 244 2979 ,ὓῐῐῑῐῐῖθ
266 2890 360 2959 enlm
385 2884 470 2957 haec
493 2903 574 2956 ⁵⁰⁰¹
595 2909 684 2979 quae
707 2885 789 2966 ⁰¹¹3,
817 2883 903 2952 dicii
924 2879 1113 2953 Dominus·
1136 2912 1139 2952 ε
1164 2888 1251 2955 sicut
1270 2884 1445 2954 Dominus
1467 2886 1600 2977 inquit:
1628 2887 1757 2959 Venite
1777 2894 1821 2959 ad
1844 2919 1900 2962 me
1921 2916 2062 2977 omnes,
2083 2892 2131 2983 qui

122 2995 235 3079 Item,
272 2990 401 3065 Psalm.
423 2990 475 3064 5.:
521 2987 604 3060 Non
643 2984 740 3057 Deus
781 2986 904 3056 volens
945 2983 1111 3074 impieta·
1164 2989 1333 3057 laboratis
1350 3002 1383 3057 et
1399 2989 1534 3058 onerati
1552 2991 1643 3059 estis.
1677 2989 1725 3063 Et
1744 2988 1922 3063 horrenda
1938 2995 2131 3065 contumelia

118 3100 196 3182 lem
224 3107 261 3166 1¹¹
286 3116 332 3164 0⁸·
1166 3103 1216 3159 est
1240 3091 1408 3158 adversus
1428 3091 1540 3158 filicem
1557 3088 1643 3179 Dei,
1676 3094 1829 3181 cogitare
1848 3120 1997 3186 regnum
2020 3097 2133 3166 diaboli

227 3195 353 3267 Manet
368 3194 477 3283 igitur
500 3192 561 3261 illa
583 3189 748 3259 voluntas
771 3189 810 3257 in
831 3186 906 3257 Deo
922 3200 1062 3258 aeterna
1079 3199 1113 3256 et
1165 3192 1344 3280 potentius
1365 3215 1437 3260 esse
1460 3189 1621 3280 Christo,
1666 3221 1745 3265 cnm
1770 3199 1915 3290 quidem
1940 3192 2133 3271 dictnnr‘sit

125 3303 291 3382 immota,
317 3321 406 3390 quae
424 3293 591 3363 discernit
610 3293 704 3360 bona
721 3305 755 3359 et
772 3290 881 3370 mala,
907 3304 940 3360 et
956 3290 1033 3357 verit
1051 3290 1115 3356 bn·
1166 3285 1295 3365 Roma.
1318 3294 1370 3367 6.:
1405 3291 1529 3363 Gratia
1554 3298 1847 3391 exuberatsnpra
1871 3315 2063 3389 peccatum,
2100 3299 2134 3371 Et

126 3429 191 3483 na,
234 3413 269 3471 et
289 3401 363 3469 vult
393 3394 630 3467 obedientiam
656 3401 835 3461 creaturae
865 3402 1114 3479 congruentem
1165 3396 1297 3466 sancita
1312 3397 1357 3465 sit
1373 3397 1559 3485 promissio
1574 3398 1824 3484 iureiurando,
1851 3402 1946 3471 Vivo
1958 3426 2040 3493 ego,
2064 3405 2133 3473 nolo

125 3528 209 3575 suae
227 3500 422 3581 voluntati,
448 3510 481 3568 et
506 3496 713 3584 patefactam
735 3516 798 3584 per
814 3493 947 3572 filium,
974 3495 1017 3560 de
1043 3515 1114 3583 quo
1165 3513 1314 3568 mortem
1342 3500 1550 3587 peccatoris,
1586 3514 1650 3574 etc.
1701 3499 1957 3593 Coniugiamus
1978 3507 2082 3592 igitur
2101 3506 2133 3573 ad

126 3607 282 3689 dicitur,
321 3595 554 3671 Matth.17.:
595 3594 703 3664 Hunc
728 3595 857 3664 audite.
909 3592 993 3664 ldeo
1018 3594 1112 3665 etin
1164 3599 1278 3670 fitium
1305 3598 1391 3685 Dei,
1429 3613 1461 3669 et
1486 3613 1720 3673 sustentemus
1742 3622 1808 3674 stos
1830 3609 2082 3699 promissione,
2109 3620 2134 3675 et

126 3708 325 3779 iuramento
349 3703 497 3785 dicitur,
530 3694 657 3770 Ezech.
682 3697 760 3769 bh:
800 3696 891 3765 Vivo
914 3700 996 3786 ego',
1030 3697 1114 3766 nolo
1165 3725 1400 3796 repugnemus
1425 3704 1652 3776 dubitationi.

125 3823 275 3879 mortem
302 3802 507 3900 peccatoris,
546 3802 605 3869 sed
629 3811 669 3868 ut
693 3811 920 3869 convertatur
944 3816 979 3868 et
1007 3799 1113 3870 vivat.
1264 3804 1360 3875 Haec
1381 3818 1464 3874 sunt
1488 3807 1652 3877 mandata
1675 3807 1866 3890 divinitus,
1901 3823 1936 3880 et
1957 3813 2046 3882 tales
2069 3835 2136 3882 sen·

128 3909 329 4007 Uirumque
347 3907 440 3976 ‘⁰3¹⁰
459 3900 995 3994 ⁶⁰¹⁰P10⁶¹l¹⁰¹¹¹¹⁵l¹¹V³¹¹d¹¹ma·
1013 3899 1133 3968 man?
1163 3908 1253 3978 tient
1274 3907 1549 3976 consolationem
1567 3921 1600 3978 et
1618 3910 1844 4000 recipientur.
1877 3912 1929 3982 lta
1953 3915 2135 3984 indicemus

41 4094 43 4100 Α
127 4015 249 4084 datum
273 4014 317 4082 de
347 4007 594 4089 ⁰0¹¹V⁰l⁸l⁰¹¹⁸2
636 4003 1112 4100 ⁰2P10m3⁸⁵l⁰⁰²mrecqw
1164 4011 1409 4098 aposteriore,
1438 4003 2135 4105 hos'nonhabuissepeecatumirremis·
2168 4052 2170 4061 ·

127 4115 330 4184 θῖΙῑθῑῑῡῐῑῖδ·
383 4105 438 4179 EX
458 4103 695 4177 hi⁵⁰m¹¹lbfl⁵
719 4104 872 4192 {melliti
893 4116 1115 4194 P⁰l⁰⁵lt⁰cle
1164 4111 1278 4185 sibile.
1313 4109 1373 4182 Sic
1394 4125 1551 4181 servatus
1568 4125 1619 4182 est
1633 4111 1765 4184 Paulus
1783 4118 1890 4185 etalii
1910 4119 2016 4188 multi
2037 4141 2136 4209 perse·

126 4216 217 4298 dici,
244 4212 502 4290 obedientiam,
528 4230 618 4301 qnae
640 4209 803 4276 incoatur
826 4206 914 4288 lide,
942 4218 975 4273 et
1000 4204 1114 4275 subii·
1164 4228 1317 4284 catores:
1345 4225 1379 4282 et
1403 4215 1545 4305 quidem
1564 4212 1695 4284 panius
1716 4217 1853 4308 inquit,
1879 4242 1980 4288 suam
2005 4243 2137 4289 mm,
2168 4274 2170 4301 Ι

123 4315 175 4387 'cit
192 4342 257 4387 nos
273 4314 449 4387 voluntati
463 4310 555 4393 Dei,
582 4333 687 4402 quarn
712 4309 766 4377 lex
791 4307 964 4392 ostendit,
990 4331 1113 4376 neces·
1164 4317 1299 4386 sionem
1334 4315 1529 4405 exemplum
1559 4329 1592 4384 et
1622 4319 1863 4389 testimonium
1890 4344 1966 4391 esse
1992 4324 2137 4411 regulae.
2168 4304 2170 4421 ζ

128 4419 261 4489 sarium
283 4441 368 4491 esse.
1164 4420 1258 4511 quod
1281 4412 1377 4488 Deus
1400 4441 1481 4487 vere
1499 4418 1585 4487 velit
1611 4416 1733 4490 Gratis
1756 4436 1903 4512 propter
1924 4423 2037 4494 filium
2061 4423 2137 4493 iiii.
2168 4436 2170 4443 ’

229 4516 393 4590 Secundo
415 4529 534 4587 manet
548 4516 605 4584 lex
621 4513 770 4593 renatis,
797 4510 891 4601 quod
911 4513 953 4579 ad
982 4508 1112 4579 doctri·
1164 4544 1248 4611 pere
1274 4532 1472 4611 peccatores
1493 4521 1736 4610 confugientes
1754 4526 1799 4592 ad
1822 4525 1950 4600 lilium.
1992 4527 2053 4598 sic
2076 4549 2138 4595 m.

17 4674 24 4687 «
126 4644 210 4692 nam
225 4623 368 4711 attinet,
392 4620 475 4713 quia
492 4631 630 4708 oportet
647 4637 707 4685 eos
724 4609 855 4682 hahere
872 4612 1114 4681 testimonium
1165 4623 1235 4691 viii
1259 4635 1342 4693 suni
1370 4621 1494 4691 Aaron
1522 4636 1557 4693 εχ
1582 4620 1730 4712 petrus,
1769 4650 1977 4721 quanquam
2007 4630 2139 4699 sciente,

127 4744 349 4816 expressum,
376 4721 437 4814 qui
451 4721 566 4791 cultus
583 4717 657 4788 Deo
675 4719 855 4806 placeant,
883 4717 963 4783 ideo
980 4716 1114 4783 dictum
1165 4724 1254 4815 lapsi
1276 4738 1371 4794 suni,

82 4848 90 4866 ‘
127 4842 179 4896 est
199 4826 243 4895 ad
270 4816 519 4904 Timotheum,
558 4822 594 4894 2.
614 4813 761 4889 Timoth
781 4820 818 4889 b.
843 4817 974 4908 capite:
1018 4814 1115 4885 Scri·
1265 4823 1620 4897 Comi-avemmuffi
1641 4829 2137 4923 persecutorespemmtbor·

129 4943 232 5021 ptura
249 4924 421 4994 divinitus
438 4923 606 5009 inspirata
625 4921 722 4991 utilis
740 4933 789 4988 est
805 4922 848 4986 ad
865 4920 1080 4988 docendum.
1165 4927 1264 4998 ribili
1283 4928 1366 4997 odio
1382 4927 1465 5010 Dei,
1490 4928 1660 5015 ntludas,
1686 4936 1729 5002 de
1744 4929 1832 5001 hisa
1848 4938 2037 5023 posteriori
2055 4934 2137 5004 iudi-

139 5038 141 5042 ’
226 5027 355 5097 Tertio
386 5023 551 5094 liberatio
576 5023 692 5110 alege
726 5021 854 5090 elarius
886 5021 1117 5107 intelligitur,
1167 5031 1238 5100 cari
1257 5042 1389 5120 potest,
1415 5024 1581 5106 habuisse
1603 5057 1662 5103 eos
1677 5049 1864 5126 ¹peceatum
1889 5037 2136 5108 irremissibile:

34 5115 39 5135 ι
134 5156 213 5200 cum
230 5130 413 5198 intuemur
430 5125 601 5212 integram
619 5123 889 5208 liberationem,
913 5123 1027 5214 qualis
1051 5123 1118 5192 erit
1166 5134 1224 5202 sed
1254 5134 1361 5201 iidem
1387 5133 1533 5202 scientes
1564 5147 1599 5205 et
1627 5138 1786 5208 volentes
1819 5155 2087 5228 perseverarunt
2107 5139 2136 5204 in

132 5234 170 5301 iu
188 5232 294 5301 nobis
309 5234 346 5300 in
364 5230 433 5298 vita
451 5239 611 5308 aeterna,
640 5223 757 5292 ubi-in
781 5224 861 5294 luce
882 5226 1003 5293 divina
1020 5223 1131 5326 vive·¹
1167 5234 1231 5303 iilo
1253 5230 1420 5303 horribili
1444 5233 1529 5303 odio
1552 5236 1719 5308 adversm
1735 5238 1870 5325 De„m¹
1898 5265 1965 5311 nec
1987 5245 2137 5329 confuge,

133 5357 212 5402 mus
227 5337 303 5402 sine
320 5344 479 5423 peccato,
500 5328 575 5398 sine
599 5330 731 5408 morte,
757 5325 832 5395 sine
846 5326 924 5395 aliis
939 5325 1117 5396 calamita·
1167 5349 1252 5406 mm
1276 5338 1320 5406 ad
1345 5336 1458 5406 filium
1480 5333 1558 5414 Dei·
1616 5338 1689 5413 Nee
1711 5341 1879 5413 subtilius
1901 5365 2105 5438 qttaeramus
2123 5364 2137 5409 a
