4522 5782
104 156 188 289 ’ω
682 193 809 266 ento.
836 189 953 277 uun
981 187 1520 277 sceleratissumum
2059 193 2129 289 sgr

108 407 175 456 nos
189 390 415 470 expavescere
431 380 658 462 agnoscentes
670 365 761 437 iram
781 366 951 435 adversus
970 362 1094 433 multi·
1147 377 1225 449 eto,
1249 364 1376 457 inquo
1397 377 1497 435 motu
1517 365 1578 435 dat
1602 362 1710 436 nobis
1734 367 1999 455 testimonium,
2023 382 2067 441 ut
2087 369 2129 441 sit

109 488 234 580 plicem
269 475 530 557 infirmitatem,
570 483 604 540 et
635 466 775 538 infinita
816 479 928 537 errata
961 479 1094 538 nostra.
1148 465 1291 540 Paulus.
1355 463 1446 535 Cum
1477 468 1546 535 lide
1577 466 1647 535 iam
1678 471 1901 558 agnoscimus
1932 473 2129 544 misericor·

109 586 199 658 Vult
220 601 291 652 nos
311 577 556 648 reconciliatos
580 595 641 665 per
663 571 776 639 filium
800 570 961 649 eredere,
999 569 1094 661 quod
1148 569 1241 638 diam
1259 582 1295 639 et
1309 569 1540 655 praesentiam
1560 567 1645 653 Dei,
1671 571 1877 642 invocamus
1891 596 1993 659 eum,
2020 588 2056 647 ct
2071 595 2129 645 uos

110 686 282 779 receperit
297 704 363 750 nos
380 680 419 748 in
436 677 603 770 gratiam,
629 673 724 765 quod
749 673 834 741 velit
859 693 924 740 nos
943 693 1094 755 servare,
1149 672 1181 740 ei
1209 670 1437 754 subiicimus,
1482 694 1524 740 ac
1553 685 1707 742 caeteros
1746 698 1847 744 veros
1883 677 2000 747 cultus
2033 699 2129 766 prae·

111 792 215 862 nobis
239 782 420 877 opitulari.
483 777 559 847 Hac
583 777 651 845 lide
672 774 748 843 vult
772 773 950 856 invocari,
973 771 1051 840 vult
1074 794 1095 839 a
1149 788 1239 844 stare
1254 772 1454 861 incipimus,
1477 796 1566 866 quos
1581 777 1862 846 omncsnomine
1878 801 2024 868 precum
2040 802 2129 850 com-

111 920 146 965 se
164 891 234 985 peti
260 900 295 957 et
318 880 491 974 expectari
518 878 689 947 auxilium
707 873 998 944 iuxtaPsalmum
1015 870 1096 946 49.:
1150 875 1337 964 plectitur:
1378 869 1436 943 hic
1464 873 1559 944 enim
1583 888 1635 945 est
1662 900 1822 947 summus
1843 875 1966 954 honos.
2043 878 2129 952 Satis

112 996 241 1066 luvoea
264 990 329 1058 'me
355 1001 440 1068 etc.,
475 981 553 1051 vult
582 1003 648 1048 nos
668 978 737 1047 lide
759 978 804 1046 ab
827 978 902 1066 ipso
932 978 1098 1066 pendere,
1150 977 1259 1066 igitur
1279 975 1431 1064 intelligi
1456 990 1585 1066 potest,
1612 977 1738 1060 fidem,
1770 982 1815 1048 de
1838 1005 1906 1073 qua
1930 1006 1998 1051 nos
2019 981 2129 1075 loqui·

112 1121 187 1168 non
210 1113 377 1189 quaerere
409 1083 581 1177 praesidia
609 1093 730 1151 contra
763 1079 838 1147 cius
864 1078 1096 1154 voluntatem.
1151 1102 1252 1160 mur,
1282 1079 1388 1147 etiam
1413 1079 1651 1149 incentionem
1674 1103 1748 1150 esse
1773 1083 1930 1175 reliquae
1955 1082 2129 1155 interimit

114 1199 164 1271 lli
184 1209 268 1269 suut
291 1188 409 1261 arcani
430 1187 564 1268 cultus,
591 1196 625 1253 et
648 1182 784 1273 proprii
800 1176 1099 1262 Christianorum,
1151 1180 1392 1266 obedientiae,
1420 1192 1454 1249 et
1473 1193 1514 1250 ut
1530 1194 1694 1266 vocatur,
1719 1184 1804 1252 boni
1828 1187 2014 1277 propositi.
2065 1183 2130 1256 Noc

114 1324 203 1397 quos
227 1288 424 1380 intelligere
445 1310 511 1356 nos
536 1297 693 1377 oportet,
720 1295 754 1353 et
770 1306 922 1377 quorum
939 1281 1099 1370 exempla
1153 1282 1286 1351 incoari
1313 1294 1429 1372 posset
1460 1281 1614 1371 primum
1643 1298 1888 1376 praeceptum,
1928 1289 2027 1381 quod
2054 1310 2130 1357 con·

114 1398 384 1491 conspiciuntur
418 1393 456 1460 in
487 1389 560 1457 illis
593 1386 844 1456 excellentibus
874 1384 979 1470 viris,
1011 1404 1101 1476 quos
1153 1386 1317 1453 cionatur
1339 1386 1383 1452 de
1408 1384 1460 1452 ira
1484 1381 1551 1453 Dei
1579 1387 1749 1457 adversus
1769 1401 1972 1479 peccatum,
2000 1413 2075 1460 non
2094 1390 2130 1458 de

113 1504 210 1577 Deus
226 1498 330 1573 uobis
346 1510 515 1586 tanquam
532 1490 717 1578 magistros
733 1485 917 1579 proposuit
930 1487 968 1555 in
984 1485 1101 1555 Abra·
1153 1486 1304 1576 gratuita
1326 1486 1605 1572 condonatione,
1634 1487 1701 1556 nisi
1720 1490 1817 1579 prius
1832 1492 1954 1562 audito
1974 1488 2130 1581 Evange-

114 1604 217 1687 ham,
251 1600 364 1681 lsaac,
399 1594 525 1676 lacob,
559 1586 923 1680 loseph,'Samuele,
954 1585 1115 1671 Davide,
1155 1590 1204 1658 lio
1226 1602 1458 1658 statueremus
1482 1611 1547 1657 nos
1570 1589 1639 1658 fide
1660 1605 1803 1680 propter
1827 1588 2009 1665 Christum
2031 1593 2130 1685 gratis

116 1705 282 1786 Ieremia,
313 1698 480 1779 Daniele,
505 1707 539 1765 et
563 1691 751 1764 similibus.
822 1688 909 1760 Vult
929 1691 1013 1760 item
1037 1710 1102 1758 nos
1155 1690 1323 1783 consequi
1340 1690 1582 1760 remissionem
1603 1707 1837 1781 peecatorum.

115 1812 239 1882 ardere
271 1803 390 1874 studio
419 1794 683 1888 cognoscendi,
723 1792 944 1884 propagandi
978 1806 1013 1861 et
1043 1816 1104 1861 or·
1257 1790 1419 1863 lntuetur
1441 1806 1558 1863 autem
1583 1792 1669 1862 tides
1697 1795 1810 1864 lilium
1831 1791 1899 1864 Dei
1922 1807 2131 1883 regnantem,

115 1910 228 1983 nandi
244 1900 444 1993 Evangelii.
496 1899 554 1975 Ad
580 1893 676 1965 hunc
699 1895 834 1965 cultum
856 1896 958 1964 docet
981 1914 1104 1962 omnes
1156 1905 1190 1964 et
1207 1893 1272 1964 scit
1287 1895 1389 1963 illum
1405 1918 1480 1962 nou
1496 1894 1650 1964 otiosum
1673 1919 1768 1980 esse,
1793 1896 1854 1966 sed
1875 1896 2016 1966 assidue
2037 1898 2131 1967 belli-

118 2012 305 2110 praeeipue
329 2003 512 2081 conditos,
547 2013 688 2069 renatos
715 2011 750 2066 et
773 2008 916 2066 vocatos
938 2019 1028 2079 esse,
1054 1995 1103 2064 si·
1157 1995 1270 2086 gerari
1287 2019 1367 2066 cum
1383 1996 1545 2076 diabolo,
1572 1997 1635 2089 qui
1657 2020 1730 2067 non
1752 1997 1883 2067 desinit
1903 2020 2043 2070 summa
2065 2021 2131 2069 ssc-

118 2128 177 2189 cut
194 2114 242 2182 alt
258 2107 400 2179 Petrus:
425 2101 552 2173 Vocati
568 2124 609 2171 ex
624 2099 798 2182 tenebris,
823 2110 864 2168 ut
879 2098 1049 2168 enarretis
1064 2121 1105 2167 ac
1160 2098 1242 2168 vitia
1257 2111 1293 2168 et
1308 2098 1433 2168 astutia
1447 2100 1597 2188 grassari
1619 2098 1658 2167 in
1681 2102 1840 2169 membra
1857 2095 2012 2186 Christi,
2038 2100 2131 2191 pelli-

117 2211 300 2290 celebretls
316 2206 485 2280 beneficia
496 2201 577 2274 Dei.
606 2199 676 2273 ‚Et
693 2201 731 2268 in
748 2199 981 2272 psalmat:
1007 2196 1105 2270 Con·
1158 2199 1206 2271 eit
1228 2200 1369 2270 insidiis
1393 2200 1431 2267 in
1454 2212 1614 2292 peccata,
1646 2202 1684 2269 in
1708 2203 1824 2273 tristes
1849 2224 1971 2286 casus,
1997 2216 2038 2272 ut
2059 2203 2131 2272 inde

117 2320 243 2391 fitebor
263 2313 330 2383 tibi
352 2311 390 2378 in
414 2306 570 2378 Ecclesia
594 2325 731 2392 magna.
788 2297 836 2372 Et
859 2300 975 2371 Psalm
999 2296 1104 2372 tta:

117 2421 212 2491 Vota
235 2438 311 2484 mea
333 2411 491 2481 Domino
519 2407 664 2476 reddam
694 2427 813 2472 coram
840 2405 939 2473 omui
961 2405 1106 2495 populo,

119 2524 160 2593 in
180 2519 280 2591 atrlis
302 2518 429 2585 domus
443 2507 512 2580 Dei
533 2507 657 2579 nostri.
709 2504 797 2575 Vult
819 2528 884 2574 uos
911 2504 948 2574 in
972 2507 1107 2596 proles-

119 2627 219 2697 sionc
241 2614 426 2706 Evangelii
452 2625 628 2703 praestare
659 2609 915 2690 constantiam,
951 2607 990 2677 in
1012 2607 1106 2676 aflli-

120 2724 299 2797 ctionibus
319 2715 577 2793 obedientiam,
617 2723 652 2781 et
673 2712 718 2779 ab
741 2710 816 2799 ipso
844 2723 962 2798 petere
987 2732 1026 2778 ac
1048 2731 1107 2778 ex-

119 2839 259 2922 pectare
282 2820 467 2891 auxilium.
528 2810 617 2883 Vult
641 2835 705 2883 nos
728 2836 869 2895 cavere,
910 2834 953 2880 ne
976 2811 1108 2881 nostris

121 2927 245 3001 erratis
257 2916 320 2994 aut
337 2922 438 2992 malis
455 2916 621 3008 exemplis
638 2913 801 2990 scandala
814 2913 1014 2999 excitemus,
1031 2912 1108 2983 vult

119 3055 187 3102 uos
202 3027 356 3099 relutare
371 3047 409 3093 ae
424 3021 539 3090 odisse
562 3017 670 3107 impia
693 3018 877 3105 dogmata,
903 3040 976 3084 non
995 3016 1109 3085 colla-⁸

120 3136 204 3204 dere
224 3152 305 3200 cum
331 3123 472 3216 organis
496 3120 648 3204 diaboli,
683 3141 772 3210 quae
794 3134 969 3187 conantur
989 3118 1108 3185 delere

119 3232 367 3321 Evangelium.
421 3224 491 3296 Sed
515 3246 589 3291 non
613 3221 752 3289 institui
774 3215 832 3289 hic
848 3218 1106 3289 enarrationem

121 3332 298 3421 decalogi,
330 3331 370 3398 iu
403 3350 506 3427 quem
540 3337 660 3394 tamen
693 3322 772 3413 pios
804 3343 943 3413 semper
976 3320 1108 3391 intueri

122 3447 284 3532 oportet,
312 3446 345 3502 et
371 3427 595 3500 considerare
617 3446 722 3518 quam
751 3424 883 3509 multa,
914 3445 1040 3512 magna
1074 3437 1109 3492 et

122 3540 231 3613 ardua
248 3535 363 3603 officia
382 3529 643 3618 complectatur.

224 3635 279 3715 De
293 3631 445 3713 secunda
459 3629 679 3723 quaestione:
712 3622 761 3698 A:
777 3625 816 3696 in
831 3623 897 3703 hac
911 3638 1031 3696 nostra
1050 3626 1108 3694 in·

123 3740 289 3815 hrmitate
311 3735 491 3831 quomodo
512 3731 602 3799 ellici
623 3743 770 3819 possunt
784 3753 890 3821 opera
906 3742 1023 3812 tanta,
1051 3730 1108 3796 iu-

122 3846 253 3919 teriora
275 3853 309 3911 et
333 3833 528 3906 exteriora?
566 3827 643 3902 Etsi
668 3834 819 3901 exterior
842 3831 1028 3923 disciplina
1050 3842 1109 3900 ut·

124 3968 264 4039 cunque
281 3938 447 4033 praestari
464 3948 574 4029 potest
592 3931 747 4003 humana
763 3934 966 4024 diligentia,
989 3947 1107 4002 tamen

123 4064 241 4121 motus
265 4040 465 4135 spirituales
490 4035 581 4107 ellici
603 4059 676 4104 non
700 4050 849 4125 possunt
872 4036 948 4104 sine
971 4033 1109 4124 Spiritu

124 4163 269 4224 sancto:
308 4146 389 4219 ideo
418 4165 498 4211 eum
527 4139 596 4207 lide
625 4137 811 4225 eriguntur
839 4136 965 4218 corda,
1004 4138 1109 4206 datur

122 4251 277 4344 Spiritus
311 4258 470 4324 sarsctus,
503 4234 559 4311 'ut
594 4240 633 4309 in
667 4239 797 4308 animis
838 4239 1006 4306 accendat
1041 4261 1108 4306 no-

124 4377 203 4423 vam
219 4351 350 4431 lucem,
376 4361 410 4417 et
431 4344 739 4427 exuscitet-motus
761 4340 861 4442 pios,
893 4339 1109 4412 convenien-

124 4471 176 4528 tes
194 4451 264 4540 legi
284 4449 373 4531 Dei,
398 4447 494 4516 iuxta
510 4445 601 4513 illud
618 4441 738 4512 Pauli:
766 4441 815 4515 Ut
836 4441 1109 4531 promissionem

124 4555 268 4648 spiritus
285 4548 497 4639 accipiamus
514 4570 576 4635 per
594 4546 712 4617 lidem.
762 4541 811 4614 Et
825 4538 1015 4612 Zachariae
1034 4546 1109 4618 ta:

125 4655 320 4732 Effundam
351 4673 456 4741 super
481 4641 698 4719 habitatores
723 4646 915 4716 Ierusalem
943 4643 1108 4735 spiritum

125 4759 258 4852 gratiae
271 4767 305 4824 ct
319 4775 493 4844 precumg
528 4747 784 4818 Venustissime
797 4746 1007 4836 significavit
1019 4743 1110 4816 Pro-

123 4859 230 4958 pheta
246 4855 433 4953 praecipua
448 4851 563 4922 olbcia
585 4849 740 4942 Spiritus
753 4850 863 4919 sancti
881 4849 919 4917 in
942 4849 1109 4919 cordibus

124 4967 288 5059 piorum,
312 4972 345 5026 et
359 4955 567 5044 praecipuos
581 4953 708 5023 cultus.
755 4949 927 5021 Nominat
943 4950 1108 5049 spiritum

122 5067 275 5158 gratiae,
301 5060 387 5158 quia
402 5080 481 5126 cum
498 5057 567 5125 lide
587 5053 774 5143 erigimur,
799 5050 1109 5142 aSpiritu'sancto

123 5171 353 5244 adiuvamur,
384 5170 426 5229 ut
446 5169 640 5226 statuamus
660 5153 765 5223 nobis
789 5149 903 5221 Deum
927 5174 1001 5222 esse
1024 5177 1109 5243 pro·

122 5272 277 5362 picium,
305 5276 339 5331 ct
362 5282 427 5330 nos
451 5256 604 5327 vicissim
626 5256 695 5346 ipsi
717 5268 876 5346 acceptos
893 5277 976 5328 esse.
1027 5252 1108 5324 Pri-

124 5392 223 5443 mum
247 5388 329 5456 ergo
352 5360 526 5450 significat
549 5359 655 5431 fidem
678 5357 819 5430 excitari
834 5379 857 5427 c
871 5354 1009 5448 Spiritu
1024 5378 1108 5427 sau-

1158 2298 1339 2394 pertrahat
1371 2301 1410 2371 iu
1452 2302 1760 2393 desperationem,
1803 2304 1961 2374 offundit
1993 2327 2131 2386 errores,

1158 2405 1342 2474 coufirmat
1356 2402 1548 2495 Epicureos
1564 2405 1769 2495 opiniones,
1795 2428 1885 2499 quae
1907 2406 2131 2477 blandiuntur

1159 2506 1298 2576 levibus
1315 2505 1477 2594 ingeniis.
1510 2504 1635 2579 lucitat
1649 2521 1830 2600 tyrannos,
1848 2521 1886 2578 ut
1903 2509 2065 2598 gigantea
2079 2532 2132 2578 au·

1159 2608 1257 2677 dacia
1274 2621 1449 2679 conentur
1462 2606 1578 2676 delere
1593 2631 1724 2679 nomen
1740 2607 1889 2693 Christi,
1908 2623 1942 2679 et
1956 2623 2131 2681 exerceant

1159 2709 1428 2780 iniustissimam
1463 2709 1720 2784 crudelitatem.
1788 2709 1878 2781 Cum
1912 2728 2030 2783 autem
2060 2713 2130 2784 setis

1160 2824 1294 2883 constet
1313 2813 1418 2902 longe
1439 2811 1707 2881 imbecilliorem
1732 2836 1804 2883 esse
1826 2808 2024 2905 humanam
2042 2829 2132 2885 natu·

1159 2939 1256 2997 ram,
1282 2939 1388 3005 quam
1404 2927 1443 2983 ut
1459 2930 1529 2985 tam
1544 2914 1747 3002 vigilantem
1764 2940 1803 2983 ac
1818 2917 1984 2987 rabidum
2008 2912 2130 2988 hostem

1160 3016 1236 3084 sine
1252 3016 1392 3086 coelesti
1411 3016 1543 3085 auxilio
1560 3017 1699 3086 vincere
1716 3017 1842 3106 possit:
1870 3019 1948 3087 ideo
1969 3021 2055 3089 fides
2069 3042 2130 3089 roe·

1160 3118 1266 3187 miuit
1286 3119 1384 3207 regui
1406 3114 1559 3202 Christi,
1590 3119 1655 3189 scit
1680 3142 1761 3187 eum
1785 3132 1864 3210 post
1887 3121 2039 3211 primam
2061 3144 2129 3213 pro·

1160 3221 1363 3289 missionem
1382 3243 1520 3310 semper
1536 3220 1689 3290 adfuisse
1710 3222 1797 3311 piis,
1821 3245 1900 3289 cum
1924 3221 2130 3293 dictumest:

1161 3320 1298 3392 Semerr
1314 3321 1473 3391 mulieris
1496 3335 1653 3393 conteret
1680 3337 1786 3413 caput
1813 3328 2007 3413 serpentis,
2039 3347 2130 3418 quaro

1161 3422 1372 3493 sententiam
1404 3421 1555 3492 loannes
1584 3425 1701 3493 reddit
1729 3419 1785 3493 his
1808 3426 1941 3495 verbis:
1984 3423 2131 3497 Christus

1161 3527 1342 3616 apparuit,
1365 3539 1406 3596 ut
1425 3527 1580 3596 destruat
1594 3550 1701 3616 opera
1718 3527 1864 3599 diaboli.
1896 3527 2026 3599 Adluit
2043 3527 2129 3598 lacob

1161 3643 1194 3699 et
1209 3628 1389 3697 benedixit
1406 3627 1450 3710 ei,
1479 3640 1513 3697 et
1527 3627 1749 3700 confirmavit
1764 3652 1844 3698 eum
1860 3627 1997 3720 Spiritu
2013 3645 2129 3701 sancto:

1160 3729 1273 3800 adluit
1299 3726 1461 3810 Danieli,
1502 3730 1703 3822 etquidem
1735 3754 1816 3799 cum
1846 3756 1887 3800 eo
1919 3733 2132 3828 colloquitur.

1161 3831 1220 3905 Sic
1243 3845 1366 3921 regnat
1384 3832 1510 3921 igitur,
1535 3846 1575 3901 ut
1597 3831 1669 3900 suis
1692 3833 1862 3902 membris
1883 3835 1993 3919 adsit,
2018 3836 2132 3906 conlis-

1161 3947 1232 4004 met
1252 3957 1291 4002 ea
1308 3957 1373 4002 suo
1390 3933 1537 4023 spiritu,
1563 3947 1598 4002 et
1621 3946 1714 4022 tegat
1729 3948 1857 4021 contra⁸
1869 3936 2017 4006 insidias
2031 3952 2065 4007 et
2079 3937 2132 4006 im·

1161 4049 1262 4126 petus
1285 4035 1431 4106 diaboli.
1492 4032 1625 4123 Quales
1646 4048 1763 4105 autem
1786 4050 1821 4107 et
1843 4063 1950 4129 quam
1975 4041 2131 4129 gloriosae

1160 4138 1232 4208 sint
1257 4137 1345 4207 tales
1367 4137 1553 4216 victoriae,
1582 4137 1783 4226 significant
1806 4141 1964 4230 exempla
1985 4139 2131 4222 Doridis,

1161 4234 1354 4322 Ezechiae,
1385 4235 1566 4319 Danielis,
1605 4254 1639 4309 et
1659 4238 1808 4309 similia:
1844 4256 1878 4311 et
1899 4246 2062 4316 ostendet
2080 4239 2134 4321 hut

1160 4335 1361 4433 triumphos
1386 4334 1548 4419 Christus
1563 4341 1602 4409 in
1625 4341 1890 4412 resuscitatione
1914 4361 2134 4428 mortuorum,

1161 4443 1227 4512 etsi
1254 4444 1409 4512 mundus
1430 4466 1526 4513 nuuc
1551 4465 1606 4529 res
1630 4456 1745 4513 tantas
1767 4445 1914 4535 negligit
1937 4461 1973 4518 et
2001 4450 2133 4521 deridet.

1161 4542 1231 4615 Sed
1255 4545 1307 4634 pii
1332 4540 1417 4614 haec
1440 4544 1571 4635 praelia
1601 4568 1674 4613 non
1706 4547 1855 4615 omnino
1883 4550 2070 4637 ignorant,
2102 4573 2134 4620 sc

1160 4646 1291 4736 singuli
1308 4646 1346 4714 in
1363 4645 1436 4714 suis
1453 4647 1617 4737 periculis
1631 4647 1737 4715 fidem
1760 4671 1918 4718 exercere
1940 4652 2086 4731 debent,
2107 4664 2135 4722 tl

1161 4770 1348 4838 agnoscere
1375 4771 1415 4816 ac
1437 4749 1602 4819 invocare
1624 4749 1748 4819 ducem
1763 4745 1965 4838 Christum,
1993 4768 2031 4824 et
2055 4756 2135 4825 fidu·

1161 4851 1215 4919 cia
1237 4850 1349 4939 ipsius
1378 4850 1542 4939 praeliari
1571 4874 1652 4918 cum
1686 4849 1850 4936 diabolo,
1887 4877 1955 4923 nec
1984 4854 2135 4927 oblivisci

1162 4951 1268 5018 verba
1286 4949 1447 5019 loannis:
1481 4945 1642 5022 Christus
1667 4953 1705 5020 in
1730 4947 1796 5022 hoc
1816 4955 2000 5043 apparuit,
2025 4973 2065 5030 ut
2083 4960 2135 5029 dc-

1161 5063 1273 5121 struat
1287 5075 1391 5142 opera
1409 5052 1555 5124 diaboli.
1605 5052 1701 5123 Hinc
1715 5053 1864 5144 intelligi
1881 5070 2019 5154 potest,
2044 5061 2135 5131 fidem

1160 5176 1234 5223 non
1258 5176 1331 5222 ease
1352 5152 1500 5247 otiosam
1525 5154 1820 5243 speculationem,
1852 5159 1913 5225 sed
1937 5159 2056 5232 lucem
2081 5187 2135 5254 gu·

1159 5255 1367 5326 bernantem
1404 5279 1527 5325 omues
1560 5257 1715 5336 artiones
1756 5273 1790 5330 et
1821 5261 1941 5330 omnia
1977 5265 2135 5355 pericula.

1160 5353 1352 5429 Possumus
1366 5357 1474 5446 igitur
1489 5358 1630 5430 incoarc
1645 5360 1883 5433 obedientiam
1906 5364 2024 5447 adiuti
2040 5393 2061 5440 a
2076 5368 2136 5465 filit
