4522 5782
166 194 245 275 m
771 164 1279 250 mmurnscntrm
1307 170 1610 253 rrecnrtca.
2125 168 2194 251 stt

172 371 372 459 tutio,qoae
384 372 438 433 est
451 361 572 431 futura
590 352 691 448 quasi
707 347 919 420 resurrectio
936 371 978 416 er
997 343 1161 416 mortuis.
1214 346 1289 416 siae
1310 347 1446 417 deletae
1470 361 1565 419 sunt.
1617 345 1666 419 Et
1680 346 1717 417 in
1736 345 1880 439 Europa
1897 344 2058 439 Papatns
2075 343 2196 417 consti·

173 469 357 562 Significat
379 475 495 533 autem
517 459 597 527 ideo
623 455 797 544 reliquam
832 450 1001 518 maiorem
1028 459 1162 538 partem
1215 448 1285 518 tuit
1309 447 1542 539 multiplicem
1562 449 1787 534 idolatriam,
1819 450 2069 520 invocationes
2091 440 2196 516 homi·

176 574 340 644 relectam
356 588 449 647 ²⁸⁸²,
474 561 558 654 qula
575 557 643 626 full
660 554 828 624 includit*
852 551 1098 640 Ρθῑῦῑῑδδὶῡῦθ,
1125 569 1164 615 ⁸0
1216 574 1303 618 num
1326 563 1567 634 mortuorum,
1593 552 1877 641 profanationem
1901 573 2037 622 coenae
2060 546 2197 619 Domini

176 697 250 745 esse
272 668 445 761 populum
468 660 532 732 Dei
556 672 590 728 et
615 655 825 736 Ecclesiam,
874 666 1017 741 propter
1040 671 1164 738 genus,
1218 653 1255 719 in
1280 648 1409 738 Missa,
1445 664 1479 721 et
1503 652 1541 719 iu
1565 653 1907 743 circumgestatione.
1959 651 2073 735 ltem,
2107 650 2197 719 satis-

177 777 314 864 legem,
345 763 582 842 ceremonias,
614 774 649 826 et
673 756 856 826 meritum:
885 775 948 820 nec
974 752 1072 820 aliud
1107 749 1164 817 iu·
1216 752 1388 821 factiones
1404 765 1439 821 et
1456 748 1704 823 Monachatus.
1757 752 1867 836 ltem,
1903 752 2054 822 ertiuxit
2078 752 2198 820 doctri-

179 877 389 949 tellererunt
420 887 493 935 esse
524 859 740 946 Ecclesiam,
780 855 848 922 nisi
884 849 974 921 hanc
1005 850 1164 940 politiam
1218 877 1301 922 uam
1324 856 1368 921 de
1388 853 1512 923 officiis
1528 878 1759 945 personarum
1774 854 2002 939 Divinitatis,
2029 868 2066 924 et
2087 854 2199 922 dein·

181 973 377 1047 Iudaicam.
402 965 505 1036 Nunc
521 985 604 1030 vero
623 955 745 1050 hi,qui
762 956 1002 1042 recipiuntur,
1018 953 1166 1032 discent,
1218 953 1439 1027 stificatione.
1494 950 1542 1025 Et
1564 978 1659 1024 ntrnc
1686 956 1801 1046 palam
1832 969 1996 1025 exercent
2021 952 2200 1024 Ponaifim

181 1076 282 1149 aliud
305 1093 377 1141 esse
397 1065 577 1158 politiam,
603 1061 700 1131 aliud
719 1055 934 1138 Ecclesiam,
960 1055 1056 1122 aliud
1082 1075 1167 1142 pro-
1219 1054 1400 1125 saevitiam
1420 1054 1456 1122 in
1472 1080 1551 1140 eos,
1577 1057 1637 1148 qui
1661 1057 1850 1147 puritatem
1865 1054 2061 1147 Evangelii
2077 1054 2200 1147 ampla·

183 1175 387 1248 missionem
411 1170 587 1237 honorum
612 1158 871 1257 corporalium,
894 1157 990 1225 aliud
1015 1153 1169 1245 promis·
1220 1169 1377 1228 ctuntur.
1430 1153 1532 1227 Hanc
1548 1157 1785 1227 desertionem
1803 1159 1842 1228 in
1859 1158 2012 1228 maxima
2034 1168 2199 1249 partege·

185 1279 320 1350 sionem
354 1269 486 1361 gratiae
513 1278 546 1334 et
575 1265 665 1331 vitae
698 1275 870 1332 aeternae.
929 1255 1076 1325 Discent
1103 1252 1168 1324 toti
1223 1260 1318 1325 neris
1340 1252 1489 1326 humani
1515 1258 1685 1349 praedicit
1706 1256 1936 1345 hicPaulus,
1960 1274 1996 1330 et
2016 1262 2199 1328 tamenin·

185 1376 383 1459 Ecclesiae,
412 1366 589 1439 Gentibus
616 1377 648 1432 et
672 1360 828 1444 ludaeis,
879 1360 976 1427 velut
1001 1355 1171 1440 mortuis,
1222 1372 1277 1429 ter
1299 1353 1363 1427 has
1388 1358 1511 1428 ruinas
1534 1372 1649 1430 servat
1667 1358 1765 1431 Deus
1787 1362 1957 1455 reliquias
1979 1359 2142 1452 aliquas,
2164 1381 2202 1425 ne

187 1477 291 1552 reddi
314 1472 490 1544 iusticiam
507 1481 541 1536 et
566 1466 674 1533 vitam
699 1475 876 1534 aeternam
903 1472 1047 1550 propter
1072 1454 1171 1526 Mes-
1225 1472 1339 1528 totum
1355 1481 1465 1548 genus
1492 1455 1688 1530 humanum
1705 1463 1834 1533 frugem
1857 1476 1892 1534 eg
1915 1475 2063 1534 „mum
2080 1461 2125 1531 ,d
2139 1459 2203 1528 αὶ,

187 1583 296 1663 sum,
331 1590 363 1645 et
381 1591 539 1664 pereum
561 1588 635 1635 non
660 1576 805 1657 propter
826 1561 937 1649 legem
960 1572 1022 1629 aut
1045 1557 1170 1628 merita
1225 1560 1315 1631 tium
1340 1575 1516 1633 uexatur.
1574 1560 1672 1633 llaec
1693 1563 1977 1649 consideremus,
2020 1574 2060 1632 et
2083 1560 2204 1633 ωείοεε

189 1678 391 1754 hominum·
1225 1684 1309 1732 cura
1330 1660 1676 1754 circumspiciamus,
1716 1688 1805 1759 quae
1828 1679 1863 1736 et
1884 1664 1950 1736 ubi
1972 1663 2023 1735 sit
2045 1656 2204 1749 Ecclesia,

291 1777 347 1851 De
369 1772 426 1845 his
448 1771 555 1843 tantis
576 1769 680 1838 rebus
701 1760 759 1836 hic
779 1763 1011 1836 concionatur
1032 1758 1175 1844 Paulus,
1227 1776 1262 1834 et
1284 1786 1350 1832 nos
1369 1765 1413 1833 ad
1435 1788 1511 1833 eam
1528 1764 1772 1856 adiungamus.

192 1904 329 1974 semper
344 1878 382 1947 in
395 1884 585 1962 conspectu
602 1877 674 1937 esse
688 1880 829 1959 oportet
853 1860 946 1935 hanc
962 1863 1175 1941 doctrinam,

194 1984 293 2057 aliud
316 1972 596 2051 esseEcclesiam
621 1969 706 2055 Dei,
733 1969 828 2038 aliud
853 1967 1011 2058 politiae,
1037 1987 1098 2033 seu
1119 1986 1175 2032 re-

196 2110 264 2177 gna
293 2077 442 2155 mundi,
483 2074 555 2142 sive
586 2069 790 2151 Iudaicum,
832 2070 906 2137 sive
940 2065 1176 2157 pontificium:

196 2186 281 2282 qnia
305 2183 400 2252 lilius
421 2175 508 2259 Dei,
536 2171 597 2267 qui
620 2185 671 2242 est
694 2184 799 2263 caput
823 2166 1018 2251 Ecclesiae,
1044 2165 1178 2252 colligit

197 2312 274 2359 eam
300 2306 384 2354 voce
407 2275 592 2366 Evangelii
617 2273 744 2364 passim
773 2296 815 2340 ex
837 2271 985 2340 diversis
1009 2267 1180 2356 imperiis,

199 2405 234 2463 et
258 2379 450 2460 sanctificat
471 2401 546 2448 eam
570 2373 709 2464 Spiritu
732 2396 796 2442 suo
819 2385 958 2455 sancto,
996 2368 1115 2437 incoat
1141 2366 1179 2434 iu

202 2493 253 2561 eis
269 2500 447 2559 aeternam
463 2477 638 2549 iusticiam
656 2487 691 2545 et
706 2476 815 2544 vitam
833 2473 870 2540 iu
887 2474 1005 2541 eorde.
1043 2472 1180 2540 luteres

202 2595 241 2663 in
257 2588 323 2660 bac
338 2587 409 2658 vita
424 2583 462 2650 in
485 2577 583 2649 civili
603 2575 857 2647 consuetudine
879 2572 965 2643 sinit
988 2594 1049 2641 sua
1071 2595 1183 2638 mem·

204 2696 268 2766 bra
296 2689 349 2761 uti
371 2686 508 2774 legibus
536 2678 792 2769 imperiorum,
828 2677 866 2743 in
890 2673 1019 2768 quibus
1041 2673 1184 2753 vivunt,

206 2787 483 2882 congruentibus
504 2805 585 2852 cum
611 2778 775 2857 ratione,
816 2777 906 2846 sicut
930 2774 1013 2843 sinit
1043 2796 1101 2841 eos
1131 2773 1182 2840 uti
1343 2772 1434 2844 Nota
1458 2774 1502 2843 sit
1524 2789 1643 2843 autern
1667 2787 1741 2843 tota
1763 2774 1887 2844 concio
1900 2768 2034 2847 Esaiae
2056 2773 2096 2843 in
2115 2773 2217 2863 capita

208 2890 440 2966 dissimilibus
467 2882 589 2976 spatiis
616 2880 754 2950 dierum
778 2894 814 2950 et
841 2877 999 2948 noctium
1024 2891 1088 2947 etc.
1141 2868 1186 2942 Et
1239 2872 1321 2958 59„
1350 2876 1432 2966 quia
1452 2874 1862 2945 continetdnlctssimam
1885 2876 2090 2946 doctrin-,m
2105 2877 2218 2944 deb„

208 2996 351 3090 quidem
372 3011 453 3059 vera
469 2984 629 3056 collectio
646 2977 822 3050 Ecclesiae
837 2979 887 3048 sic
906 2977 962 3057 lit,
985 2990 1024 3047 ut
1046 2975 1189 3045 restitu-
1241 2976 1373 3046 neliciis
1393 2971 1527 3045 Cbristi
1554 2991 1588 3046 et
1609 2979 1653 3044 de
1678 2973 1856 3060 Ecclesia,
1880 2980 2041 3048 ostendit
2065 2977 2154 3070 quid
2180 2976 2217 3045 sit

114 3128 117 3133 ·
208 3102 259 3171 tio
284 3095 376 3163 vitae
400 3115 441 3162 cs
463 3099 593 3166 morte,
627 3083 663 3151 id
679 3096 746 3167 est,
773 3078 911 3152 Omnes
926 3093 1009 3148 sunt
1026 3078 1092 3146 sub
1110 3099 1189 3166 pcc·
1243 3100 1323 3146 vera
1346 3073 1520 3159 Ecclesia,
1554 3091 1587 3147 et
1609 3078 1762 3148 affirmat
1783 3100 1921 3170 semper
1943 3080 2106 3172 aliquam
2133 3078 2220 3146 tutu.

211 3212 287 3271 cato
303 3209 336 3263 et
353 3193 405 3264 rei
422 3192 493 3260 irae
509 3184 593 3270 Dei,
620 3210 685 3254 nec
704 3197 848 3274 propter
862 3183 973 3269 legem
991 3193 1051 3250 aut
1066 3177 1191 3247 merita
1244 3200 1433 3249 ramesse:
1469 3176 1597 3248 Veniet
1620 3202 1660 3248 er
1683 3177 1772 3250 Sion
1793 3181 1992 3265 redemtor,
2034 3180 2098 3250 ubi
2127 3202 2219 3247 voca·

213 3298 357 3393 propria
378 3297 469 3363 fiunt
485 3286 655 3359 haeredes
671 3286 762 3354 vitae
786 3295 965 3366 aeternae,
1001 3282 1062 3351 sed
1083 3277 1192 3369 gratis
1244 3280 1320 3350 buli
1344 3275 1520 3369 emphasis
1541 3293 1624 3350 nota
1646 3280 1711 3362 sit,
1736 3279 2021 3362 Redemtorest,
2062 3279 2125 3374 qui
2147 3281 2219 3348 dato

213 3411 357 3495 propter
380 3394 492 3462 fillum
514 3388 594 3456 fide·
1245 3380 1359 3473 pretio
1391 3380 1499 3449 alium
1533 3381 1672 3453 liberat.
1729 3377 1777 3452 Et
1806 3394 1942 3453 avertet
1968 3382 2180 3475 iniquitates
2202 3406 2219 3446 a

315 3495 411 3565 llaec
427 3490 588 3560 doctrina
602 3499 636 3557 et
652 3484 846 3554 consolatio
868 3482 907 3551 in
926 3477 984 3550 his
999 3481 1116 3551 verbis
1138 3501 1194 3548 rc·
1247 3480 1369 3551 lacob:
1413 3482 1494 3550 ideo
1511 3483 1666 3554 mittitur
1680 3477 1860 3569 Christus,
1903 3498 1945 3555 ut
1967 3507 2096 3553 revera
2119 3483 2223 3551 deleat

217 3600 324 3696 petita
350 3608 419 3678 est,
453 3594 579 3683 inqua
600 3602 719 3679 postea
742 3598 1000 3668 commoratur,
1021 3583 1107 3652 etin
1125 3581 1194 3648 line
1247 3595 1386 3675 peccata
1408 3583 1589 3666 omnium,
1614 3585 1676 3675 qui
1698 3586 1848 3655 credunt
1869 3584 1907 3652 in
1923 3608 2020 3658 eum.
2072 3581 2123 3654 Et
2139 3580 2223 3667 cogi·

218 3702 317 3773 addit
341 3691 591 3786 epiphonema:
632 3685 816 3757 conclusit
838 3708 962 3755 omnes
984 3686 1051 3753 sub
1074 3704 1195 3773 pecca·
1248 3699 1341 3755 tuor
1362 3683 1538 3772 integrum
1560 3685 1789 3770 beneficium,
1813 3684 1968 3755 restituit
1988 3686 2105 3755 vitam
2128 3701 2161 3754 et
2177 3684 2223 3750 tu-

217 3821 313 3886 lum,
338 3795 551 3868 *Ummium
566 3790 789 3868 misereatur,
817 3787 1043 3880 quasidicat:
1069 3783 1197 3872 Arguit
1250 3785 1384 3856 sticiam
1403 3800 1604 3871 aeternam,
1635 3787 1725 3857 sicut
1739 3802 1773 3857 et
1787 3784 1916 3856 Daniel
1933 3786 2112 3878 loquitur.
2162 3782 2223 3854 De·

219 3915 415 3999 peccatum,
447 3919 521 3964 non
544 3905 584 3962 ut
606 3892 747 3983 perdat,
782 3893 842 3957 sed
866 3903 904 3958 ut
921 3889 1040 3977 agnito
1059 3898 1198 3976 peccato
1250 3888 1335 3954 inde
1364 3884 1415 3954 ibi
1445 3882 1567 3956 Esaias
1594 3888 1694 3957 addit
1721 3887 1929 3957 concionem
1961 3888 2007 3956 de
2036 3883 2222 3957 Ecclesiae:

221 4009 403 4077 credamus
418 3992 655 4089 promissioni,
675 4006 708 4060 at
726 4014 953 4078 agnoscamus
967 3990 1093 4069 lilium,
1107 3987 1198 4054 sicut
1252 3985 1329 4057 lloc
1351 4000 1402 4056 est
1429 3990 1553 4059 foedus
1575 4013 1692 4058 meum
1718 4013 1797 4059 cum
1819 3990 1887 4073 eis,
1922 3989 2013 4058 dicit
2044 3986 2225 4063 Dominus,

220 4112 258 4178 in
281 4107 480 4176 iuramento
497 4096 644 4166 dicitur:
678 4090 769 4181 Vigo
792 4115 877 4179 ego,
913 4091 999 4161 dicit
1012 4087 1200 4168 Dominus,
1251 4089 1399 4180 spiritus
1415 4113 1530 4173 meus,
1555 4091 1618 4183 qui
1640 4103 1690 4159 est
1710 4092 1748 4159 in
1771 4103 1823 4176 te,
1847 4104 1882 4161 et
1895 4091 2004 4159 verba
2021 4110 2226 4183 mea,·quae

221 4210 306 4280 uolo
331 4218 480 4276 mortem
509 4193 719 4290 peccatoris,
760 4196 821 4264 sed
844 4206 884 4264 ut
912 4203 1138 4263 convertatur
1167 4202 1201 4257 et
1254 4191 1356 4282 posui
1374 4190 1489 4260 inore
1507 4206 1587 4275 tuo,
1614 4191 1925 4262 nonrecedentab
1944 4215 2008 4261 ore
2033 4205 2117 4273 tuo,
2142 4207 2177 4261 et
2189 4189 2226 4259 ab

221 4313 326 4383 vivat.
987 4382 991 4387 ι
1253 4316 1315 4359 ore
1339 4292 1483 4361 seminis
1505 4294 1577 4378 toi,
1604 4317 1700 4362 nunc
1721 4308 1755 4366 et
1774 4317 1885 4387 usque
1906 4293 1945 4361 in
1965 4294 2226 4385 sempiternum,

1255 4393 1380 4472 idest,
1412 4387 1560 4464 baecest
1586 4418 1665 4462 vera
1683 4391 1857 4477 Ecclesia,
1889 4394 2018 4486 inqua
2038 4407 2144 4466 sonat
2160 4416 2227 4461 ver·
2255 4426 2259 4487 «Ι

1256 4496 1340 4562 bum
1363 4495 1483 4560 datum
1508 4493 1628 4564 Esaiae
1648 4498 1693 4564 de
1713 4500 1910 4566 redemtore
1943 4496 2095 4567 tollente
2120 4517 2227 4587 pecca·

327 4600 549 4673 Vaticinatur
572 4596 704 4665 9⁸⁰¹·ss
729 4596 772 4662 (¹0
794 4595 898 4663 tulna
919 4589 1095 4660 Ectlsslae
1115 4611 1200 4677 gen·
1257 4608 1343 4677 tum,
1359 4608 1391 4664 et
1407 4595 1445 4662 in
1464 4619 1501 4663 ea
1518 4610 1611 4666 certo
1627 4599 1889 4669 sanctificantur
1902 4596 2225 4688 credentesSpiritu

225 4711 326 4783 tium.
388 4701 426 4770 ld
454 4712 598 4768 eventus
622 4696 787 4765 ostendit.
844 4692 971 4764 Statim
997 4704 1075 4781 post
1095 4691 1202 4760 disci·
1256 4709 1387 4768 sancto.
1440 4695 1564 4764 Talem
1580 4694 1771 4769 Ecclesiam
1783 4722 1920 4790 semper
1935 4722 2143 4769 mansuram
2163 4715 2224 4765 aare

225 4812 329 4906 pulos
343 4800 597 4902 Apostolorum
614 4811 752 4866 exortae
775 4808 858 4864 sunt
872 4790 1064 4863 horribiles
1078 4808 1203 4877 sectae,
1255 4797 1427 4880 affirmat,
1445 4821 1648 4891 quanquam
1668 4801 1754 4869 alias
1774 4802 1902 4891 magis,
1926 4800 2018 4870 alias
2032 4794 2151 4870 minus
2164 4798 2222 4867 ire-
2260 4863 2261 4879 2

225 4929 259 4985 ct
286 4932 365 4982 cum
397 4900 565 4995 paulatim
594 4897 862 4967 dilacerationes
889 4896 1040 4964 maiores
1068 4893 1202 4979 fierent,
1255 4920 1367 4990 quens
1393 4910 1460 4966 est:
1501 4914 1536 4969 et
1558 4902 1642 4991 quia
1666 4925 1767 4992 saepe
1796 4903 1857 4973 lus
1886 4902 2076 4973 doctrinae
2102 4898 2142 4971 fit
2167 4898 2220 4966 ob·

225 5011 362 5086 invenit
391 4998 616 5073 Mahometus
651 5011 874 5089 praeparatos
897 4996 1089 5064 multorum
1124 4996 1201 5063 ani·
1254 4998 1408 5083 scurior‚
1442 5000 1537 5069 lilius
1561 4999 1628 5072 Dei
1655 5005 1807 5073 subinde
1832 5026 1909 5072 eam
1938 5004 2113 5087 restituit,
2145 5000 2219 5070 sicut
2259 5016 2261 5051 i

1331 1910 1444 1984 Addit
1467 1915 1574 1984 etiarn
1598 1914 1729 1986 Paulus
1753 1914 1961 1986 vaticinium
1985 1916 2037 1985 de
2061 1915 2208 1985 'conver-

1229 2017 1329 2087 sione
1361 2015 1588 2101 ludaeorum,
1627 2024 1722 2111 quod
1753 2018 1803 2089 sic
1832 2015 2020 2105 intelligo,
2060 2017 2209 2087 futurum

1231 2139 1323 2202 esse,
1350 2130 1389 2186 ut
1403 2118 1555 2186 subinde
1577 2141 1688 2210 usque
1710 2119 1754 2187 ad
1778 2118 1883 2187 finem
1899 2118 2031 2188 mundi
2051 2116 2161 2210 aliqui
2175 2138 2210 2183 er

1232 2218 1371 2289 ludaeis
1394 2233 1657 2292 convertantur.
1707 2217 1849 2289 Essaiae
1874 2218 2013 2290 dictum
2030 2218 2211 2289 conciona-

1233 2335 1293 2390 tur
1314 2322 1360 2388 de
1381 2321 1537 2389 adventu
1555 2318 1717 2389 Messiae.
1768 2319 1858 2390 Cum
1884 2344 1925 2390 ex
1951 2320 2097 2410 virgine
2119 2332 2213 2389 natns

1233 2436 1301 2505 est,
1328 2435 1413 2490 tunc
1426 2423 1541 2519 palam
1558 2423 1699 2505 docuit,
1725 2422 1838 2492 edidit
1858 2421 2087 2500 testimonia,
2111 2421 2214 2490 factus

1234 2539 1285 2593 est
1310 2523 1468 2606 victima,
1504 2523 1710 2612 resurrexit,
1738 2523 1833 2593 misit
1849 2520 2028 2617 Spiritum
2053 2535 2215 2601 sanctum,

1236 2636 1270 2693 et
1291 2623 1446 2693 incoavit
1467 2622 1652 2713 Evangelii
1676 2625 1987 2715 praedicationem.

486 4441 590 4519 Nolo
606 4468 668 4514 vos
685 4440 858 4539 ignorare
875 4449 937 4514 etc.

61 5147 70 5165 .
184 5114 188 5119 -
227 5143 301 5186 mres
324 5114 366 5182 ad
390 5129 499 5197 genus
527 5102 707 5171 doctrinae
738 5099 924 5188 plausibile
946 5113 979 5165 et
1003 5096 1198 5183 politicum,
1251 5097 1355 5168 Luna
1387 5101 1473 5169 alias
1507 5101 1611 5176 aliter
1642 5105 1763 5174 lumen
1793 5129 1812 5174 a
1840 5102 1923 5175 Sole
1950 5106 2090 5196 accipit.
2140 5098 2217 5170 llset

224 5245 295 5309 quo
330 5232 472 5303 prorsus
499 5205 637 5274 (letetur
668 5199 911 5288 Evangelium.
972 5195 1024 5267 lta
1059 5198 1096 5265 in
1127 5211 1198 5267 tota
1252 5200 1441 5291 descriptio
1465 5199 1640 5276 Ecclesiae
1669 5208 1762 5296 apud
1796 5201 1940 5276 Esaiam
1968 5207 2136 5277 oannibns
2164 5222 2214 5267 no·
2259 5245 2261 5250 π

224 5315 378 5408 rtpluicn
400 5325 434 5381 et
458 5310 496 5377 iu
521 5327 645 5394 triagnn
670 5314 766 5392 parte
782 5300 886 5369 Asiae
914 5324 1056 5390 prorsus
1075 5295 1196 5368 Eccle-
1251 5301 1384 5372 tissima
1412 5303 1469 5376 sit.
