4522 5782
126 194 206 283 ru
349 127 1602 270 ³:2-..-.·en1n.um.sca1eraaxncurnaz.
1689 194 1692 199 ·
1792 190 1947 259 -ca
2087 194 2110 270 a

133 395 211 453 tam
225 378 412 446 esse'taats
427 365 565 460 ingenii
579 362 811 458 praestantia,
836 366 867 437 is
884 378 1002 437 tamen
1027 364 1122 437 inter
1140 382 1153 452 ἰ
1173 364 1263 436 Nam
1297 365 1336 435 id
1370 388 1513 459 quoque
1542 367 1588 436 ad
1611 361 1842 463 κακοήθειαν
1872 369 1961 441 solet
1993 368 2110 440 amerit

130 479 261 577 pocula
276 473 452 546 interiecit
466 471 639 554 amicum,
665 483 785 561 postea
799 468 925 539 saeviit
939 467 977 537 in
990 468 1124 560 optime
1174 466 1401 539 simulatione
1431 469 1629 557 gratuitatis
1655 472 1787 558 tegitur
1815 470 1953 539 vitium.
2033 466 2110 540 Era

135 579 280 652 meritos
298 575 504 666 Principes,
528 573 672 644 tetidem
687 573 726 640 in
746 572 950 641 convivium
968 574 1013 641 ab
1027 593 1121 641 ama·
1175 571 1341 640 versiculi
1360 567 1572 651 Menandri,
1599 572 1638 640 in
1662 571 1791 666 quibus
1815 570 2110 659 describunturg

136 686 217 757 tore
238 694 404 764 vocatus,
429 678 659 766 datpoenos,
689 697 770 742 cum
789 696 830 741 ex
852 670 1123 763 intemperantia
1175 677 1243 742 dus
1265 673 1411 765 quidam
1444 667 1654 761 hominum,
1694 673 1825 768 quibus
1860 674 2050 767 praecipue
2074 675 2110 745 dt

135 789 175 856 in
198 783 364 854 morbum
386 779 527 850 letalem
549 775 737 844 incidisset.
805 771 901 843 llaec
924 787 959 844 et
982 774 1124 858 similis,
1176 789 1316 845 ctarrtur
1339 785 1553 864 potentcsz.
1672 792 1675 799 ·

133 883 205 959 hoc
223 899 290 970 cst,
315 883 504 953 maximam
519 891 651 970 partem
670 874 837 947 historiae
854 875 1000 962 mundi,
1026 899 1124 945 com·
1262 899 1278 967 ὃ
1294 906 1367 983 βίος
1379 893 1517 983 μάλιστα
1531 910 1596 978 τοῖς
1608 912 1755 989 ”mimi
1768 903 1893 989 ἥδεται,

129 989 306 1082 plectitur
328 983 481 1066 Paulus,
506 979 686 1072 inquiens:
718 974 809 1048 Cum
830 1000 866 1046 se
888 999 962 1046 esse
983 977 1124 1069 sapien·
1261 989 1387 1072 πράττει
1400 988 1429 1050 δ’
1444 983 1460 1052 ὁ
1477 989 1570 1065 κόλαξ
1582 988 1697 1074 ἄριστα
1712 988 1854 1069 πάντων,
1874 989 2020 1077 δεύτερος

141 1107 194 1164 tes
212 1087 468 1180 gloriarentur,
510 1081 609 1152 stulti
630 1103 671 1149 ac
693 1079 776 1148 vani
801 1080 955 1150 luerunt
1030 1079 1125 1151 Satis
1260 1067 1507 1158 ὁοακοφάοτης,
1528 1069 1595 1138 ida*
1608 1075 1771 1158 κακοήθης
1785 1083 1949 1161 τρίτατος,

139 1193 236 1264 euim
254 1192 293 1259 iu
317 1200 414 1259 tante
430 1184 651 1276 turpitudine
666 1182 823 1272 conspici
840 1194 955 1274 potest
968 1177 1126 1252 Alexan-
1180 1220 1184 1225 -
1262 1156 1298 1232 ὃς
1308 1158 1373 1224 ²⁰²²
1386 1158 1489 1233 ‘imit
1500 1158 1746 1248 l‘lfflwdtitivvc
1759 1168 1873 1229 suada.
2095 1262 2097 1266 v

139 1295 198 1365 dri
222 1290 394 1374 amentia,
426 1311 497 1382 quo
531 1298 650 1356 tamen
682 1286 739 1352 vix
771 1284 867 1354 aliud
898 1283 1126 1354 excellentius
1177 1280 1337 1352 Primum
1361 1282 1480 1353 locum
1506 1280 1634 1355 trihuit
1656 1289 1898 1367 adsentatori,
1926 1307 2010 1354 nam
2036 1279 2095 1355 hic

139 1396 208 1467 tuit
222 1392 417 1483 ingenium.
459 1388 665 1458 lntueamur
681 1387 800 1455 animo
817 1400 851 1457 et
865 1401 998 1457 veteres
1014 1381 1126 1455 histo·
1178 1384 1429 1456 dulcissimus?
1460 1386 1643 1475 proximus
1665 1403 1717 1458 est
1741 1390 1898 1474 delator,
1926 1410 1989 1459 seu
2013 1409 2110 1459 ausus

139 1500 232 1581 rias,
256 1509 290 1565 et
307 1492 543 1585 praesentium
559 1503 758 1579 temporum
775 1488 881 1568 vitia,
907 1512 1017 1580 eaque
1031 1487 1125 1575 eogi-
1178 1489 1240 1582 qui
1259 1487 1327 1557 init
1342 1488 1491 1574 gratiam
1512 1490 1727 1578 perferendis
1740 1492 1878 1561 fabellis
1901 1504 1936 1562 et
1956 1490 2110 1580 continge

141 1615 256 1670 temus
280 1620 353 1666 csse
379 1616 511 1683 poenas
542 1604 603 1661 aut
627 1588 803 1683 Cyclopici
828 1603 1026 1659 contemtus
1047 1587 1126 1668 Dei,
1182 1591 1238 1660 dis
1267 1613 1307 1658 ac
1338 1590 1556 1660 instruendis
1586 1591 1786 1664 calumniis.
1853 1591 2018 1662 Tertium
2051 1591 2110 1661 loct

141 1715 204 1771 aut
225 1696 473 1769 idolomaniae.
531 1690 609 1762 Hoc
632 1707 753 1761 monet
777 1690 927 1781 Paulus,
956 1717 1035 1761 cum
1061 1691 1127 1760 ali·
1182 1688 1289 1761 habet
1311 1689 1526 1785 κακοήθης,
1556 1695 1618 1786 qui
1646 1696 1748 1764 novit
1769 1694 1927 1764 alludere
1950 1695 1996 1764 ad
2021 1690 2110 1764 Dom

141 1803 280 1897 quoties
301 1798 446 1888 repetit,
474 1797 554 1865 ideo
577 1794 726 1864 traditos
742 1816 815 1862 esse
831 1789 992 1863 homines
1009 1794 1048 1861 in
1066 1795 1128 1861 de·
1183 1794 1348 1877 aflectus,
1380 1795 1530 1864 candida
1559 1795 1648 1865 iacta
1676 1819 1775 1865 secus
1801 1794 2050 1893 interpretari,
2084 1818 2110 1865 ο.

141 1903 271 1973 sideria
286 1901 446 1971 cordium
471 1920 633 1977 suorum,
659 1897 742 1987 quia
760 1895 874 1963 Deum
897 1920 970 1964 non
994 1895 1128 1983 glorili-
1185 1897 1384 1969 incendere.
1435 1895 1673 1995 θεοστυγεῖς,
1706 1899 1780 1967 sive
1802 1899 1915 1968 active
1937 1898 2014 1967 sive
2036 1918 2107 1989 pass

7 2094 16 2107 ἱ
130 2006 310 2076 -caverint
368 1999 555 2071 Caeterum
589 1993 647 2066 hic
681 2000 726 2066 de
758 1993 878 2089 phrasi
912 1998 1129 2067 admonendi
1182 1998 1399 2088 accipiatur,
1445 1999 1616 2087 significat
1655 2000 1771 2091 palam
1815 1999 2090 2070 contumeliosos

143 2104 427 2178 sunt'rudiores:
456 2101 624 2171 Tradidit
644 2122 703 2169 eos
728 2099 765 2168 in
790 2100 982 2185 desideria,
1010 2101 1128 2183 idest,
1182 2100 1316 2183 Deum,
1343 2100 1465 2191 quales
1486 2102 1736 2172 describuntur
1751 2098 1997 2174 Sennacherib
2021 2097 2110 2173 etlit

144 2208 303 2302 permisit
319 2229 377 2276 eos
393 2229 508 2274 ruere.
562 2202 697 2274 Usitata
714 2215 765 2272 est
781 2197 867 2270 haec
882 2199 1020 2291 phrasis
1035 2202 1129 2293 apud
1183 2224 1277 2271 seces
1292 2201 1331 2269 in
1350 2197 1497 2273 historia
1513 2198 1658 2287 Esaiae,
1684 2221 1745 2274 aut
1761 2202 1961 2274 Mezentius
1975 2201 2110 2295 apudV

131 2309 320 2392 ’Ebraeos,
346 2320 403 2378 ut:
429 2303 483 2374 Ne
499 2305 646 2374 inducas
668 2327 733 2372 nos
759 2306 797 2371 in
821 2305 1070 2388 tentationem,
1094 2304 1130 2371 id
1183 2302 1327 2392 gilium,
1352 2317 1412 2374 ant
1427 2301 1625 2376 Antiochus
1646 2307 1682 2374 in
1701 2302 1845 2377 historia
1864 2304 2110 2376 Maccabaeott

142 2427 216 2494 est,
242 2433 318 2479 non
339 2410 434 2477 sinas
456 2432 523 2477 nos
543 2406 677 2477 induci.
739 2404 951 2474 Permissive
972 2402 1056 2474 hacc
1075 2406 1132 2472 in·
1185 2401 1232 2474 Et
1249 2400 1355 2477 habet
1376 2400 1462 2476 hacc
1483 2420 1576 2476 aetas
1601 2411 1758 2500 exentpla
1782 2408 1889 2477 nimis
1910 2409 2024 2478 multa
2050 2421 2110 2502 tyn

146 2513 336 2603 telligenda
357 2521 458 2578 sunt:
494 2506 591 2578 Deus
613 2507 708 2575 enim
724 2520 1132 2600 nequaquamesteausa
1185 2531 1334 2586 norum,
1361 2508 1424 2602 qui
1449 2521 1567 2599 aperte
1587 2510 1797 2601 profitentur
1818 2534 1854 2580 se
1870 2534 1942 2579 esse
1957 2504 2110 2580 hostesl

152 2613 302 2709 peccati,
328 2610 586 2690 seddiabolus‚
614 2610 922 2699 ntscriptumest:
961 2607 1134 2697 Quilacit
1185 2602 1376 2695 ἅσύαετοι,
1403 2611 1539 2696 furiosi,
1563 2614 1625 2705 qui
1642 2614 1733 2683 caeci
1749 2629 1871 2684 contra
1884 2613 2110 2681 iudicinmco

148 2729 348 2810 peccatum,
365 2737 404 2783 ex
422 2712 565 2782 diabulo
581 2724 643 2783 est.
687 2705 734 2781 Et
750 2712 779 2780 is
795 2735 875 2779 vere
892 2723 943 2779 est
962 2734 1064 2779 causa
1082 2711 1134 2779 el·
1186 2712 1305 2780 mimis
1328 2735 1449 2781 sensus
1472 2731 1582 2784 ruunt
1602 2716 1810 2806 praecipites
1834 2717 1871 2783 in
1889 2714 2011 2784 omnia
2027 2713 2110 2783 scele

60 2840 72 2855 ··
144 2819 230 2889 iicax
260 2831 297 2889 et
322 2816 508 2908 impellens
533 2815 584 2882 ad
616 2807 680 2883 hos
708 2814 869 2892 furores,
904 2813 966 2906 qui
991 2808 1049 2882 hic
1070 2812 1132 2883 de·
1186 2827 1221 2882 et
1237 2813 1382 2885 exitium
1400 2840 1519 2901 suum,
1547 2816 1637 2889 sicut
1654 2817 1828 2901 Catilina,
1864 2811 2110 2885 ThomaeMo·

143 2920 361 2992 scribantur.
947 2923 950 2927 ’
1187 2916 1315 2999 tarius,
1355 2918 1416 3009 qui
1450 2920 1575 3006 furens,
1604 2943 1699 2989 arma
1743 2933 1881 3009 ceperat
1921 2918 1964 2986 ad
2000 2915 2110 2986 delen*

1046 3017 1049 3023 '
1186 3037 1308 3086 omnes
1323 3015 1523 3111 Principes,
1547 3021 1591 3089 ad
1614 3025 1901 3091 communionem
1926 3043 2047 3089 rerum
2070 3018 2110 3086 in

1188 3120 1367 3194 tuendam.
1433 3119 1520 3191 ltem
1549 3122 1681 3193 nebulo
1708 3122 2021 3205 Mouasteriensis,
2052 3119 2111 3212 qui

248 3219 361 3295 Addit
383 3221 684 3291 coacervationem
703 3235 738 3290 et
759 3242 926 3308 magnum
952 3221 1133 3291 cumulum
1188 3222 1335 3291 vocabat
1349 3246 1464 3312 regem
1481 3224 1604 3316 templi
1621 3223 1699 3299 Dei.
1745 3224 2108 3317 Hincamentiamsa

150 3341 391 3424 peccatorum,
416 3336 458 3394 ut
481 3337 617 3394 caetera
639 3323 724 3391 vitia
748 3323 853 3392 etiam
869 3336 1002 3412 arguat.
1053 3318 1135 3395 dds·
1188 3325 1311 3393 dicunt
1337 3319 1533 3413 Prophetae
1555 3351 1705 3416 poenam
1736 3350 1809 3397 esse
1841 3326 2045 3417 impietatis.

146 3426 229 3514 stin,
255 3427 417 3518 generale
433 3440 503 3506 est,
527 3424 730 3513 significans
747 3424 981 3493 universalem
1007 3424 1134 3493 inobe-
1190 3419 1346 3509 Pharao,
1382 3425 1468 3496 Saul
1491 3441 1523 3496 et
1548 3429 1608 3496 alii
1634 3430 1702 3499 sibi
1725 3429 1985 3497 accersiverunt
2015 3424 2110 3494 exilit

146 3531 318 3601 dieutiam
353 3541 477 3597 contra
508 3527 660 3618 primam
692 3539 727 3595 et
755 3528 947 3595 secundam
977 3528 1132 3596 tabulam
1188 3525 1297 3596 Deest
1315 3529 1363 3595 eis
1385 3541 1566 3621 utrunque
1593 3532 1686 3600 hona
1712 3531 1925 3600 conscientia
1952 3544 1986 3598 et
2010 3531 2110 3598 mode

146 3634 232 3723 legis
247 3630 407 3714 divinae,
432 3629 523 3697 sicut
544 3627 683 3698 iusticia
699 3627 786 3719 legis
800 3629 972 3719 significat
988 3629 1131 3699 univer·
1185 3642 1260 3698 tum
1283 3630 1485 3701 consilium.
1536 3625 1740 3705 ἀσύνθετα
1761 3657 1833 3701 non
1854 3644 2037 3700 servantes
2057 3650 2110 3720 pat

146 3736 254 3807 salem
276 3731 526 3802 obedientiam.
1188 3724 1382 3823 συνθήκας
1387 3783 1399 3815 ,
1427 3731 1465 3800 in
1479 3737 1719 3805 contractibus
1734 3760 1773 3804 ac
1788 3734 2005 3804 foederibus.
2035 3728 2110 3802 doct

245 3828 406 3929 πονηρία
434 3832 605 3922 significat
629 3833 771 3924 proprie
806 3833 1033 3924 cupiditatem
1066 3856 1131 3900 no·
1184 3856 1263 3928 yos,
1287 3834 1348 3924 qui
1365 3836 1543 3904 naturales
1557 3837 1701 3907 affectus
1718 3860 1797 3927 erga
1822 3851 2003 3928 parentes,
2028 3835 2110 3903 liber

146 3938 261 4010 cendi.
333 3930 446 4006 κακία
478 3947 616 4026 peccata
652 3935 878 4017 omissionis,
920 3948 960 4003 ut
995 3948 1133 4011 vocant,
1184 3934 1309 4002 iratres
1340 3948 1401 4004 aut
1431 3937 1665 4009 benemeritos
1693 3951 1837 4011 canunt.
1905 3935 1998 4006 Nam
2031 3954 2110 4028 mog

145 4040 314 4112 continet.
366 4034 456 4106 Nam
480 4035 672 4106 utLatinis
690 4038 874 4124 turpitudo
894 4036 1054 4124 generale
1069 4060 1133 4125 op·
1185 4035 1357 4124 siguificat
1379 4037 1842 4112 bonosaffectusdivinitus
1867 4040 2003 4108 inditos
2025 4050 2110 4107 nata

147 4142 301 4233 positum
315 4139 459 4222 virtuti,
486 4137 534 4208 ita
552 4134 698 4206 Graecis
720 4131 833 4208 κακία
856 4153 906 4208 est
929 4138 1132 4226 oppositum
1188 4132 1401 4224 hominum,
1442 4141 1506 4208 etsi
1535 4166 1630 4212 nunc
1657 4158 1801 4235 propter
1824 4143 1992 4212 morbum
2024 4138 2110 4228 origi

145 4247 193 4335 τῇ
218 4239 343 4333 ἀρετῇ.
396 4239 540 4309 Marcus
559 4239 739 4309 Antonius
763 4253 814 4308 est
835 4233 966 4317 κακὸς,
1001 4234 1135 4321 helluo,
1186 4235 1355 4308 nonnihil
1378 4242 1555 4318 aberrant.
1606 4244 1677 4319 Sed
1699 4261 1818 4315 tamen
1839 4245 1967 4333 probat
1990 4266 2052 4312 ecs
2073 4239 2110 4312 lh

148 4345 338 4431 negligens.
385 4341 454 4411 Sed
471 4340 697 4410 Domitianus
715 4355 765 4409 est
780 4335 959 4434 πονηρὸς,
985 4341 1134 4430 cupidus
1187 4355 1219 4410 et
1242 4355 1335 4410 recte
1358 4345 1431 4432 regi
1461 4345 1560 4432 vult,
1599 4347 1699 4416 iubet
1722 4370 1787 4416 nos
1815 4347 1962 4434 diligere
1991 4345 2110 4433 conio!

149 4443 392 4521 nocendi‚cui
410 4439 477 4510 hoc
493 4444 608 4534 ipsum
624 4443 795 4533 voluptati
812 4456 1030 4523 est,noeere
1045 4442 1134 4510 aliis.
1189 4456 1368 4533 parentes,
1406 4445 1556 4532 liberos,
1598 4449 1696 4518 iubet
1726 4463 1843 4538 gratos
1872 4471 1963 4517 esse:
2000 4442 2110 4516 hara

147 4539 353 4638 κακοήθεια
371 4544 512 4634 proprie
528 4556 578 4613 est
593 4545 864 4628 malevolentia,
896 4544 1012 4638 qttalis
1027 4557 1080 4613 est
1096 4544 1132 4612 in
1186 4539 1354 4642 στοργαὶ.
1407 4543 1562 4619 Damnat
1576 4549 1685 4638 igitur
1697 4547 1828 4621 Paulus
1843 4550 1924 4618 illos
1947 4550 2082 4619 ferreos
2100 4542 2110 4616 Ι

147 4646 458 4728 obtrectatoribus,
483 4647 546 4738 qui
563 4645 772 4736 simpliciter
788 4658 849 4715 aut
869 4646 1019 4714 candide
1040 4646 1132 4715 dicta
1186 4646 1319 4726 mines,
1358 4647 1419 4738 qui
1446 4665 1580 4722 exuunt
1611 4646 1675 4720 has
1710 4645 1897 4748 oropyuic,
1936 4651 2110 4745 qualesst

148 4751 305 4833 etsaeta,
332 4748 770 4837 artedepravarenorunt.
822 4742 955 4840 Estque
972 4772 1054 4816 vere
1068 4771 1133 4836 op·
1184 4747 1309 4816 fratres
1329 4747 1368 4815 in
1384 4752 1571 4839 tragoediis
1590 4749 1719 4824 Atreus
1741 4768 1776 4825 et
1793 4752 1978 4848 Thyestes.
2032 4751 2110 4825 ἄσσα

147 4851 300 4944 positum
323 4849 449 4919 vitium
471 4850 637 4934 candori,
662 4843 848 4942 κακοηθές
866 4844 919 4942 μὴ
940 4843 1132 4943 καθαρόνε
1185 4843 1245 4920 dot
1273 4863 1355 4919 sunt
1386 4849 1644 4944 implacabiles,
1687 4857 1778 4926 sicut
1803 4854 1890 4927 Saul
1920 4855 2024 4926 nullo
2057 4855 2110 4926 ott

146 4949 232 5043 haec
258 4952 352 5021 enim
378 4952 472 5021 inter
496 4974 531 5019 se
557 4952 706 5041 opponit
732 4947 952 5024 Plutarchus.
1020 4949 1132 5022 Saeva
1187 4950 1314 5040 placari
1332 4954 1464 5041 potuit,
1491 4971 1529 5026 ut
1545 4958 1676 5027 rediret
1695 4959 1732 5026 in
1751 4958 1899 5046 gratiam
1925 4981 2008 5027 cum
2023 4955 2111 5029 Dari

149 5055 254 5146 pestis
277 5067 329 5124 cst
349 5052 618 5131 malevolentia,
653 5066 688 5122 et
709 5075 812 5142 saepe
830 5049 985 5141 Reipub.
1010 5053 1132 5142 perni—
1186 5049 1317 5121 lterum
1334 5067 1449 5123 antem
1467 5059 1505 5127 iu
1521 5059 1592 5126 tine
1605 5058 1732 5148 allegat
1750 5062 1803 5131 ius
1822 5073 1988 5145 naturae,
2014 5084 2056 5130 ec
2071 5084 2110 5130 vo

148 5159 261 5240 ciosa,
287 5178 368 5224 cum
385 5154 578 5222 malevolae
595 5168 743 5223 naturae
760 5153 934 5241 exagitant
954 5153 1042 5223 alios
1057 5178 1131 5222 me·
1184 5154 1240 5221 ius
1272 5151 1351 5227 Dei.
1423 5154 1655 5231 Meminerint
1691 5161 1958 5251 ergo-studiosi
1993 5163 2110 5254 regula

390 3079 526 3158 Plenus
553 3084 655 3156 omni
678 3083 880 3157 iniustitia.

22 5274 24 5279 ·
144 5260 282 5328 dioeces
310 5269 372 5326 aut
401 5256 508 5325 etiam
535 5255 625 5323 bene
651 5257 816 5337 meritos,
853 5268 990 5324 tantum
1019 5254 1131 5324 animi
1184 5251 1291 5342 Quod
1320 5255 1467 5328 violatio
1486 5261 1604 5350 legum
1631 5277 1799 5348 naturae,
1844 5264 1891 5336 sit
1913 5264 2064 5338 violatio
2084 5264 2110 5335 it

145 5361 289 5443 morbo,
317 5371 356 5431 ut
378 5352 468 5429 Cato
491 5379 565 5427 non
591 5357 730 5429 favebat
748 5352 932 5428 Ciceronis
955 5355 1130 5431 laudibus.
1153 5433 1158 5443 ,
1184 5356 1321 5444 divini,
1363 5374 1397 5433 et
1422 5384 1502 5431 vere
1525 5378 1706 5458 peccatum
1731 5367 1892 5443 mortale,
1959 5365 2108 5440 Contuli
