4522 5782
78 234 126 311 rs
338 200 1796 322 xttt1.annorsrtottttstnnrtsr.tauntsonotuanos.
2006 220 2086 321 trs
2178 358 2182 366 Ι

78 407 147 494 tsi,
177 420 220 483 ut
242 404 308 503 qui
329 408 465 481 cultum
488 401 557 479 Dei
579 402 779 498 habehant,
818 410 882 506 qui
904 410 1037 503 gloria·
1194 405 1244 484 ll.
1282 408 1554 502 Argumentum.
1606 410 1713 485 lacola
1734 414 1863 486 electus
1886 426 1956 504 est,
1978 410 2077 491 Esau

78 524 180 584 antur
195 532 235 581 se
249 510 380 581 mereri
400 510 591 586 iusticiam.
1088 510 1318 602 repudiatur,
1345 515 1551 609 priusquam
1569 514 1706 608 aliquid
1730 516 1817 587 boni
1834 529 1895 590 aut
1915 519 2001 590 mali
2020 520 2076 592 le·

140 614 266 707 ltaque
291 614 524 705 disputabant
550 613 805 705 promissiones
829 617 873 686 de
889 611 1034 687 Christo
1087 613 1226 687 cissent.
1279 612 1375 686 Hinc
1391 616 1523 687 Paulus
1540 619 1802 688 conclusionem
1820 619 1953 709 effecit,
1983 644 2074 717 quae

78 738 117 787 sn
138 737 212 786 esse
226 716 407 808 impletas,
428 717 601 810 quianon
617 717 820 809 contigisset
838 718 1032 809 ipsissalus
1086 715 1270 786 manifeste
1290 732 1394 809 negat
1419 720 1544 791 merita
1568 732 1688 791 nostra
1722 741 1862 791 causam
1889 723 2074 796 electionis

104 815 265 908 Spiritus
298 830 455 904 sanetus,
488 816 549 911 qni
577 819 712 889 cultum
742 819 808 893 Dei
841 817 1031 904 habebant,
1084 838 1169 894 esse.
1219 817 1314 910 Ergo
1332 845 1439 913 opera
1454 845 1528 893 non
1552 835 1654 893 erant
1674 846 1797 908 causa,
1823 825 1884 894 sed
1906 826 2073 898 voluntas

78 919 108 991 ui
131 919 308 990 iusticiam
324 921 452 990 mereri
476 921 700 992 videbantur.
1083 920 1253 993 vocantis.
1323 922 1405 992 Non
1426 926 1555 993 addam
1575 917 1634 993 hic
1655 926 1835 1018 quomodo
1861 927 2075 999 cavillentur

142 1019 278 1094 Paulus
300 1021 442 1114 igilura
459 1023 602 1118 querela
623 1024 781 1110 orditur,
811 1036 847 1094 et
868 1025 1029 1115 deplorat
1083 1020 1148 1092 ista
1166 1024 1345 1096 nonnulli.
1396 1023 1555 1096 Tantum
1575 1020 1642 1095 hoc
1665 1027 1868 1099 meminerit
1886 1028 2014 1114 lector,
2039 1030 2070 1099 si

78 1124 256 1195 dacorum
285 1125 531 1197 deiectionem.
590 1124 716 1196 Postea
745 1129 866 1213 docet,
906 1141 1028 1200 nostra
1080 1146 1186 1214 opera
1202 1139 1362 1195 secutura
1375 1127 1417 1195 in
1435 1129 1506 1198 vita
1528 1141 1628 1197 erant
1649 1150 1751 1198 causa
1770 1129 1972 1218 electionis,
1995 1152 2071 1201 nou

78 1226 159 1299 trita
185 1251 261 1297 uon
280 1249 357 1298 esse
377 1250 518 1297 eausam
541 1225 735 1299 electionis.
1081 1224 1181 1298 licuit
1195 1228 1312 1301 dicere
1327 1226 1460 1317 Paulo,
1487 1254 1617 1302 nones
1632 1231 1812 1323 operibus.

139 1326 294 1417 Querela
309 1343 376 1400 est:
403 1328 594 1401 Veritatem
611 1330 763 1404 dicoetc.
791 1326 1029 1403 Vehementer

78 1429 142 1501 tleo
157 1433 257 1524 quod
272 1428 395 1501 ludaei
410 1416 581 1524 pereunt,
605 1455 646 1501 ac
662 1433 815 1525 optarim
837 1457 917 1503 meo
934 1435 1026 1505 inte·
1192 1474 1196 1480 ·
1474 1408 1682 1495 ⁰⁶⁶“Pmffl'

78 1548 111 1603 tu
125 1555 189 1601 eos
204 1533 390 1604 redimere.
443 1528 514 1603 Hic
535 1532 652 1607 statirn
677 1534 820 1606 subiicit
838 1538 1027 1607 correctio·
1177 1526 1285 1603 Vidit
1306 1528 1440 1603 Paulus
1470 1528 1565 1602 hanc
1588 1534 1633 1604 de
1661 1534 1834 1607 electione
1858 1537 2069 1609 sententiam

78 1656 141 1719 sus,
164 1632 251 1704 Non
271 1636 367 1728 quod
385 1636 554 1707 exciderit
570 1659 685 1707 sersno
703 1632 788 1718 Dei,
809 1638 929 1723 idest,
950 1663 1025 1711 nou
1080 1626 1272 1702 abhorrere
1294 1657 1314 1703 a
1336 1634 1470 1705 iudicio
1489 1636 1652 1707 rationis:
1679 1636 1760 1708 ideo
1777 1654 2026 1728 argumentum
2044 1665 2066 1711 a

78 1750 196 1807 esunt
218 1736 347 1807 abiecti
371 1734 511 1822 ludaei,
550 1752 589 1810 ut
613 1739 705 1808 nulli
728 1754 860 1832 queant
883 1741 1026 1827 servari,
1078 1735 1217 1805 ratione
1238 1749 1393 1806 sumtum
1416 1737 1557 1826 obiicit,
1591 1762 1664 1833 quo
1689 1735 1782 1810 nihil
1807 1762 1896 1832 opus
1918 1755 2013 1829 erat,
2036 1743 2069 1812 si

78 1838 475 1935 promissionesiactse
490 1838 688 1930 illipopulo
704 1839 826 1912 irritae
840 1843 922 1912 sint.
949 1842 1025 1913 lmo
1078 1834 1211 1906 Paulus
1237 1838 1400 1908 sensisset
1425 1840 1550 1910 merita
1578 1853 1697 1911 nostra
1721 1864 1861 1913 causam
1885 1842 2069 1915 electionis

78 1940 263 2009 missimus
277 1955 360 2013 sunt
376 1942 645 2032 promissiones,
660 1966 771 2036 quare
782 1966 857 2013 non
874 1946 1025 2018 dubium
1078 1959 1163 2013 esse.
1214 1936 1318 2009 Dicat
1334 1941 1428 2009 enim
1444 1940 1590 2034 aliquis:
1617 1940 1657 2013 Si
1675 1942 1795 2013 David
1818 1956 1852 2015 et
1867 1941 1953 2015 saut
1970 1946 2069 2017 iuxta

78 2054 107 2128 t,
133 2043 226 2132 quin
243 2044 287 2113 ad
302 2038 399 2113 hune
411 2044 586 2136 populum
604 2045 775 2136 pertineat
793 2047 899 2120 salus.
1079 2036 1172 2109 nihil
1187 2055 1380 2127 merentur,
1401 2042 1546 2136 iniquus
1561 2044 1671 2134 igitur
1688 2057 1738 2115 est
1753 2040 1868 2124 Deus,
1895 2046 1957 2139 qui
1972 2042 2070 2123 ltunc

97 2212 101 2227 ,
134 2140 280 2214 Deinde
296 2147 457 2237 sequitur
472 2142 674 2237 Propositio
692 2147 897 2238 principalis
918 2144 1026 2219 huius
1050 2202 1053 2243 Ι
1079 2143 1195 2231 eligit,
1221 2144 1323 2213 illum
1346 2167 1419 2213 non
1436 2144 1546 2233 eligit.
1597 2144 1678 2215 Nou
1701 2145 1844 2217 videtur
1862 2141 1949 2217 haec
1970 2149 2070 2219 inae·

78 2245 300 2337 tputationis.
332 2245 414 2317 Non
429 2249 632 2341 omnesqui
650 2263 790 2320 sontes
808 2248 1025 2334 lsraiilsunt
1050 2249 1054 2277 ¹
1078 2243 1229 2337 qualitas
1249 2260 1283 2315 et
1313 2240 1609 2343 προσωποληψία
1637 2247 1677 2316 in
1705 2247 1876 2341 optimam
1900 2263 2066 2321 naturam

78 2349 1025 2445 aiilnequeomnessuntfilii,ideoquiasunttlbraltae
1077 2345 1145 2415 Dei
1170 2352 1305 2417 cadere·
1359 2348 1399 2419 Si
1421 2350 1548 2419 merita
1571 2350 1733 2419 omnium
1757 2350 1855 2441 parit
1877 2362 1979 2435 sunt,
2005 2374 2071 2422 ⁰1¹¹*

78 2473 167 2526 neu.
194 2448 267 2521 Sed
281 2451 426 2522 inlusae
441 2453 627 2523 vorabitur
640 2453 706 2523 tibi
723 2478 856 2542 remeo,
878 2451 946 2528 hoo
961 2470 1025 2543 ost,
1078 2472 1152 2518 nou
1177 2464 1259 2520 sunt
1281 2450 1378 2542 paria
1401 2449 1556 2541 praemia
1579 2464 1640 2522 aut
1654 2474 1756 2545 pares
1773 2452 1935 2544 poenae?
1967 2452 2069 2525 ludi·

79 2554 96 2623 i
116 2552 241 2633 earnis
254 2575 335 2624 ooo.
345 2568 429 2625 sunt
448 2554 514 2623 filii
529 2552 617 2639 Dei,
644 2557 705 2626 sod
727 2556 795 2626 filii
817 2558 1025 2650 promissio.
1078 2574 1152 2619 cern
1178 2552 1328 2621 maxime
1351 2554 1452 2624 decet
1473 2552 1685 2646 aequalitas,
1710 2554 1761 2625 sic
1785 2554 1880 2623 enim
1898 2554 2069 2650 inquiunt

78 2670 324 2747 treputsntur
352 2657 391 2725 in
420 2677 551 2729 semen.
604 2654 702 2728 Haec
734 2673 786 2731 est
817 2660 1026 2754 propositio,
1079 2650 1227 2724 Graecit
1253 2649 1317 2725 lua
1332 2646 1493 2746 πόλεμον
1509 2650 1555 2726 οὗ
1571 2657 1678 2728 ποιεῖ.

78 2758 91 2827 Ι
116 2754 307 2847 implicata¹
323 2758 458 2848 primae
473 2759 696 2850 probationi,
724 2764 1023 2854 quemadmodum
1179 2754 1310 2826 Paulus
1326 2757 1464 2844 mitigat
1480 2751 1571 2826 laauc
1588 2757 1822 2829 obiectionem
1838 2751 1909 2829 hoc
1922 2758 2043 2834 modo.

78 2858 240 2933 risolet.
293 2857 389 2931 inira
412 2873 530 2931 autem
555 2861 745 2956 aliquoties
767 2864 807 2932 in
825 2865 1026 2935 conclusio-
1180 2858 1281 2927 Deus
1298 2880 1372 2927 non
1389 2859 1506 2927 reddit
1522 2859 1618 2950 paria
1635 2860 1797 2951 paribus:

78 2964 144 3032 bus
162 2975 200 3031 et
215 2962 365 3053 epilogis
378 2963 550 3052 repetitur
571 2964 781 3056 propositio.
832 2964 1025 3038 Conclusio
1235 2957 1348 3048 igitur
1364 2961 1593 3029 videturesse
1610 2961 1800 3033 iniustitia.

78 3063 131 3133 irn
152 3056 249 3132 nilril
271 3076 341 3149 est,
372 3064 443 3133 uisi
462 3064 623 3155 repetitio
646 3078 768 3137 statue.
818 3064 883 3143 Est
906 3084 1024 3140 autom
1128 3057 1172 3130 lu
1206 3055 1275 3129 hoc
1302 3074 1509 3149 argumento
1549 3062 1662 3132 maior
1694 3064 1945 3154 distinguenda
1981 3062 2062 3135 erit.

78 3188 121 3235 ee
143 3166 321 3236 sententia
343 3167 610 3257 propositionis:
635 3165 721 3238 Filii
745 3166 813 3239 Dei
837 3171 928 3245 fiunt
952 3171 1024 3242 eto.
1078 3160 1222 3233 iusticia
1245 3176 1296 3233 est
1325 3165 1473 3232 reddere
1500 3164 1619 3254 paria,
1659 3188 1739 3234 cum
1767 3166 1925 3235 debiturn
1956 3165 2068 3234 solvi·

78 3290 173 3353 one,
199 3290 273 3337 non
292 3282 439 3359 natura,
465 3283 527 3341 ant
541 3266 677 3342 meritis
695 3271 824 3342 nostris
1077 3279 1148 3338 tur.
1200 3261 1292 3336 Nam
1313 3264 1354 3333 in
1377 3266 1544 3336 donando
1569 3263 1662 3335 nihil
1687 3288 1777 3358 opus
1794 3279 1845 3337 est
1866 3266 1966 3359 paria
1981 3268 2070 3338 dare

249 3432 320 3508 Di
344 3430 813 3515 Pmd‘Siinm
1077 3367 1304 3541 pmblllinor
1334 3490 1409 3538 non
1439 3463 1604 3540 cohaeret
1633 3494 1714 3541 cum
1748 3470 1908 3558 maiore,
1951 3469 2068 3542 maior

134 3567 165 3645 1.
216 3566 267 3641 Ut
289 3585 407 3643 autern
427 3587 593 3665 appareat
612 3569 705 3646 hane
727 3587 933 3668 perpetuam
950 3596 1025 3646 esse
1077 3570 1173 3640 euim
1190 3570 1350 3665 loquitur
1366 3573 1411 3640 de
1428 3570 1560 3646 debito.
1611 3570 1738 3644 Minor
1752 3574 1914 3667 loquitur
1935 3573 1980 3643 de
2004 3574 2073 3681 be·-

78 3672 230 3763 ,ipturae
254 3676 482 3760 sententiam,
506 3677 605 3749 ducit
626 3692 832 3767 argumenta
857 3678 943 3747 iude
963 3700 1025 3749 us-
1077 3672 1230 3759 neficiis,
1261 3696 1352 3766 quae
1374 3673 1482 3762 gratis
1501 3675 1701 3761 donantur,
1731 3672 1828 3746 Deus
1849 3699 1924 3747 non
1945 3673 2066 3745 reddit
2177 3716 2185 3731 =

80 3772 271 3865 eaprima
292 3777 485 3862 electione,
515 3779 578 3848 uhi
603 3774 770 3850 Abrabae
793 3781 1023 3874 posteritate
1076 3774 1194 3865 paria,
1227 3774 1378 3858 scilicet,
1412 3775 1495 3867 quia
1517 3776 1731 3868 quibusdam
1760 3778 1871 3849 donat
1901 3776 2065 3846 salutem.

78 3875 187 3969 liquis
198 3877 363 3965 gentihus
378 3895 536 3969 separata
549 3893 611 3950 oet,
663 3876 710 3952 Et
728 3883 949 3976 ereptionum
966 3906 1024 3953 oo.
1076 3874 1182 3946 Tunc
1196 3877 1352 3947 accusari
1368 3877 1506 3947 iusticia
1523 3891 1654 3969 posset,
1680 3880 1710 3949 si
1726 3878 1824 3950 Deus
1837 3879 1980 3948 deberet
1995 3872 2067 3947 ltoc

79 3989 260 4049 mentum.
306 3977 487 4068 Scriptura
503 3982 637 4074 inquit:
667 3980 710 4052 ln
726 3981 823 4056 lsaac
838 3985 1024 4054 vocabitur
1076 3978 1283 4048 benefitium
1306 3979 1492 4064 omnibus,
1532 3980 1592 4048 sed
1618 3980 1701 4074 quia
1732 4002 1806 4050 non
1829 3982 1954 4067 debet,
1986 4000 2063 4049 aton

78 4102 168 4150 meu.
218 4077 314 4169 Ergo
337 4082 401 4151 tilii
426 4082 495 4153 Dei
516 4098 654 4154 tantum
676 4099 780 4170 sunt,
811 4087 874 4180 qui
898 4110 918 4155 o
945 4083 1021 4157 Deo
1075 4091 1125 4151 est
1139 4079 1341 4160 iniustitia,
1365 4081 1462 4174 quod
1483 4080 1623 4175 aliquos
1644 4083 1773 4151 liberat
1779 4131 1791 4165 ,
1818 4079 2061 4151 misericordia

81 4196 227 4270 guntur.
283 4181 323 4254 Si
346 4197 473 4255 natura
504 4198 567 4256 aut
594 4186 717 4255 merita
747 4189 903 4259 iacerent
929 4188 1023 4259 filios
1074 4181 1185 4269 magis
1207 4195 1279 4269 est,
1311 4194 1351 4252 ut
1374 4182 1413 4252 si·
1427 4182 1592 4273 princeps
1615 4182 1746 4255 eximat
1767 4204 1902 4273 poenae
1922 4182 2065 4276 aliquos

78 4284 126 4370 ei,
150 4283 239 4377 quid
254 4307 345 4374 opus
367 4300 455 4356 esset
477 4288 801 4379 promissionibus?
848 4287 937 4362 Gom
954 4291 1022 4381 igi·
1073 4285 1342 4370 condemnatos,
1375 4284 1561 4354 elementia
1582 4284 1659 4357 erit.
1734 4281 1881 4355 interim
1905 4293 2063 4354 nonest

78 4408 93 4454 r
122 4386 312 4477 promissio
334 4389 477 4474 efficiat,
514 4403 557 4459 ut
578 4389 690 4483 aliqui
708 4390 795 4462 fiant
816 4393 899 4478 lilii,
937 4415 1020 4483 erqo
1072 4384 1244 4472 iniustus,
1273 4387 1304 4457 si
1323 4386 1480 4481 reliquos
1501 4384 1665 4457 similiter
1686 4386 1961 4474 condemnatos,
1984 4409 2062 4456 non

78 4511 108 4555 »n
130 4502 185 4558 est
205 4511 260 4557 res
282 4504 483 4560 nostrarum
505 4492 645 4561 virium.
698 4494 772 4563 Aut
792 4494 822 4563 si
841 4507 892 4564 est
912 4517 1020 4586 penes
1072 4486 1201 4558 eximat
1223 4512 1370 4580 poenae·

78 4604 200 4660 ituram
222 4590 299 4659 lieri
321 4592 431 4676 tilios,
470 4617 579 4685 quare
601 4591 697 4666 lsaac
719 4596 878 4685 eligitur,
910 4593 1020 4667 Chal·
1174 4589 1290 4662 Diluit
1310 4591 1420 4679 igitur
1434 4585 1566 4658 Paulus
1589 4585 1826 4659 obiectiouem
1850 4611 1915 4681 per
1942 4603 2062 4662 trans·

78 4690 133 4777 ei,
165 4687 333 4785 Aegyptii
354 4708 417 4765 aut
440 4696 502 4764 alii
529 4719 603 4764 noo
627 4697 823 4787 eliguntur,
857 4699 918 4793 qoi
945 4722 1018 4769 ooo
1072 4691 1262 4773 lationem,
1290 4693 1419 4781 eligere
1441 4702 1493 4761 est
1516 4689 1798 4771 misericordiae,
1830 4714 1904 4760 nou
1926 4704 1978 4764 est
1995 4694 2061 4761 de-

78 4793 155 4864 inut
175 4794 328 4864 civiliter
356 4795 524 4868 vivebant
557 4799 652 4870 iuxta
685 4813 867 4887 naturam,
912 4824 1018 4894 quam
1042 4766 1046 4837 l
1070 4794 1199 4864 bitum.
1258 4792 1372 4883 Igitur
1393 4792 1550 4862 accusari
1571 4790 1710 4864 iusticia
1734 4814 1810 4861 non
1832 4806 1958 4884 potest.
2010 4788 2059 4865 Et

78 4891 237 4980 traham,
271 4894 390 4967 isaael
442 4896 489 4970 Ut
513 4900 541 4968 si
566 4900 646 4993 quis
668 4900 918 4988 ratiocinetur,
954 4926 1019 4974 cur
1071 4896 1155 4966 citat
1179 4896 1296 4966 lotum
1320 4892 1465 4978 Exodi,
1505 4906 1546 4965 ui
1569 4895 1733 4966 ⁰⁸lt¹¹d³l
1757 4895 1866 4983 &³¹5⁸
1886 4896 2060 4965 d⁰¹¹³l⁰m

78 5000 158 5067 »sad
172 4992 408 5088 Evangelium
426 5003 585 5085 vocavit,
618 5024 691 5072 nou
709 5004 847 5075 vocavit
864 5002 1018 5077 Alexan·
1070 4997 1282 5068 beneficium
1299 5020 1392 5084 esse,
1416 4995 1626 5068 electionem
1646 5019 1722 5066 uon
1745 4997 1920 5068 debitum:
1946 4993 2059 5066 Mise-

78 5123 137 5170 um
151 5096 400 5170 Macedoniem
413 5155 424 5188 ,
439 5099 658 5193 Angustum,
685 5102 882 5192 Socratem,
909 5104 1019 5175 Pom·
1070 5101 1175 5170 rebor
1190 5117 1255 5174 etc.

78 5202 183 5273 *nium
203 5196 384 5288 Atticum,
425 5205 486 5296 qui
507 5218 600 5274 certe
622 5228 697 5273 nou
722 5206 842 5276 miuus
866 5200 1018 5278 civiliter
1171 5201 1284 5274 Addit
1305 5196 1519 5293 Epilogum,
1543 5198 1674 5294 inquo
1697 5199 1799 5291 ponit
1822 5195 2056 5291 principalem
2128 5230 2133 5239 ·

78 5304 323 5396 rehsntquam
336 5328 412 5374 nos.
464 5303 535 5376 Hie
552 5328 695 5376 necesso
708 5320 760 5379 est
775 5327 914 5380 oausam
933 5310 1018 5379 reti.
1069 5303 1348 5395 propositionem
1365 5298 1472 5373 huius
1493 5302 1756 5393 disputationis.
1805 5298 1897 5373 Natn
1913 5298 1952 5368 iu
1976 5299 2083 5393 epi··

78 5428 108 5477 te
127 5404 408 5479 iu·ro!untatem
430 5402 509 5478 Dei.
1067 5405 1158 5497 logis
1186 5417 1400 5500 repetuntur
1424 5404 1712 5499 propositiones,
1756 5402 1833 5476 into
1868 5401 2053 5478 interdum
