4522 5782
107 206 182 281 883

110 384 199 455 tium
218 370 424 471 prophetica
452 372 602 463 scripta,
640 386 745 443 erunt
774 369 885 464 aliqui
908 370 1098 441 retinentes

110 488 224 554 lucem
239 479 422 549 doctrinae
437 490 472 546 et
491 477 645 545 nativam
660 476 891 558 senteutiam,
917 500 990 541 uon
1007 475 1099 543 inter

111 586 336 658 Sadducaeos
358 592 418 649 aut
441 579 549 665 alios,
576 576 638 667 qui
662 600 725 646 nec
741 577 860 664 legunt
877 599 939 646 nec
957 576 1099 645 discunt

111 680 318 775 Prophetas.
377 680 498 767 Quare
523 700 681 747 amemus
703 680 881 760 studium,
913 678 1099 745 audiamus

110 792 188 879 pios
206 802 239 854 et
256 784 386 876 peritos
405 784 633 869 interpretes,
660 781 881 848 conferamus
898 780 1098 848 testimoural

110 888 313 973 doctrinar,
352 899 511 974 petamus
546 896 680 949 mentes
707 896 842 952 trustras
875 881 946 967 regi
976 896 1010 949 et
1041 904 1099 947 ac-

111 990 213 1071 cendi
237 986 412 1077 aSpiritu
434 997 566 1057 sancto.
618 982 714 1052 Haec
736 997 817 1054 sunt
842 972 1098 1073 discipulorum

111 1091 246 1175 olticia,
271 1103 305 1159 et
322 1084 388 1157 hoc
404 1086 560 1158 studium
575 1099 625 1153 est
641 1086 743 1169 felix,
771 1099 804 1154 et
818 1098 990 1155 monstrnt
1007 1084 1100 1153 veri-

110 1208 238 1271 tatem,
261 1192 349 1261 sicut
373 1180 610 1279 scriptumest
630 1184 866 1283 Proverqufda:
894 1184 933 1255 Si
951 1187 1099 1255 inelina-

109 1298 165 1367 bis
178 1317 239 1363 cor
256 1306 357 1361 tuum
374 1292 417 1359 ad
435 1290 661 1379 sapientiam,
685 1288 844 1383 invenies
856 1312 944 1357 eam.
997 1288 1100 1357 Nrrnc

111 1398 230 1465 verba·
245 1393 458 1485 precationis
482 1386 615 1481 Christi
642 1391 829 1480 diligenter
852 1394 1028 1479 expende,
1063 1404 1098 1459 et

110 1497 270 1591 quotidie
301 1510 334 1587 te
356 1496 408 1593 ¹ad
434 1490 529 1563 ltuuc
552 1496 953 1593 rtoetrumusacerdotem
978 1516 1100 1581 aggre-

110 1615 206 1689 gato,
232 1612 266 1667 et
287 1596 411 1665 iisdem
436 1595 553 1673 verbis
575 1609 649 1666 toto
667 1598 772 1665 corde
786 1596 907 1687 petito.
960 1594 1099 1665 Sancti-

108 1704 173 1769 fiea
197 1722 256 1769 eos
280 1700 318 1766 in
335 1690 482 1769 veritate
498 1711 576 1793 tua,
602 1698 725 1775 idest,
751 1721 848 1767 serva
864 1694 1098 1785 Evangelium

110 1820 144 1873 et
166 1826 284 1869 veram
309 1802 518 1870 sententiam
544 1800 581 1869 iu
599 1800 775 1869 mentibus
791 1800 1034 1868 invocantium
1056 1812 1099 1877 te,

109 1922 142 1973 et
166 1905 241 1995 ipsa
264 1892 444 1991 agnitione
466 1898 647 2002 Evangelii
668 1902 843 1971 sanctifica
868 1926 950 1982 uos,
979 1904 1014 1968 id
1039 1914 1100 1984 est,

109 2006 192 2077 Nou
216 2004 317 2073 ‚sinas
349 2028 421 2073 esse
453 2004 601 2074 otiosam
635 2002 826 2085 noticiam,
858 2004 916 2071 sed
948 2004 1100 2071 accende

110 2122 247 2183 mentes
268 2121 301 2175 et
330 2108 457 2185 corda,
483 2120 523 2173 ut
543 2128 624 2172 vere
647 2107 793 2175 ardeant
816 2104 852 2171 in
871 2105 975 2173 rrobis
994 2106 1100 2175 timor

108 2206 194 2293 Dei,
220 2208 325 2299 fides,
353 2208 515 2290 dilectio,
539 2220 573 2275 et
589 2230 669 2275 vere
684 2208 811 2285 simus,
839 2231 912 2273 nou
928 2204 1101 2287 sineDeo,

110 2306 372 2391 sicutEthuici,
400 2322 432 2377 et
449 2308 649 2379 omnesalii
667 2308 784 2399 impii,
813 2311 871 2375 sed
890 2332 908 2376 a
925 2322 958 2377 te
973 2310 1098 2395 guber-

109 2435 257 2496 nemur,
298 2410 364 2480 tihi
395 2411 609 2493 serviamus,
648 2426 681 2479 et
712 2410 902 2479 invitemus
934 2410 1023 2479 alios
1055 2410 1097 2477 ad

108 2538 228 2581 veram
267 2512 482 2600 agnitionem
524 2514 577 2581 tui
610 2526 643 2583 et
676 2536 794 2579 veram
829 2512 1098 2581 invocationem.

109 2614 280 2685 Sanctum
297 2616 391 2683 enim
410 2614 604 2705 opponitur
621 2614 786 2705 profano,
817 2629 848 2683 et
864 2614 1035 2701 siguificat
1052 2612 1099 2693 id,

110 2719 205 2809 quod
228 2730 279 2785 est
300 2717 441 2807 proprie
457 2718 614 2785 dicatum
632 2716 755 2785 usilrus
771 2714 857 2799 Dei,
883 2740 941 2785 seu
961 2740 1040 2784 curu
1057 2717 1100 2783 de

109 2816 255 2887 homine
278 2819 426 2903 dicitur,
460 2818 590 2908 inquo
616 2814 750 2887 ltahitat
776 2817 890 2901 Deus,
924 2831 958 2889 et
983 2818 1100 2885 iucoat

110 2921 219 2988 vitam
245 2934 436 3002 aeternam,
490 2920 607 2989 Sirnnl
631 2920 736 3003 igitur
759 2922 795 2986 in
820 2914 884 2987 hac
902 2920 1101 3008 precatione

110 3022 260 3111 petitur,
286 3035 324 3091 ut
348 3023 458 3089 simus
485 3022 614 3109 templa
640 3018 724 3102 llei,
750 3037 780 3089 et
796 3018 891 3089 Deus
914 3022 958 3091 sit
983 3022 1101 3088 efficax

110 3124 147 3191 in
173 3124 276 3191 uo'bis
301 3148 362 3213 per
388 3122 631 3211 Evangelium.
693 3120 738 3191 Et
761 3119 828 3191 hoc
850 3124 983 3190 dictum
1010 3124 1102 3191 iuter

110 3225 310 3294 testimonia
341 3242 581 3314 recenseatur,
614 3249 704 3315 qnae
734 3226 862 3295 docent
884 3228 927 3291 de
950 3225 1101 3293 efficacia

109 3326 298 3393 ministerii
328 3327 531 3411 evangelici.
602 3322 647 3394 Et
683 3327 811 3396 alludit
839 3328 947 3395 verbu
972 3326 1101 3396 saucti-

110 3428 284 3495 ficationis
314 3430 357 3493 ad
390 3429 553 3497 usitatam
583 3428 798 3496 locutionem
831 3428 869 3495 in
899 3426 1018 3513 Mose,
1060 3430 1103 3497 de

111 3528 370 3598 sanctificandis
395 3528 655 3612 sacerdotibus,
685 3532 811 3613 idest,
839 3530 1062 3620 segregandis
1084 3554 1104 3599 a

112 3631 268 3721 profanis
287 3644 319 3700 et
338 3632 480 3725 proprie
497 3630 659 3699 ditandis
676 3630 761 3704 Deo.

215 3836 328 3907 Addit
352 3848 469 3905 antem
487 3832 650 3906 Christus
675 3862 849 3928 expresse,
877 3838 961 3929 qnid
985 3836 1029 3906 sit
1045 3860 1104 3904 ve-

111 3939 214 4023 ¹ritas,
257 3956 298 4011 ut
331 3938 476 4007 refutari
505 3939 647 4009 fauratici
679 3941 824 4029 spiritns
857 3941 1009 4029 possint,
1043 3939 1104 4029 qni

110 4040 310 4128 gloriantur
333 4066 368 4110 se
392 4063 534 4131 quoqne
558 4043 715 4111 veritatis
733 4046 895 4109 doctores
916 4064 1006 4121 esse,
1033 4043 1103 4107 imo

111 4165 146 4209 se
174 4138 306 4212 habere
335 4143 476 4209 divinos
507 4144 666 4231 afflatus,
702 4158 741 4213 ut
765 4144 948 4221 Marcion,
984 4141 1104 4210 Mani-

112 4239 231 4324 chaei,
264 4240 532 4326 Enthusiastae,
569 4240 814 4327 Mahomelus,
848 4261 881 4314 et
912 4244 971 4311 alii
1000 4244 1103 4311 multi

111 4346 251 4431 gloriati
279 4360 374 4415 sunt.
443 4346 513 4415 Sed
538 4342 592 4414 his
616 4348 784 4415 omuibus
808 4360 1010 4443 opponatur
1037 4342 1103 4412 hoc

111 4448 263 4529 dictum,
292 4446 416 4517 Sermo
439 4462 519 4517 tuus
539 4465 588 4517 est
606 4450 747 4531 veritas,
773 4449 834 4516 illa
851 4449 924 4516 sola
943 4448 1102 4515 doctriua

115 4573 177 4635 per
200 4544 382 4618 Christum
406 4552 555 4630 tradita,
588 4564 620 4619 et
645 4553 886 4620 commendata
912 4550 1103 4638 Apostolis,

112 4665 164 4718 est
182 4652 308 4721 veritas
326 4654 369 4720 de
384 4650 471 4721 Deo.
523 4648 631 4721 Extra
648 4648 739 4721 hauc
755 4654 913 4722 omnium
930 4664 1102 4719 sectarum

112 4754 294 4821 doctrinae
323 4756 366 4822 de
397 4750 493 4835 Deo,
528 4768 611 4823 suut
640 4755 776 4824 furores
809 4754 995 4837 diabolici,
1029 4776 1102 4821 uon

112 4870 310 4924 monstrant
328 4853 466 4934 Deum,
494 4879 567 4923 non
584 4854 802 4926 sanctificant
818 4868 963 4927 mentes.
1023 4852 1102 4923 Me-

111 4957 283 5026 mineriut
308 4957 417 5043 igitur
440 4958 586 5025 studiosi
606 4956 674 5027 ltoc
690 4959 845 5046 dictum,
872 4959 953 5050 qnia
971 4958 1101 5025 discer-

111 5058 163 5125 nit
182 5055 376 5126 Ecclesiam
402 5062 446 5125 alr
467 5062 635 5128 omnibns
659 5060 738 5127 aliis
761 5062 881 5135 sectis,
909 5075 943 5130 et
958 5061 1100 5126 damnat

111 5181 234 5225 omues
264 5161 452 5255 opiniones
476 5164 519 5227 de
544 5160 640 5239 Deo,
674 5162 808 5229 alienas
830 5163 874 5228 ab
895 5156 1101 5245 Evangelio,

114 5268 149 5321 et
170 5263 329 5344 congruit
355 5286 435 5330 cum
460 5259 526 5329 hoe
548 5262 662 5330 dicto:
694 5260 731 5331 Si
756 5263 835 5354 quis
859 5262 956 5329 aliud
982 5259 1100 5331 Evan-

113 5353 242 5441 gelium
261 5362 380 5441 docet,
407 5359 592 5431 anathema
610 5364 664 5431 sit.

703 198 826 271 l‘lllL.
854 195 968 271 MEL.
996 198 1207 273 scutata
1232 196 1559 275 exsuffles:
1577 206 1603 277 ,ζ
1695 210 1738 279 'a'

2066 199 2144 293 lli

1280 510 1287 541 ι
1339 469 1442 545 Sicut
1463 496 1518 545 me
1533 472 1677 545 misisti
1697 470 1949 549 inmundam.
2050 526 2054 533 -

1176 628 1181 637 ·
1199 602 1215 639 '²
1251 606 1456 680 Consolatio
1473 610 1665 702 precationi
1682 610 1802 693 mixtur
1828 626 1877 682 cst
1889 608 2143 680 omniumslfi-

1067 779 1075 793 ,
1151 712 1342 782 cecissimo.
1394 712 1540 783 Certum
1553 728 1603 782 est
1618 714 1730 783 filium
1740 710 1805 782 Dei
1821 737 1895 784 non
1911 714 2043 783 frustra
2057 710 2144 781 mis·

1152 837 1228 881 suut
1246 836 1341 898 esse,
1366 840 1446 884 cum
1464 814 1559 885 Deus
1576 830 1633 887 tot'
1644 815 1828 885 manifesta
1845 814 2050 885 testimonia
2066 812 2142 883 edi·

1152 916 1264 995 derit,
1290 930 1328 985 ut
1351 918 1571 999 ostenderet,
1594 912 1690 985 huuc
1713 920 1893 989 doctorem
1916 914 2033 986 anea
2057 914 2142 983 mis-

1152 1042 1229 1086 sum
1253 1040 1344 1099 esse,
1369 1042 1406 1087 se
1429 1020 1626 1110 approbare
1649 1012 1742 1089 hanc
1767 1018 1985 1103 doctrinam,
2007 1030 2044 1087 ct
2063 1040 2142 1086 vere

1152 1122 1440 1202 daturnmhona,
1466 1116 1997 1213 quaepromittitEvaugelium.
2040 1118 2142 1189 Nune

1152 1236 1267 1299 antean
1293 1222 1377 1291 dicit
1399 1220 1582 1312 Christus,
1609 1248 1645 1292 se
1669 1228 1791 1293 eodem
1816 1226 1923 1291 modo
1949 1220 2141 1311 Apostolos

1153 1326 1309 1407 mittere,
1333 1326 1422 1396 sicut
1440 1326 1514 1413 ipse
1531 1327 1657 1393 missus
1674 1340 1737 1395 est.
1790 1324 1870 1394 Non
1887 1324 1996 1411 igitur
2012 1324 2144 1391 snrstra

1154 1426 1359 1507 mittentur,
1384 1452 1457 1495 non
1481 1440 1585 1497 eruut
1607 1426 1751 1495 inutiles
1770 1428 2042 1501 moderatores,
2070 1448 2143 1492 nou

1153 1541 1256 1597 eruut
1284 1531 1482 1597 turbatores
1514 1530 1738 1619 politiorum,
1777 1530 1866 1598 sicut
1895 1530 1940 1596 de
1968 1523 2142 1597 ministris

1153 1626 1338 1717 Evangelii
1370 1626 1531 1699 homiues
1555 1627 1647 1715 athei
1674 1632 1852 1713 iudicant,
1886 1631 1959 1697 imo
1983 1628 2022 1695 iu
2046 1639 2142 1697 tauta

1153 1732 1358 1801 infirmitate
1376 1734 1598 1817 docentium,
1627 1732 1665 1800 in
1683 1745 1778 1802 tanta
1796 1731 2004 1801 confusione
2020 1724 2142 1799 Eccle-

1153 1836 1233 1916 siae,
1260 1836 1421 1903 omnium
1437 1830 1626 1903 hominum
1642 1834 1752 1901 animi
1767 1840 1956 1923 anguntur,
1983 1846 2017 1901 et
2035 1854 2142 1923 qnae-

1154 1948 1237 2004 rnnt
1260 1960 1304 2003 au
1330 1938 1440 2029 prosit
1463 1937 1581 2024 generi
1608 1932 1763 2004 humano
1783 1960 1848 2006 vox
1866 1932 2072 2023 Evangelii,
2098 1950 2140 2000 au

1154 2063 1235 2106 vero
1250 2052 1387 2109 tautum
1403 2041 1447 2109 sit
1463 2040 1672 2129 impostura,
1699 2053 1817 2107 utrum
1835 2039 1913 2131 plns
1928 2033 2141 2126 prositPau·

1153 2141 1226 2222 lns,
1253 2164 1296 2207 au
1319 2134 1550 2235 l‘hocylides,
1578 2155 1638 2209 aut
1661 2134 1861 2229 Theognis,
1887 2151 1948 2209 aut
1970 2135 2139 2228 Aesopus.

1153 2240 1395 2334 Deinde'quia
1420 2244 1543 2311 vident
1565 2243 1702 2312 turbari
1731 2244 1890 2330 politias,
1923 2240 2139 2309 dissensione

1153 2347 1196 2410 de
1226 2344 1414 2429 religione,
1448 2346 1552 2412 multi
1580 2345 1682 2412 etiam
1710 2346 1932 2415 deterrentur
1956 2343 2003 2411 ab
2024 2339 2139 2409 Evau-

1152 2446 1233 2533 gclii
1267 2446 1502 2535 professione,
1544 2446 1643 2539 quasi
1676 2446 1720 2516 sit
1752 2460 1890 2518 tantum
1921 2446 1979 2514 fax
2010 2444 2139 2513 discor-

1152 2548 1305 2619 diarum.

1256 2680 1436 2752 Adversus
1455 2678 1541 2751 haec
1555 2682 1638 2751 salsa
1657 2680 1787 2751 indicia
1803 2674 1981 2748 humanae
1998 2680 2134 2749 rationis

1157 2784 1354 2871 colligenda
1378 2799 1461 2854 sunt
1487 2784 1687 2855 testimonia
1710 2788 1754 2851 ‹l'e
1780 2781 1969 2851 ministerii
1993 2782 2132 2851 efficacia

1154 2904 1186 2955 et
1205 2887 1387 2975 dignitate.
1441 2884 1511 2955 llic
1528 2901 1559 2955 et
1577 2886 1667 2953 inira
1686 2884 1777 2952 filins
1791 2881 1857 2953 Dei
1873 2908 2034 2975 expresse
2048 2884 2131 2951 affir-

1154 3003 1244 3073 mat,
1270 3012 1305 3057 se
1321 2991 1459 3058 mittere
1470 2989 1658 3078 Apostolos
1675 2988 1796 3055 eodem
1813 2988 1937 3072 modo,
1964 2986 2130 3075 sicutipse

1154 3116 1173 3161 a
1207 3104 1304 3181 patre
1333 3094 1460 3159 missus
1490 3106 1559 3173 est,
1592 3106 1624 3159 et
1656 3114 1759 3178 snpra
1784 3088 1971 3180 aliquoties
1994 3086 2130 3157 allirmat

1157 3193 1391 3261 ministerium
1415 3217 1536 3261 enrtnn
1563 3192 1682 3259 ellicax
1706 3192 1800 3270 sure,
1827 3205 1865 3259 ut
1890 3215 1962 3281 cap.
1983 3189 2038 3262 14.
2054 3188 2129 3257 dici·

1157 3308 1316 3365 turcum
1340 3294 1544 3384 gravissima
1572 3294 1844 3362 asseveratione:
1880 3294 2016 3376 Amen,
2041 3310 2128 3359 amru

1156 3398 1235 3464 dico
1259 3397 1377 3476 vohis,
1406 3398 1466 3489 qui
1490 3396 1598 3465 credit
1626 3395 1663 3463 in
1688 3419 1759 3475 nte,
1787 3419 1890 3482 opera
1909 3418 1998 3483 quae
2016 3392 2128 3483 egola·

1157 3498 1230 3579 cin,
1254 3499 1313 3565 ille
1331 3500 1452 3581 faciet,
1476 3512 1508 3566 et
1527 3490 1657 3564 maiora
1674 3492 1729 3563 his
1748 3497 1861 3564 faciet.
1917 3494 1961 3565 Et
1980 3520 2051 3585 cap.
2069 3492 2127 3564 lh:

1157 3597 1258 3689 Elegi
1282 3624 1344 3667 vos
1376 3616 1413 3671 nt
1444 3602 1596 3669 fructum
1629 3598 1781 3680 faciatis,
1816 3614 1849 3667 et
1874 3598 2010 3666 fructus
2034 3610 2128 3665 vester

1159 3717 1306 3771 inanest.
1358 3698 1405 3772 Et
1428 3700 1560 3769 Paulus
1583 3701 1714 3793 iuquit:
1749 3694 1983 3787 Evangelitnn
2009 3714 2057 3767 est
2079 3718 2127 3786 pe·

1159 3806 1266 3874 tentia
1284 3802 1350 3873 Dei
1376 3806 1418 3871 ad
1444 3803 1592 3873 salntem
1618 3802 1714 3869 omni
1738 3802 1905 3873 credenti.
1959 3798 2027 3869 His
2048 3816 2079 3867 et
2093 3796 2128 3865 si·

1158 3906 1303 3975 milibus
1332 3906 1543 3974 testimoniis
1568 3904 1815 3973 confirmemus
1838 3918 1973 3971 mentes
2000 3917 2128 3973 nostras.

1158 4023 1197 4076 nt
1223 4008 1420 4076 firmissime
1443 4000 1596 4077 statuaul
1614 4006 1850 4074 ministerium
1869 4002 2054 4093 Evangelii
2071 4020 2128 4071 esst

1159 4110 1298 4189 efficax,
1326 4110 1467 4177 iucoare
1494 4108 1600 4178 vitam
1625 4123 1803 4175 aeternam
1830 4106 1865 4173 in
1889 4109 2058 4177 omnibus
2081 4098 2146 4199 qai

1157 4225 1267 4300 agunt
1290 4211 1565 4300 poeniteutiam,
1597 4224 1630 4278 et
1658 4234 1737 4277 vere
1761 4210 1911 4279 credunt
1934 4204 2127 4302 Evangelio,

1158 4329 1191 4383 et
1232 4314 1343 4381 multa
1386 4312 1541 4403 pericula
1578 4314 1670 4381 vitae
1707 4312 1900 4401 praesentis
1938 4310 2126 4401 gnbernare.

1157 4414 1305 4484 Prodest
1327 4415 1434 4505 igitur
1456 4417 1600 4493 docere,
1631 4414 1773 4496 andire,
1805 4414 1956 4497 discere,
1983 4402 2126 4503 amplecti

1156 4514 1408 4605 Evangelium,
1434 4518 1568 4585 etiamsi
1586 4512 1749 4586 homines
1764 4513 1869 4585 ἄθεοι
1886 4516 2008 4584 videre
2022 4512 2126 4581 volunt

1158 4620 1244 4709 quid
1272 4620 1400 4707 prosit,
1433 4618 1505 4685 imo
1531 4618 1689 4686 iudicant
1715 4641 1835 4685 vocem
1859 4612 2046 4705 Evangelii
2070 4628 2126 4681 esst

1159 4722 1298 4789 inauetu
1323 4719 1500 4805 fabulam,
1525 4735 1585 4789 aut
1608 4721 1858 4811 imposturam,
1884 4734 1945 4788 aut
1966 4721 2125 4789 lacense·

1157 4822 1347 4893 ditionum.

1260 4956 1333 5028 Nec
1349 4972 1488 5027 tantum
1506 4959 1549 5026 ad
1568 4952 1759 5047 Apostolos
1776 4952 1860 5025 haec
1878 4956 2031 5048 precatio
2040 4946 2125 5027 Chri·

1154 5060 1198 5127 sti
1225 5061 1396 5150 pertinet,
1422 5061 1483 5127 sed
1509 5062 1552 5127 ad
1576 5082 1699 5128 omnes
1720 5072 1813 5127 recte
1833 5060 2020 5143 stringentes
2038 5050 2125 5123 mini·

1155 5162 1280 5245 sterio,
1307 5162 1378 5229 imo
1405 5164 1448 5229 ad
1476 5184 1600 5229 ornnes
1624 5160 1876 5247 amplectentes
1899 5156 2126 5247 Evangelium

1155 5263 1244 5330 sicut
1266 5288 1347 5332 mox
1364 5263 1507 5332 subiicit
1522 5260 1684 5331 Christus
1694 5274 1708 5327 ε’
1730 5256 1808 5329 Oro
1826 5286 1898 5331 nou
1921 5286 1985 5353 pro
2003 5264 2051 5331 eis
2064 5274 2127 5357 tane

1155 5380 1250 5447 turri,
1278 5369 1337 5437 sed
1360 5390 1425 5459 pru
1441 5365 1628 5435 credituris
1644 5387 1706 5455 per
1722 5364 1868 5467 verbum
1885 5388 2010 5443 eorum
2026 5364 2064 5439 iu
2077 5378 2129 5433 ms·
