<?xml version="1.0" encoding="UTF-8"?>
<!DOCTYPE html PUBLIC "-//W3C//DTD XHTML 1.0 Transitional//EN"
    "http://www.w3.org/TR/xhtml1/DTD/xhtml1-transitional.dtd">
<html xmlns="http://www.w3.org/1999/xhtml" xml:lang="en" lang="en">
 <head>
  <title>
</title>
<meta http-equiv="Content-Type" content="text/html;charset=utf-8" />
  <meta name='ocr-system' content='tesseract 3.04.00' />
  <meta name='ocr-capabilities' content='ocr_page ocr_carea ocr_par ocr_line ocrx_word'/>
</head>
<body>
  <div class='ocr_page' id='page_1' title='image "./corpusreformato01melagoog/corpusreformato01melagoog_0334.png"; bbox 0 0 4522 5782; ppageno 0'>
   <div class='ocr_carea' id='block_1_1' title="bbox 74 106 2108 217">
    <p class='ocr_par' dir='ltr' id='par_1_1' title="bbox 74 62 2108 217">
     <span class='ocr_line' id='line_1_1' title="bbox 74 106 2108 217; baseline 0.013 -27"><span class='ocrx_word' id='word_1_1' title='bbox 74 110 151 191; x_wconf 69' lang='lat' dir='ltr'>0ss</span> <span class='ocrx_word' id='word_1_2' title='bbox 260 108 362 189; x_wconf 81' lang='lat' dir='ltr'>lilll.</span> <span class='ocrx_word' id='word_1_3' title='bbox 412 114 448 187; x_wconf 75' lang='lat'>2</span> <span class='ocrx_word' id='word_1_4' title='bbox 475 106 843 191; x_wconf 78' lang='lat' dir='ltr'>COMMENTARll</span> <span class='ocrx_word' id='word_1_5' title='bbox 865 112 918 190; x_wconf 81' lang='grc' dir='ltr'>ΙΝ</span> <span class='ocrx_word' id='word_1_6' title='bbox 941 112 1098 195; x_wconf 75' lang='lat' dir='ltr'>Erlsr.</span> <span class='ocrx_word' id='word_1_7' title='bbox 1124 112 1271 198; x_wconf 74' lang='lat' dir='ltr'>etum</span> <span class='ocrx_word' id='word_1_8' title='bbox 1298 120 1367 198; x_wconf 80' lang='lat' dir='ltr'>An</span> <span class='ocrx_word' id='word_1_9' title='bbox 1392 112 1658 204; x_wconf 64' lang='lat' dir='ltr'>nomos,</span> <span class='ocrx_word' id='word_1_10' title='bbox 1709 128 1818 207; x_wconf 75' lang='lat' dir='ltr'>car.</span> <span class='ocrx_word' id='word_1_11' title='bbox 1844 130 1926 206; x_wconf 84' lang='lat' dir='ltr'>Vll.</span> <span class='ocrx_word' id='word_1_12' title='bbox 2029 138 2108 217; x_wconf 71' lang='lat' dir='ltr'>dii</span> 
     </span>
    </p>
   </div>
   <div class='ocr_carea' id='block_1_2' title="bbox 10 278 2242 1011">
    <p class='ocr_par' dir='ltr' id='par_1_2' title="bbox 10 278 2242 1011">
     <span class='ocr_line' id='line_1_2' title="bbox 179 278 2106 405; baseline 0.015 -48"><span class='ocrx_word' id='word_1_13' title='bbox 179 280 259 357; x_wconf 81' lang='lat' dir='ltr'>lam</span> <span class='ocrx_word' id='word_1_14' title='bbox 279 278 341 359; x_wconf 87' lang='lat' dir='ltr'>bis</span> <span class='ocrx_word' id='word_1_15' title='bbox 366 285 618 377; x_wconf 80' lang='lat' dir='ltr'>amplificanda</span> <span class='ocrx_word' id='word_1_16' title='bbox 646 301 699 359; x_wconf 87' lang='lat' dir='ltr'>est</span> <span class='ocrx_word' id='word_1_17' title='bbox 730 286 993 377; x_wconf 72' lang='lat' dir='ltr'>misericordia,</span> <span class='ocrx_word' id='word_1_18' title='bbox 1025 305 1067 364; x_wconf 90' lang='lat' dir='ltr'>ut</span> <span class='ocrx_word' id='word_1_19' title='bbox 1118 306 1217 386; x_wconf 72' lang='lat' dir='ltr'>gata,</span> <span class='ocrx_word' id='word_1_20' title='bbox 1242 298 1339 390; x_wconf 90' lang='lat' dir='ltr'>qnod</span> <span class='ocrx_word' id='word_1_21' title='bbox 1362 298 1490 371; x_wconf 89' lang='lat' dir='ltr'>attinet</span> <span class='ocrx_word' id='word_1_22' title='bbox 1512 300 1556 369; x_wconf 87' lang='lat' dir='ltr'>ad</span> <span class='ocrx_word' id='word_1_23' title='bbox 1582 298 1885 391; x_wconf 63' lang='lat' dir='ltr'>intimationem,</span> <span class='ocrx_word' id='word_1_24' title='bbox 1909 330 1984 387; x_wconf 86' lang='lat' dir='ltr'>non</span> <span class='ocrx_word' id='word_1_25' title='bbox 2008 314 2106 405; x_wconf 87' lang='lat' dir='ltr'>qnod</span> 
     </span>
     <span class='ocr_line' id='line_1_3' title="bbox 79 382 2242 503; baseline 0.014 -47"><span class='ocrx_word' id='word_1_26' title='bbox 79 382 168 457; x_wconf 83' lang='lat' dir='ltr'>baec</span> <span class='ocrx_word' id='word_1_27' title='bbox 183 387 339 476; x_wconf 83' lang='lat' dir='ltr'>ipsanos</span> <span class='ocrx_word' id='word_1_28' title='bbox 353 388 523 460; x_wconf 76' lang='lat' dir='ltr'>exirscuet</span> <span class='ocrx_word' id='word_1_29' title='bbox 538 391 583 458; x_wconf 91' lang='lat' dir='ltr'>ad</span> <span class='ocrx_word' id='word_1_30' title='bbox 607 391 699 458; x_wconf 88' lang='lat' dir='ltr'>bene</span> <span class='ocrx_word' id='word_1_31' title='bbox 719 395 951 481; x_wconf 90' lang='lat' dir='ltr'>operandum.</span> <span class='ocrx_word' id='word_1_32' title='bbox 1004 390 1065 462; x_wconf 89' lang='lat' dir='ltr'>ln·</span> <span class='ocrx_word' id='word_1_33' title='bbox 1118 400 1161 468; x_wconf 93' lang='lat' dir='ltr'>ad</span> <span class='ocrx_word' id='word_1_34' title='bbox 1180 400 1421 472; x_wconf 89' lang='lat' dir='ltr'>obedientiam</span> <span class='ocrx_word' id='word_1_35' title='bbox 1445 401 1590 485; x_wconf 87' lang='lat' dir='ltr'>attinet,</span> <span class='ocrx_word' id='word_1_36' title='bbox 1617 402 1652 471; x_wconf 91' lang='lat' dir='ltr'>id</span> <span class='ocrx_word' id='word_1_37' title='bbox 1679 418 1748 492; x_wconf 89' lang='lat' dir='ltr'>est,</span> <span class='ocrx_word' id='word_1_38' title='bbox 1775 409 1977 482; x_wconf 79' lang='lat' dir='ltr'>obedientia</span> <span class='ocrx_word' id='word_1_39' title='bbox 2001 438 2105 503; x_wconf 89' lang='lat' dir='ltr'>prae·</span> <span class='ocrx_word' id='word_1_40' title='bbox 2233 404 2242 427; x_wconf 66' lang='lat'>⁸</span> 
     </span>
     <span class='ocr_line' id='line_1_4' title="bbox 10 488 2103 596; baseline 0.015 -40"><span class='ocrx_word' id='word_1_41' title='bbox 10 566 14 573; x_wconf 51' lang='grc'><strong>,</strong></span> <span class='ocrx_word' id='word_1_42' title='bbox 80 488 426 579; x_wconf 80' lang='lat' dir='ltr'>gensetincffabilis</span> <span class='ocrx_word' id='word_1_43' title='bbox 446 491 588 560; x_wconf 85' lang='lat' dir='ltr'>bouitas</span> <span class='ocrx_word' id='word_1_44' title='bbox 610 488 678 560; x_wconf 89' lang='lat' dir='ltr'>Dei</span> <span class='ocrx_word' id='word_1_45' title='bbox 700 507 768 576; x_wconf 87' lang='lat' dir='ltr'>est,</span> <span class='ocrx_word' id='word_1_46' title='bbox 793 493 1001 585; x_wconf 87' lang='lat' dir='ltr'>qundDeus</span> <span class='ocrx_word' id='word_1_47' title='bbox 1025 496 1064 564; x_wconf 92' lang='lat' dir='ltr'>in</span> <span class='ocrx_word' id='word_1_48' title='bbox 1116 504 1240 573; x_wconf 83' lang='lat' dir='ltr'>stands</span> <span class='ocrx_word' id='word_1_49' title='bbox 1256 517 1326 589; x_wconf 90' lang='lat' dir='ltr'>est,</span> <span class='ocrx_word' id='word_1_50' title='bbox 1352 517 1385 575; x_wconf 86' lang='lat' dir='ltr'>et</span> <span class='ocrx_word' id='word_1_51' title='bbox 1405 504 1549 596; x_wconf 84' lang='lat' dir='ltr'>quidem</span> <span class='ocrx_word' id='word_1_52' title='bbox 1566 505 1739 582; x_wconf 90' lang='lat' dir='ltr'>incoatur.</span> <span class='ocrx_word' id='word_1_53' title='bbox 1790 505 1840 582; x_wconf 87' lang='lat' dir='ltr'>Et</span> <span class='ocrx_word' id='word_1_54' title='bbox 1856 524 1974 583; x_wconf 87' lang='lat' dir='ltr'>tamen</span> <span class='ocrx_word' id='word_1_55' title='bbox 1987 516 2103 586; x_wconf 89' lang='lat' dir='ltr'>scien-</span> 
     </span>
     <span class='ocr_line' id='line_1_5' title="bbox 80 587 2219 707; baseline 0.013 -44"><span class='ocrx_word' id='word_1_56' title='bbox 80 590 310 663; x_wconf 87' lang='lat' dir='ltr'>credentibus</span> <span class='ocrx_word' id='word_1_57' title='bbox 325 593 498 683; x_wconf 86' lang='lat' dir='ltr'>approbat</span> <span class='ocrx_word' id='word_1_58' title='bbox 514 587 606 663; x_wconf 88' lang='lat' dir='ltr'>hanc</span> <span class='ocrx_word' id='word_1_59' title='bbox 622 594 880 675; x_wconf 83' lang='lat' dir='ltr'>obedientiam,</span> <span class='ocrx_word' id='word_1_60' title='bbox 906 622 995 689; x_wconf 89' lang='lat' dir='ltr'>qnae</span> <span class='ocrx_word' id='word_1_61' title='bbox 1011 613 1064 667; x_wconf 87' lang='lat' dir='ltr'>ta·</span> <span class='ocrx_word' id='word_1_62' title='bbox 1115 606 1200 672; x_wconf 89' lang='lat' dir='ltr'>dum</span> <span class='ocrx_word' id='word_1_63' title='bbox 1216 619 1267 674; x_wconf 89' lang='lat' dir='ltr'>est</span> <span class='ocrx_word' id='word_1_64' title='bbox 1283 628 1349 675; x_wconf 85' lang='lat' dir='ltr'>nos</span> <span class='ocrx_word' id='word_1_65' title='bbox 1369 606 1511 675; x_wconf 89' lang='lat' dir='ltr'>interim</span> <span class='ocrx_word' id='word_1_66' title='bbox 1529 621 1675 697; x_wconf 87' lang='lat' dir='ltr'>propter</span> <span class='ocrx_word' id='word_1_67' title='bbox 1691 603 1872 681; x_wconf 84' lang='lat' dir='ltr'>Christum</span> <span class='ocrx_word' id='word_1_68' title='bbox 1890 612 2001 687; x_wconf 88' lang='lat' dir='ltr'>iustos</span> <span class='ocrx_word' id='word_1_69' title='bbox 2015 641 2101 707; x_wconf 88' lang='lat' dir='ltr'>esse,</span> <span class='ocrx_word' id='word_1_70' title='bbox 2141 604 2143 609; x_wconf 34' lang='lat'>⁵</span> <span class='ocrx_word' id='word_1_71' title='bbox 2211 646 2219 655; x_wconf 82' lang='lat'><em>·</em></span> 
     </span>
     <span class='ocr_line' id='line_1_6' title="bbox 80 690 2099 809; baseline 0.014 -46"><span class='ocrx_word' id='word_1_72' title='bbox 80 716 158 765; x_wconf 83' lang='lat' dir='ltr'>men</span> <span class='ocrx_word' id='word_1_73' title='bbox 174 693 361 762; x_wconf 77' lang='lat' dir='ltr'>mirificam</span> <span class='ocrx_word' id='word_1_74' title='bbox 387 690 492 764; x_wconf 88' lang='lat' dir='ltr'>babet</span> <span class='ocrx_word' id='word_1_75' title='bbox 514 694 755 770; x_wconf 85' lang='lat' dir='ltr'>infirmitatem</span> <span class='ocrx_word' id='word_1_76' title='bbox 779 711 813 768; x_wconf 89' lang='lat' dir='ltr'>et</span> <span class='ocrx_word' id='word_1_77' title='bbox 835 699 1060 769; x_wconf 88' lang='lat' dir='ltr'>dissimilitu·</span> <span class='ocrx_word' id='word_1_78' title='bbox 1114 721 1154 775; x_wconf 91' lang='lat' dir='ltr'>ut</span> <span class='ocrx_word' id='word_1_79' title='bbox 1180 721 1319 777; x_wconf 84' lang='lat' dir='ltr'>maneat</span> <span class='ocrx_word' id='word_1_80' title='bbox 1346 708 1556 778; x_wconf 86' lang='lat' dir='ltr'>beneficium</span> <span class='ocrx_word' id='word_1_81' title='bbox 1585 726 1731 781; x_wconf 88' lang='lat' dir='ltr'>certum.</span> <span class='ocrx_word' id='word_1_82' title='bbox 1783 710 1880 784; x_wconf 89' lang='lat' dir='ltr'>Haec</span> <span class='ocrx_word' id='word_1_83' title='bbox 1905 721 2099 809; x_wconf 74' lang='lat' dir='ltr'>responsio,</span> 
     </span>
     <span class='ocr_line' id='line_1_7' title="bbox 81 794 2100 911; baseline 0.014 -46"><span class='ocrx_word' id='word_1_84' title='bbox 81 796 220 879; x_wconf 89' lang='lat' dir='ltr'>dinem,</span> <span class='ocrx_word' id='word_1_85' title='bbox 247 807 282 866; x_wconf 93' lang='lat' dir='ltr'>et</span> <span class='ocrx_word' id='word_1_86' title='bbox 298 794 421 865; x_wconf 90' lang='lat' dir='ltr'>multis</span> <span class='ocrx_word' id='word_1_87' title='bbox 435 799 602 866; x_wconf 86' lang='lat' dir='ltr'>sordibus</span> <span class='ocrx_word' id='word_1_88' title='bbox 624 813 659 869; x_wconf 86' lang='lat' dir='ltr'>et</span> <span class='ocrx_word' id='word_1_89' title='bbox 673 800 849 868; x_wconf 87' lang='lat' dir='ltr'>scandalis</span> <span class='ocrx_word' id='word_1_90' title='bbox 871 816 922 870; x_wconf 92' lang='lat' dir='ltr'>est</span> <span class='ocrx_word' id='word_1_91' title='bbox 939 816 1061 870; x_wconf 89' lang='lat' dir='ltr'>conta·</span> <span class='ocrx_word' id='word_1_92' title='bbox 1114 830 1192 875; x_wconf 88' lang='lat' dir='ltr'>meo</span> <span class='ocrx_word' id='word_1_93' title='bbox 1215 809 1367 892; x_wconf 86' lang='lat' dir='ltr'>iudicio,</span> <span class='ocrx_word' id='word_1_94' title='bbox 1401 806 1492 878; x_wconf 88' lang='lat' dir='ltr'>nibil</span> <span class='ocrx_word' id='word_1_95' title='bbox 1518 806 1624 883; x_wconf 90' lang='lat' dir='ltr'>babet</span> <span class='ocrx_word' id='word_1_96' title='bbox 1654 813 1811 904; x_wconf 82' lang='lat' dir='ltr'>perplexi</span> <span class='ocrx_word' id='word_1_97' title='bbox 1843 829 1905 886; x_wconf 90' lang='lat' dir='ltr'>aut</span> <span class='ocrx_word' id='word_1_98' title='bbox 1928 819 2100 911; x_wconf 83' lang='lat' dir='ltr'>intricati,</span> 
     </span>
     <span class='ocr_line' id='line_1_8' title="bbox 10 891 2028 1011; baseline 0.014 -47"><span class='ocrx_word' id='word_1_99' title='bbox 10 934 29 979; x_wconf 65' lang='grc' dir='ltr'>Ι</span> <span class='ocrx_word' id='word_1_100' title='bbox 81 897 223 965; x_wconf 83' lang='lat' dir='ltr'>minata.</span> <span class='ocrx_word' id='word_1_101' title='bbox 274 891 373 984; x_wconf 73' lang='lat' dir='ltr'>Ergo</span> <span class='ocrx_word' id='word_1_102' title='bbox 391 920 464 967; x_wconf 91' lang='lat' dir='ltr'>nou</span> <span class='ocrx_word' id='word_1_103' title='bbox 479 899 641 970; x_wconf 89' lang='lat' dir='ltr'>debilitet</span> <span class='ocrx_word' id='word_1_104' title='bbox 660 914 720 968; x_wconf 89' lang='lat' dir='ltr'>aut</span> <span class='ocrx_word' id='word_1_105' title='bbox 732 903 906 971; x_wconf 84' lang='lat' dir='ltr'>deterreat</span> <span class='ocrx_word' id='word_1_106' title='bbox 923 905 1061 972; x_wconf 88' lang='lat' dir='ltr'>animos</span> <span class='ocrx_word' id='word_1_107' title='bbox 1084 950 1088 1011; x_wconf 52' lang='grc' dir='ltr'>Ι</span> <span class='ocrx_word' id='word_1_108' title='bbox 1112 912 1157 977; x_wconf 91' lang='lat' dir='ltr'>de</span> <span class='ocrx_word' id='word_1_109' title='bbox 1171 936 1240 1004; x_wconf 89' lang='lat' dir='ltr'>qua</span> <span class='ocrx_word' id='word_1_110' title='bbox 1262 925 1380 982; x_wconf 87' lang='lat' dir='ltr'>tamen</span> <span class='ocrx_word' id='word_1_111' title='bbox 1399 915 1634 1003; x_wconf 73' lang='lat' dir='ltr'>prudentibus</span> <span class='ocrx_word' id='word_1_112' title='bbox 1659 916 1828 1005; x_wconf 87' lang='lat' dir='ltr'>permitto</span> <span class='ocrx_word' id='word_1_113' title='bbox 1842 916 2028 999; x_wconf 87' lang='lat' dir='ltr'>iudicium.</span> 
     </span>
    </p>
   </div>
   <div class='ocr_carea' id='block_1_3' title="bbox 10 986 2211 5276">
    <p class='ocr_par' dir='ltr' id='par_1_3' title="bbox 10 986 2211 5276">
     <span class='ocr_line' id='line_1_9' title="bbox 10 986 1748 1098; baseline 0.009 -31"><span class='ocrx_word' id='word_1_114' title='bbox 10 986 28 1081; x_wconf 58' lang='lat' dir='ltr'>d</span> <span class='ocrx_word' id='word_1_115' title='bbox 81 997 267 1078; x_wconf 71' lang='lat' dir='ltr'>dubitatio,</span> <span class='ocrx_word' id='word_1_116' title='bbox 290 1000 351 1067; x_wconf 88' lang='lat' dir='ltr'>sed</span> <span class='ocrx_word' id='word_1_117' title='bbox 369 999 444 1087; x_wconf 90' lang='lat' dir='ltr'>ipsa</span> <span class='ocrx_word' id='word_1_118' title='bbox 459 1002 669 1089; x_wconf 83' lang='lat' dir='ltr'>magnitudo</span> <span class='ocrx_word' id='word_1_119' title='bbox 683 1002 953 1084; x_wconf 84' lang='lat' dir='ltr'>misericordiae,</span> <span class='ocrx_word' id='word_1_120' title='bbox 970 1029 1060 1098; x_wconf 92' lang='lat' dir='ltr'>qnae</span> <span class='ocrx_word' id='word_1_121' title='bbox 1478 1061 1485 1080; x_wconf 91' lang='lat'>.</span> <span class='ocrx_word' id='word_1_122' title='bbox 1740 1065 1748 1083; x_wconf 89' lang='lat'>.</span> 
     </span>
     <span class='ocr_line' id='line_1_10' title="bbox 82 1058 1823 1192; baseline 0.006 -25"><span class='ocrx_word' id='word_1_123' title='bbox 82 1099 252 1191; x_wconf 82' lang='lat' dir='ltr'>approbat</span> <span class='ocrx_word' id='word_1_124' title='bbox 282 1102 477 1192; x_wconf 78' lang='lat' dir='ltr'>quamlibet</span> <span class='ocrx_word' id='word_1_125' title='bbox 502 1102 680 1188; x_wconf 86' lang='lat' dir='ltr'>infirmos,</span> <span class='ocrx_word' id='word_1_126' title='bbox 712 1104 741 1171; x_wconf 88' lang='lat' dir='ltr'>si</span> <span class='ocrx_word' id='word_1_127' title='bbox 773 1120 890 1174; x_wconf 87' lang='lat' dir='ltr'>tamen</span> <span class='ocrx_word' id='word_1_128' title='bbox 914 1111 1061 1178; x_wconf 88' lang='lat' dir='ltr'>credaut</span> <span class='ocrx_word' id='word_1_129' title='bbox 1389 1058 1509 1137; x_wconf 54' lang='grc' dir='ltr'>ΑΜ·</span> <span class='ocrx_word' id='word_1_130' title='bbox 1563 1059 1623 1133; x_wconf 63' lang='lat' dir='ltr'>An</span> <span class='ocrx_word' id='word_1_131' title='bbox 1648 1065 1823 1138; x_wconf 55' lang='lat' dir='ltr'><em>maus?</em></span> 
     </span>
     <span class='ocr_line' id='line_1_11' title="bbox 82 1197 2096 1299; baseline 0.006 -29"><span class='ocrx_word' id='word_1_132' title='bbox 82 1198 308 1275; x_wconf 74' lang='lat' dir='ltr'>inchristum</span> <span class='ocrx_word' id='word_1_133' title='bbox 324 1214 390 1276; x_wconf 86' lang='lat' dir='ltr'>etc.</span> <span class='ocrx_word' id='word_1_134' title='bbox 430 1200 562 1275; x_wconf 84' lang='lat' dir='ltr'>inviset</span> <span class='ocrx_word' id='word_1_135' title='bbox 580 1227 645 1274; x_wconf 87' lang='lat' dir='ltr'>nos</span> <span class='ocrx_word' id='word_1_136' title='bbox 659 1208 701 1275; x_wconf 83' lang='lat' dir='ltr'>ad</span> <span class='ocrx_word' id='word_1_137' title='bbox 721 1207 813 1275; x_wconf 83' lang='lat' dir='ltr'>hene-</span> <span class='ocrx_word' id='word_1_138' title='bbox 823 1210 1060 1297; x_wconf 87' lang='lat' dir='ltr'>operandum.</span> <span class='ocrx_word' id='word_1_139' title='bbox 1213 1197 1347 1272; x_wconf 89' lang='lat' dir='ltr'>Paulus</span> <span class='ocrx_word' id='word_1_140' title='bbox 1364 1202 1471 1273; x_wconf 84' lang='lat' dir='ltr'>diluit</span> <span class='ocrx_word' id='word_1_141' title='bbox 1494 1202 1729 1271; x_wconf 73' lang='lat' dir='ltr'>obtectionem</span> <span class='ocrx_word' id='word_1_142' title='bbox 1744 1204 1884 1275; x_wconf 80' lang='lat' dir='ltr'>duobus</span> <span class='ocrx_word' id='word_1_143' title='bbox 1905 1230 2096 1299; x_wconf 74' lang='lat' dir='ltr'>argumen-</span> 
     </span>
     <span class='ocr_line' id='line_1_12' title="bbox 80 1296 2094 1395; baseline 0.003 -22"><span class='ocrx_word' id='word_1_144' title='bbox 80 1300 180 1375; x_wconf 82' lang='lat' dir='ltr'>Hanc</span> <span class='ocrx_word' id='word_1_145' title='bbox 201 1303 402 1375; x_wconf 85' lang='lat' dir='ltr'>doctrinam</span> <span class='ocrx_word' id='word_1_146' title='bbox 425 1317 459 1375; x_wconf 88' lang='lat' dir='ltr'>et</span> <span class='ocrx_word' id='word_1_147' title='bbox 480 1307 759 1377; x_wconf 88' lang='lat' dir='ltr'>consolationem</span> <span class='ocrx_word' id='word_1_148' title='bbox 788 1323 905 1379; x_wconf 81' lang='lat' dir='ltr'>extare</span> <span class='ocrx_word' id='word_1_149' title='bbox 927 1309 966 1378; x_wconf 92' lang='lat' dir='ltr'>in</span> <span class='ocrx_word' id='word_1_150' title='bbox 989 1306 1059 1380; x_wconf 85' lang='lat' dir='ltr'>Ec·</span> <span class='ocrx_word' id='word_1_151' title='bbox 1111 1296 1175 1384; x_wconf 65' lang='lat'>15³,</span> <span class='ocrx_word' id='word_1_152' title='bbox 1201 1308 1661 1394; x_wconf 68' lang='lat' dir='ltr'>quaetmhosuntacttttt</span> <span class='ocrx_word' id='word_1_153' title='bbox 1684 1304 1781 1373; x_wconf 81' lang='lat' dir='ltr'>fintli</span> <span class='ocrx_word' id='word_1_154' title='bbox 1806 1323 1941 1395; x_wconf 86' lang='lat' dir='ltr'>sumta,</span> <span class='ocrx_word' id='word_1_155' title='bbox 1967 1314 2023 1382; x_wconf 86' lang='lat' dir='ltr'>vel</span> <span class='ocrx_word' id='word_1_156' title='bbox 2047 1316 2094 1384; x_wconf 88' lang='lat' dir='ltr'>ab</span> 
     </span>
     <span class='ocr_line' id='line_1_13' title="bbox 81 1400 2091 1502; baseline 0.004 -25"><span class='ocrx_word' id='word_1_157' title='bbox 81 1406 180 1477; x_wconf 83' lang='lat' dir='ltr'>clesia</span> <span class='ocrx_word' id='word_1_158' title='bbox 201 1428 343 1475; x_wconf 87' lang='lat' dir='ltr'>necesse</span> <span class='ocrx_word' id='word_1_159' title='bbox 366 1418 437 1491; x_wconf 86' lang='lat' dir='ltr'>est,</span> <span class='ocrx_word' id='word_1_160' title='bbox 475 1421 516 1478; x_wconf 90' lang='lat' dir='ltr'>ut</span> <span class='ocrx_word' id='word_1_161' title='bbox 545 1410 697 1479; x_wconf 88' lang='lat' dir='ltr'>sciamus</span> <span class='ocrx_word' id='word_1_162' title='bbox 727 1424 902 1502; x_wconf 84' lang='lat' dir='ltr'>quatenus</span> <span class='ocrx_word' id='word_1_163' title='bbox 932 1425 967 1481; x_wconf 72' lang='lat' dir='ltr'>et</span> <span class='ocrx_word' id='word_1_164' title='bbox 995 1413 1059 1483; x_wconf 84' lang='lat' dir='ltr'>ubi</span> <span class='ocrx_word' id='word_1_165' title='bbox 1111 1401 1251 1472; x_wconf 81' lang='lat' dir='ltr'>effectu.</span> <span class='ocrx_word' id='word_1_166' title='bbox 1299 1400 1463 1475; x_wconf 86' lang='lat' dir='ltr'>Christus</span> <span class='ocrx_word' id='word_1_167' title='bbox 1476 1407 1659 1497; x_wconf 89' lang='lat' dir='ltr'>apparuit,</span> <span class='ocrx_word' id='word_1_168' title='bbox 1685 1408 1898 1482; x_wconf 83' lang='lat' dir='ltr'>ut-aboleret</span> <span class='ocrx_word' id='word_1_169' title='bbox 1912 1429 2091 1502; x_wconf 86' lang='lat' dir='ltr'>peccatum</span> 
     </span>
     <span class='ocr_line' id='line_1_14' title="bbox 81 1507 2092 1606; baseline 0.004 -28"><span class='ocrx_word' id='word_1_170' title='bbox 81 1511 169 1581; x_wconf 86' lang='lat' dir='ltr'>bona</span> <span class='ocrx_word' id='word_1_171' title='bbox 184 1530 293 1599; x_wconf 86' lang='lat' dir='ltr'>opera</span> <span class='ocrx_word' id='word_1_172' title='bbox 310 1507 500 1577; x_wconf 89' lang='lat' dir='ltr'>reiicienda</span> <span class='ocrx_word' id='word_1_173' title='bbox 516 1510 606 1589; x_wconf 84' lang='lat' dir='ltr'>sint,</span> <span class='ocrx_word' id='word_1_174' title='bbox 634 1525 667 1581; x_wconf 94' lang='lat' dir='ltr'>et</span> <span class='ocrx_word' id='word_1_175' title='bbox 682 1525 856 1604; x_wconf 87' lang='lat' dir='ltr'>quatenus</span> <span class='ocrx_word' id='word_1_176' title='bbox 872 1513 1059 1606; x_wconf 82' lang='lat' dir='ltr'>requiren.</span> <span class='ocrx_word' id='word_1_177' title='bbox 1110 1516 1145 1572; x_wconf 86' lang='lat' dir='ltr'>et</span> <span class='ocrx_word' id='word_1_178' title='bbox 1160 1516 1329 1591; x_wconf 88' lang='lat' dir='ltr'>mortem,</span> <span class='ocrx_word' id='word_1_179' title='bbox 1350 1522 1384 1579; x_wconf 88' lang='lat' dir='ltr'>et</span> <span class='ocrx_word' id='word_1_180' title='bbox 1404 1510 1604 1579; x_wconf 87' lang='lat' dir='ltr'>restitueret</span> <span class='ocrx_word' id='word_1_181' title='bbox 1625 1521 1809 1594; x_wconf 88' lang='lat' dir='ltr'>naturam,</span> <span class='ocrx_word' id='word_1_182' title='bbox 1835 1526 1873 1582; x_wconf 92' lang='lat' dir='ltr'>ut</span> <span class='ocrx_word' id='word_1_183' title='bbox 1897 1514 2092 1587; x_wconf 85' lang='lat' dir='ltr'>instaurata</span> 
     </span>
     <span class='ocr_line' id='line_1_15' title="bbox 10 1588 2090 1733; baseline 0.007 -58"><span class='ocrx_word' id='word_1_184' title='bbox 10 1588 20 1675; x_wconf 86' lang='lat' dir='ltr'>i</span> <span class='ocrx_word' id='word_1_185' title='bbox 79 1614 141 1697; x_wconf 83' lang='lat' dir='ltr'>da,</span> <span class='ocrx_word' id='word_1_186' title='bbox 164 1622 200 1683; x_wconf 88' lang='lat' dir='ltr'>et</span> <span class='ocrx_word' id='word_1_187' title='bbox 213 1612 395 1705; x_wconf 86' lang='lat' dir='ltr'>quomodo</span> <span class='ocrx_word' id='word_1_188' title='bbox 416 1611 578 1703; x_wconf 83' lang='lat' dir='ltr'>placeant</span> <span class='ocrx_word' id='word_1_189' title='bbox 600 1610 688 1683; x_wconf 85' lang='lat' dir='ltr'>Deo.</span> <span class='ocrx_word' id='word_1_190' title='bbox 1111 1598 1239 1725; x_wconf 74' lang='lat' dir='ltr'>habeat</span> <span class='ocrx_word' id='word_1_191' title='bbox 1255 1608 1363 1725; x_wconf 75' lang='lat' dir='ltr'>vitam</span> <span class='ocrx_word' id='word_1_192' title='bbox 1379 1624 1577 1695; x_wconf 87' lang='lat' dir='ltr'>aeternam,</span> <span class='ocrx_word' id='word_1_193' title='bbox 1601 1633 1695 1707; x_wconf 87' lang='lat' dir='ltr'>quae</span> <span class='ocrx_word' id='word_1_194' title='bbox 1717 1624 1768 1680; x_wconf 84' lang='lat' dir='ltr'>est</span> <span class='ocrx_word' id='word_1_195' title='bbox 1786 1636 1877 1682; x_wconf 87' lang='lat' dir='ltr'>nova</span> <span class='ocrx_word' id='word_1_196' title='bbox 1896 1628 1931 1733; x_wconf 66' lang='lat' dir='ltr'>qt</span> <span class='ocrx_word' id='word_1_197' title='bbox 1948 1632 2090 1689; x_wconf 85' lang='lat' dir='ltr'>aeterna</span> 
     </span>
     <span class='ocr_line' id='line_1_16' title="bbox 285 1708 2089 1898; baseline 0.007 -21"><span class='ocrx_word' id='word_1_198' title='bbox 285 1770 394 1877; x_wconf 75' lang='lat' dir='ltr'>om</span> <span class='ocrx_word' id='word_1_199' title='bbox 412 1776 557 1875; x_wconf 62' lang='lat' dir='ltr'>eatur?</span> <span class='ocrx_word' id='word_1_200' title='bbox 580 1772 844 1853; x_wconf 67' lang='lat' dir='ltr'>maan...»</span> <span class='ocrx_word' id='word_1_201' title='bbox 1109 1708 1562 1884; x_wconf 58' lang='lat' dir='ltr'>illitiillailla</span> <span class='ocrx_word' id='word_1_202' title='bbox 1585 1710 1941 1898; x_wconf 62' lang='lat' dir='ltr'>„itlsf&#39;lzdt‘s</span> <span class='ocrx_word' id='word_1_203' title='bbox 1957 1733 2008 1891; x_wconf 73' lang='lat' dir='ltr'>{l</span> <span class='ocrx_word' id='word_1_204' title='bbox 2027 1721 2089 1890; x_wconf 67' lang='lat' dir='ltr'>li</span> 
     </span>
     <span class='ocr_line' id='line_1_17' title="bbox 171 1908 2088 2014; baseline 0.006 -31"><span class='ocrx_word' id='word_1_205' title='bbox 171 1908 415 1985; x_wconf 79' lang='lat' dir='ltr'>Necessarium</span> <span class='ocrx_word' id='word_1_206' title='bbox 445 1917 713 2007; x_wconf 87' lang='lat' dir='ltr'>occupationem</span> <span class='ocrx_word' id='word_1_207' title='bbox 757 1917 881 1988; x_wconf 88' lang='lat' dir='ltr'>inserit</span> <span class='ocrx_word' id='word_1_208' title='bbox 911 1916 1056 1996; x_wconf 89' lang='lat' dir='ltr'>Paulus.</span> <span class='ocrx_word' id='word_1_209' title='bbox 1108 1913 1203 1982; x_wconf 75' lang='lat' dir='ltr'>cotti</span> <span class='ocrx_word' id='word_1_210' title='bbox 1224 1927 1259 1984; x_wconf 85' lang='lat' dir='ltr'>et</span> <span class='ocrx_word' id='word_1_211' title='bbox 1281 1916 1450 2004; x_wconf 85' lang='lat' dir='ltr'>praestari</span> <span class='ocrx_word' id='word_1_212' title='bbox 1475 1940 1602 1985; x_wconf 85' lang='lat' dir='ltr'>novam</span> <span class='ocrx_word' id='word_1_213' title='bbox 1627 1916 1886 2003; x_wconf 85' lang='lat' dir='ltr'>obedientiam,</span> <span class='ocrx_word' id='word_1_214' title='bbox 1920 1922 2002 2014; x_wconf 92' lang='lat' dir='ltr'>quia</span> <span class='ocrx_word' id='word_1_215' title='bbox 2024 1923 2088 1995; x_wconf 88' lang='lat' dir='ltr'>illa</span> 
     </span>
     <span class='ocr_line' id='line_1_18' title="bbox 10 2012 2087 2110; baseline 0.004 -25"><span class='ocrx_word' id='word_1_216' title='bbox 10 2020 12 2027; x_wconf 88' lang='lat'>&#39;</span> <span class='ocrx_word' id='word_1_217' title='bbox 74 2012 161 2085; x_wconf 75' lang='lat' dir='ltr'>tiam</span> <span class='ocrx_word' id='word_1_218' title='bbox 190 2014 253 2085; x_wconf 91' lang='lat' dir='ltr'>illa</span> <span class='ocrx_word' id='word_1_219' title='bbox 268 2016 368 2107; x_wconf 85' lang='lat' dir='ltr'>prior</span> <span class='ocrx_word' id='word_1_220' title='bbox 390 2042 473 2088; x_wconf 77' lang='lat' dir='ltr'>vox:</span> <span class='ocrx_word' id='word_1_221' title='bbox 495 2017 577 2089; x_wconf 88' lang='lat' dir='ltr'>Non</span> <span class='ocrx_word' id='word_1_222' title='bbox 601 2020 684 2090; x_wconf 87' lang='lat' dir='ltr'>estis</span> <span class='ocrx_word' id='word_1_223' title='bbox 707 2021 774 2090; x_wconf 89' lang='lat' dir='ltr'>sub</span> <span class='ocrx_word' id='word_1_224' title='bbox 796 2019 890 2110; x_wconf 78' lang='lat' dir='ltr'>lege,</span> <span class='ocrx_word' id='word_1_225' title='bbox 914 2022 1056 2093; x_wconf 66' lang='lat' dir='ltr'>videtur</span> <span class='ocrx_word' id='word_1_226' title='bbox 1107 2012 1182 2104; x_wconf 88' lang='lat' dir='ltr'>ipsa</span> <span class='ocrx_word' id='word_1_227' title='bbox 1206 2016 1345 2085; x_wconf 85' lang='lat' dir='ltr'>novitas</span> <span class='ocrx_word' id='word_1_228' title='bbox 1366 2016 1561 2109; x_wconf 87' lang='lat' dir='ltr'>spiritualis</span> <span class='ocrx_word' id='word_1_229' title='bbox 1586 2031 1638 2089; x_wconf 88' lang='lat' dir='ltr'>est</span> <span class='ocrx_word' id='word_1_230' title='bbox 1659 2018 1719 2085; x_wconf 91' lang='lat' dir='ltr'>illa</span> <span class='ocrx_word' id='word_1_231' title='bbox 1741 2019 1961 2108; x_wconf 89' lang='lat' dir='ltr'>obedientia,</span> <span class='ocrx_word' id='word_1_232' title='bbox 1979 2018 2028 2096; x_wconf 88' lang='lat' dir='ltr'>Et</span> <span class='ocrx_word' id='word_1_233' title='bbox 2048 2026 2087 2095; x_wconf 90' lang='lat' dir='ltr'>iu</span> 
     </span>
     <span class='ocr_line' id='line_1_19' title="bbox 73 2114 2087 2211; baseline 0.003 -22"><span class='ocrx_word' id='word_1_234' title='bbox 73 2116 347 2205; x_wconf 78' lang='lat' dir='ltr'>absurdissima,</span> <span class='ocrx_word' id='word_1_235' title='bbox 372 2115 466 2189; x_wconf 88' lang='lat' dir='ltr'>nihil</span> <span class='ocrx_word' id='word_1_236' title='bbox 488 2122 583 2189; x_wconf 89' lang='lat' dir='ltr'>enim</span> <span class='ocrx_word' id='word_1_237' title='bbox 600 2123 709 2211; x_wconf 83' lang='lat' dir='ltr'>magis</span> <span class='ocrx_word' id='word_1_238' title='bbox 724 2137 843 2191; x_wconf 89' lang='lat' dir='ltr'>amant</span> <span class='ocrx_word' id='word_1_239' title='bbox 861 2123 975 2192; x_wconf 77' lang='lat' dir='ltr'>bonae</span> <span class='ocrx_word' id='word_1_240' title='bbox 989 2148 1054 2194; x_wconf 76' lang='lat' dir='ltr'>na.</span> <span class='ocrx_word' id='word_1_241' title='bbox 1106 2137 1242 2187; x_wconf 87' lang='lat' dir='ltr'>summa</span> <span class='ocrx_word' id='word_1_242' title='bbox 1267 2114 1502 2208; x_wconf 80' lang='lat' dir='ltr'>Evangelium</span> <span class='ocrx_word' id='word_1_243' title='bbox 1525 2144 1605 2189; x_wconf 92' lang='lat' dir='ltr'>cum</span> <span class='ocrx_word' id='word_1_244' title='bbox 1629 2121 1740 2188; x_wconf 91' lang='lat' dir='ltr'>donat</span> <span class='ocrx_word' id='word_1_245' title='bbox 1759 2122 2087 2196; x_wconf 86' lang='lat' dir='ltr'>reconciliationem</span> 
     </span>
     <span class='ocr_line' id='line_1_20' title="bbox 72 2215 2086 2319; baseline 0.005 -31"><span class='ocrx_word' id='word_1_246' title='bbox 72 2233 190 2305; x_wconf 88' lang='lat' dir='ltr'>turae,</span> <span class='ocrx_word' id='word_1_247' title='bbox 216 2242 323 2312; x_wconf 88' lang='lat' dir='ltr'>quam</span> <span class='ocrx_word' id='word_1_248' title='bbox 344 2220 467 2310; x_wconf 82' lang='lat' dir='ltr'>legem.</span> <span class='ocrx_word' id='word_1_249' title='bbox 520 2219 604 2292; x_wconf 90' lang='lat' dir='ltr'>Ideo</span> <span class='ocrx_word' id='word_1_250' title='bbox 627 2248 701 2313; x_wconf 91' lang='lat' dir='ltr'>non</span> <span class='ocrx_word' id='word_1_251' title='bbox 716 2237 830 2316; x_wconf 90' lang='lat' dir='ltr'>potest</span> <span class='ocrx_word' id='word_1_252' title='bbox 845 2224 940 2308; x_wconf 86' lang='lat' dir='ltr'>ficri,</span> <span class='ocrx_word' id='word_1_253' title='bbox 965 2226 1053 2319; x_wconf 80' lang='lat' dir='ltr'>quin</span> <span class='ocrx_word' id='word_1_254' title='bbox 1105 2232 1249 2310; x_wconf 89' lang='lat' dir='ltr'>propter</span> <span class='ocrx_word' id='word_1_255' title='bbox 1265 2215 1469 2301; x_wconf 84' lang='lat' dir='ltr'>Christum,</span> <span class='ocrx_word' id='word_1_256' title='bbox 1494 2221 1600 2290; x_wconf 81' lang='lat' dir='ltr'>simul</span> <span class='ocrx_word' id='word_1_257' title='bbox 1618 2221 1762 2292; x_wconf 86' lang='lat' dir='ltr'>subiicit</span> <span class='ocrx_word' id='word_1_258' title='bbox 1781 2245 1847 2292; x_wconf 86' lang='lat' dir='ltr'>nos</span> <span class='ocrx_word' id='word_1_259' title='bbox 1863 2222 2086 2299; x_wconf 84' lang='lat' dir='ltr'>obedientiae</span> 
     </span>
     <span class='ocr_line' id='line_1_21' title="bbox 10 2316 2086 2419; baseline 0.011 -32"><span class='ocrx_word' id='word_1_260' title='bbox 10 2406 12 2419; x_wconf 36' lang='grc' dir='ltr'>Ι</span> <span class='ocrx_word' id='word_1_261' title='bbox 73 2316 298 2394; x_wconf 77' lang='lat' dir='ltr'>vehementes</span> <span class='ocrx_word' id='word_1_262' title='bbox 310 2322 542 2394; x_wconf 83' lang='lat' dir='ltr'>offendantur</span> <span class='ocrx_word' id='word_1_263' title='bbox 564 2324 635 2395; x_wconf 86' lang='lat' dir='ltr'>illis</span> <span class='ocrx_word' id='word_1_264' title='bbox 656 2327 752 2396; x_wconf 90' lang='lat' dir='ltr'>velut</span> <span class='ocrx_word' id='word_1_265' title='bbox 773 2326 973 2397; x_wconf 87' lang='lat' dir='ltr'>tribunitiis</span> <span class='ocrx_word' id='word_1_266' title='bbox 988 2353 1052 2398; x_wconf 86' lang='lat' dir='ltr'>vo·</span> <span class='ocrx_word' id='word_1_267' title='bbox 1105 2342 1185 2409; x_wconf 66' lang='lat'>018³</span> <span class='ocrx_word' id='word_1_268' title='bbox 1208 2322 1348 2409; x_wconf 72' lang='lat' dir='ltr'>Deum,</span> <span class='ocrx_word' id='word_1_269' title='bbox 1384 2336 1418 2394; x_wconf 69' lang='lat' dir='ltr'>tl</span> <span class='ocrx_word' id='word_1_270' title='bbox 1453 2324 1571 2393; x_wconf 86' lang='lat' dir='ltr'>inruat</span> <span class='ocrx_word' id='word_1_271' title='bbox 1604 2323 1861 2409; x_wconf 64' lang='lat' dir='ltr'>⁰bet¹lfflliiffls</span> <span class='ocrx_word' id='word_1_272' title='bbox 1893 2318 1991 2417; x_wconf 69' lang='grc' dir='ltr'>Εῑεῠ</span> <span class='ocrx_word' id='word_1_273' title='bbox 2021 2352 2086 2399; x_wconf 72' lang='lat' dir='ltr'>ne-</span> 
     </span>
     <span class='ocr_line' id='line_1_22' title="bbox 10 2422 2085 2518; baseline 0.008 -33"><span class='ocrx_word' id='word_1_274' title='bbox 10 2432 15 2485; x_wconf 81' lang='lat' dir='ltr'>l</span> <span class='ocrx_word' id='word_1_275' title='bbox 72 2422 188 2507; x_wconf 80' lang='lat' dir='ltr'>cibus,</span> <span class='ocrx_word' id='word_1_276' title='bbox 213 2424 403 2517; x_wconf 86' lang='lat' dir='ltr'>inquibus</span> <span class='ocrx_word' id='word_1_277' title='bbox 430 2432 556 2517; x_wconf 84' lang='lat' dir='ltr'>putant</span> <span class='ocrx_word' id='word_1_278' title='bbox 586 2427 634 2496; x_wconf 92' lang='lat' dir='ltr'>ita</span> <span class='ocrx_word' id='word_1_279' title='bbox 660 2429 823 2517; x_wconf 84' lang='lat' dir='ltr'>abrogari</span> <span class='ocrx_word' id='word_1_280' title='bbox 847 2429 980 2518; x_wconf 79' lang='lat' dir='ltr'>legem,</span> <span class='ocrx_word' id='word_1_281' title='bbox 1012 2445 1052 2502; x_wconf 76' lang='lat' dir='ltr'>ut</span> <span class='ocrx_word' id='word_1_282' title='bbox 1104 2445 1196 2492; x_wconf 84' lang='lat' dir='ltr'>cesse</span> <span class='ocrx_word' id='word_1_283' title='bbox 1211 2438 1263 2497; x_wconf 87' lang='lat' dir='ltr'>est</span> <span class='ocrx_word' id='word_1_284' title='bbox 1280 2426 1437 2495; x_wconf 87' lang='lat' dir='ltr'>obedire.</span> <span class='ocrx_word' id='word_1_285' title='bbox 1479 2424 1593 2496; x_wconf 87' lang='lat' dir='ltr'>Nemo</span> <span class='ocrx_word' id='word_1_286' title='bbox 1609 2448 1682 2494; x_wconf 93' lang='lat' dir='ltr'>non</span> <span class='ocrx_word' id='word_1_287' title='bbox 1699 2424 1796 2495; x_wconf 87' lang='lat' dir='ltr'>videt</span> <span class='ocrx_word' id='word_1_288' title='bbox 1810 2425 1880 2494; x_wconf 88' lang='lat' dir='ltr'>huc</span> <span class='ocrx_word' id='word_1_289' title='bbox 1895 2450 2085 2518; x_wconf 80' lang='lat' dir='ltr'>argumen-</span> 
     </span>
     <span class='ocr_line' id='line_1_23' title="bbox 10 2524 2084 2623; baseline -0.001 -26"><span class='ocrx_word' id='word_1_290' title='bbox 10 2534 17 2597; x_wconf 78' lang='lat' dir='ltr'>l</span> <span class='ocrx_word' id='word_1_291' title='bbox 72 2526 282 2596; x_wconf 78' lang='lat' dir='ltr'>concedatur</span> <span class='ocrx_word' id='word_1_292' title='bbox 296 2524 438 2597; x_wconf 89' lang='lat' dir='ltr'>licentia</span> <span class='ocrx_word' id='word_1_293' title='bbox 455 2528 635 2618; x_wconf 90' lang='lat' dir='ltr'>peccandi.</span> <span class='ocrx_word' id='word_1_294' title='bbox 688 2528 800 2623; x_wconf 89' lang='lat' dir='ltr'>Saepe</span> <span class='ocrx_word' id='word_1_295' title='bbox 822 2545 940 2602; x_wconf 88' lang='lat' dir='ltr'>autem</span> <span class='ocrx_word' id='word_1_296' title='bbox 965 2533 1051 2603; x_wconf 88' lang='lat' dir='ltr'>alias</span> <span class='ocrx_word' id='word_1_297' title='bbox 1102 2536 1178 2592; x_wconf 80' lang='lat' dir='ltr'>tum</span> <span class='ocrx_word' id='word_1_298' title='bbox 1193 2548 1267 2596; x_wconf 81' lang='lat' dir='ltr'>etse</span> <span class='ocrx_word' id='word_1_299' title='bbox 1282 2543 1426 2619; x_wconf 78' lang='lat' dir='ltr'>aptum,</span> <span class='ocrx_word' id='word_1_300' title='bbox 1452 2541 1486 2597; x_wconf 88' lang='lat' dir='ltr'>et</span> <span class='ocrx_word' id='word_1_301' title='bbox 1502 2527 1686 2619; x_wconf 88' lang='lat' dir='ltr'>proprium</span> <span class='ocrx_word' id='word_1_302' title='bbox 1702 2528 1843 2617; x_wconf 81' lang='lat' dir='ltr'>negotio</span> <span class='ocrx_word' id='word_1_303' title='bbox 1865 2542 1899 2599; x_wconf 84' lang='lat' dir='ltr'>et</span> <span class='ocrx_word' id='word_1_304' title='bbox 1923 2555 1963 2599; x_wconf 80' lang='lat' dir='ltr'>ex</span> <span class='ocrx_word' id='word_1_305' title='bbox 1979 2556 2084 2604; x_wconf 65' lang='lat' dir='ltr'>caum</span> 
     </span>
     <span class='ocr_line' id='line_1_24' title="bbox 10 2608 2084 2737; baseline 0.006 -44"><span class='ocrx_word' id='word_1_306' title='bbox 10 2608 16 2737; x_wconf 66' lang='grc' dir='ltr'>Ἰ</span> <span class='ocrx_word' id='word_1_307' title='bbox 73 2627 203 2699; x_wconf 87' lang='lat' dir='ltr'>dictum</span> <span class='ocrx_word' id='word_1_308' title='bbox 234 2640 304 2710; x_wconf 84' lang='lat' dir='ltr'>est,</span> <span class='ocrx_word' id='word_1_309' title='bbox 341 2623 434 2698; x_wconf 85' lang='lat' dir='ltr'>hano</span> <span class='ocrx_word' id='word_1_310' title='bbox 461 2631 736 2721; x_wconf 77' lang='lat' dir='ltr'>disputationem</span> <span class='ocrx_word' id='word_1_311' title='bbox 770 2629 872 2702; x_wconf 72' lang='lat' dir='ltr'>Pauli</span> <span class='ocrx_word' id='word_1_312' title='bbox 905 2657 1050 2725; x_wconf 63' lang='lat' dir='ltr'>prorsus</span> <span class='ocrx_word' id='word_1_313' title='bbox 1101 2626 1201 2697; x_wconf 85' lang='lat' dir='ltr'>finali</span> <span class='ocrx_word' id='word_1_314' title='bbox 1224 2644 1393 2702; x_wconf 87' lang='lat' dir='ltr'>sumtum.</span> <span class='ocrx_word' id='word_1_315' title='bbox 1455 2627 1557 2700; x_wconf 90' lang='lat' dir='ltr'>Hanc</span> <span class='ocrx_word' id='word_1_316' title='bbox 1579 2629 1693 2721; x_wconf 86' lang='lat' dir='ltr'>ipsam</span> <span class='ocrx_word' id='word_1_317' title='bbox 1714 2629 1925 2700; x_wconf 88' lang='lat' dir='ltr'>sententiam</span> <span class='ocrx_word' id='word_1_318' title='bbox 1950 2630 2084 2705; x_wconf 87' lang='lat' dir='ltr'>Paulus</span> 
     </span>
     <span class='ocr_line' id='line_1_25' title="bbox 10 2724 1449 2825; baseline 0.005 -26"><span class='ocrx_word' id='word_1_319' title='bbox 10 2748 17 2813; x_wconf 71' lang='lat' dir='ltr'>f</span> <span class='ocrx_word' id='word_1_320' title='bbox 72 2724 161 2799; x_wconf 81' lang='lat' dir='ltr'>nibil</span> <span class='ocrx_word' id='word_1_321' title='bbox 191 2729 369 2819; x_wconf 84' lang='lat' dir='ltr'>pertinere</span> <span class='ocrx_word' id='word_1_322' title='bbox 397 2732 441 2800; x_wconf 89' lang='lat' dir='ltr'>ad</span> <span class='ocrx_word' id='word_1_323' title='bbox 465 2732 645 2823; x_wconf 88' lang='lat' dir='ltr'>politicam</span> <span class='ocrx_word' id='word_1_324' title='bbox 673 2735 805 2819; x_wconf 89' lang='lat' dir='ltr'>vitam,</span> <span class='ocrx_word' id='word_1_325' title='bbox 836 2758 902 2804; x_wconf 90' lang='lat' dir='ltr'>nec</span> <span class='ocrx_word' id='word_1_326' title='bbox 924 2734 1049 2806; x_wconf 89' lang='lat' dir='ltr'>tollere</span> <span class='ocrx_word' id='word_1_327' title='bbox 1100 2730 1219 2800; x_wconf 75' lang='lat' dir='ltr'>reddit</span> <span class='ocrx_word' id='word_1_328' title='bbox 1233 2731 1449 2825; x_wconf 69' lang='lat' dir='ltr'>syllogismo·</span> 
     </span>
     <span class='ocr_line' id='line_1_26' title="bbox 73 2829 2143 2931; baseline 0.004 -32"><span class='ocrx_word' id='word_1_329' title='bbox 73 2829 291 2922; x_wconf 87' lang='lat' dir='ltr'>disciplinam</span> <span class='ocrx_word' id='word_1_330' title='bbox 307 2844 367 2903; x_wconf 90' lang='lat' dir='ltr'>aut</span> <span class='ocrx_word' id='word_1_331' title='bbox 386 2856 503 2902; x_wconf 89' lang='lat' dir='ltr'>mores</span> <span class='ocrx_word' id='word_1_332' title='bbox 524 2834 664 2921; x_wconf 86' lang='lat' dir='ltr'>civiles,</span> <span class='ocrx_word' id='word_1_333' title='bbox 689 2836 749 2905; x_wconf 89' lang='lat' dir='ltr'>sed</span> <span class='ocrx_word' id='word_1_334' title='bbox 771 2858 914 2927; x_wconf 88' lang='lat' dir='ltr'>prorsus</span> <span class='ocrx_word' id='word_1_335' title='bbox 940 2838 1047 2907; x_wconf 89' lang='lat' dir='ltr'>eliam</span> <span class='ocrx_word' id='word_1_336' title='bbox 1155 2829 1408 2927; x_wconf 77' lang='lat' dir='ltr'>Unusquisque</span> <span class='ocrx_word' id='word_1_337' title='bbox 1452 2831 1575 2903; x_wconf 90' lang='lat' dir='ltr'>obedit</span> <span class='ocrx_word' id='word_1_338' title='bbox 1614 2832 1690 2917; x_wconf 92' lang='lat' dir='ltr'>illi,</span> <span class='ocrx_word' id='word_1_339' title='bbox 1743 2832 1801 2902; x_wconf 92' lang='lat' dir='ltr'>cui</span> <span class='ocrx_word' id='word_1_340' title='bbox 1846 2832 1918 2904; x_wconf 91' lang='lat' dir='ltr'>iam</span> <span class='ocrx_word' id='word_1_341' title='bbox 1956 2837 2082 2911; x_wconf 87' lang='lat' dir='ltr'>subdi·</span> <span class='ocrx_word' id='word_1_342' title='bbox 2141 2926 2143 2931; x_wconf 67' lang='lat'>,</span> 
     </span>
     <span class='ocr_line' id='line_1_27' title="bbox 10 2926 1344 3031; baseline 0.004 -31"><span class='ocrx_word' id='word_1_343' title='bbox 10 2938 19 3031; x_wconf 68' lang='grc' dir='ltr'>ξ</span> <span class='ocrx_word' id='word_1_344' title='bbox 73 2926 217 3001; x_wconf 83' lang='lat' dir='ltr'>rembir</span> <span class='ocrx_word' id='word_1_345' title='bbox 239 2931 307 3023; x_wconf 72' lang='lat' dir='ltr'>agi.</span> <span class='ocrx_word' id='word_1_346' title='bbox 360 2929 435 3003; x_wconf 81' lang='lat' dir='ltr'>Alii</span> <span class='ocrx_word' id='word_1_347' title='bbox 457 2935 560 3006; x_wconf 81' lang='lat' dir='ltr'>facile</span> <span class='ocrx_word' id='word_1_348' title='bbox 580 2931 640 3006; x_wconf 88' lang='lat' dir='ltr'>hic</span> <span class='ocrx_word' id='word_1_349' title='bbox 664 2941 837 3023; x_wconf 88' lang='lat' dir='ltr'>evadunt,</span> <span class='ocrx_word' id='word_1_350' title='bbox 857 2939 919 3031; x_wconf 86' lang='lat' dir='ltr'>qui</span> <span class='ocrx_word' id='word_1_351' title='bbox 938 2938 1047 3009; x_wconf 87' lang='lat' dir='ltr'>liber·</span> <span class='ocrx_word' id='word_1_352' title='bbox 1099 2944 1156 3003; x_wconf 87' lang='lat' dir='ltr'>tus</span> <span class='ocrx_word' id='word_1_353' title='bbox 1178 2946 1245 3004; x_wconf 84' lang='lat' dir='ltr'>est:</span> <span class='ocrx_word' id='word_1_354' title='bbox 1342 2936 1344 2941; x_wconf 79' lang='grc'><strong>’</strong></span> 
     </span>
     <span class='ocr_line' id='line_1_28' title="bbox 10 3031 2079 3128; baseline 0.003 -23"><span class='ocrx_word' id='word_1_355' title='bbox 10 3056 16 3117; x_wconf 74' lang='lat' dir='ltr'>j:</span> <span class='ocrx_word' id='word_1_356' title='bbox 73 3046 172 3105; x_wconf 83' lang='lat' dir='ltr'>utem</span> <span class='ocrx_word' id='word_1_357' title='bbox 197 3034 357 3105; x_wconf 83' lang='lat' dir='ltr'>retemnt</span> <span class='ocrx_word' id='word_1_358' title='bbox 378 3049 514 3107; x_wconf 83' lang='lat' dir='ltr'>tantum</span> <span class='ocrx_word' id='word_1_359' title='bbox 535 3037 578 3106; x_wconf 82' lang='lat' dir='ltr'>ad</span> <span class='ocrx_word' id='word_1_360' title='bbox 603 3039 866 3128; x_wconf 78' lang='lat' dir='ltr'>abrogationem</span> <span class='ocrx_word' id='word_1_361' title='bbox 885 3047 1048 3112; x_wconf 81' lang='lat' dir='ltr'>&#39;ceremo-</span> <span class='ocrx_word' id='word_1_362' title='bbox 1151 3031 1224 3105; x_wconf 90' lang='lat' dir='ltr'>Vos</span> <span class='ocrx_word' id='word_1_363' title='bbox 1254 3059 1328 3106; x_wconf 90' lang='lat' dir='ltr'>non</span> <span class='ocrx_word' id='word_1_364' title='bbox 1358 3036 1440 3107; x_wconf 82' lang='lat' dir='ltr'>estis</span> <span class='ocrx_word' id='word_1_365' title='bbox 1470 3034 1605 3107; x_wconf 85' lang='lat' dir='ltr'>subditi</span> <span class='ocrx_word' id='word_1_366' title='bbox 1640 3047 1801 3125; x_wconf 81' lang='lat' dir='ltr'>peccato,</span> <span class='ocrx_word' id='word_1_367' title='bbox 1843 3039 1904 3107; x_wconf 86' lang='lat' dir='ltr'>sed</span> <span class='ocrx_word' id='word_1_368' title='bbox 1937 3040 2079 3112; x_wconf 81' lang='lat' dir='ltr'>liberati</span> 
     </span>
     <span class='ocr_line' id='line_1_29' title="bbox 72 3135 2079 3233; baseline 0.004 -27.73"><span class='ocrx_word' id='word_1_369' title='bbox 72 3135 209 3206; x_wconf 86' lang='lat' dir='ltr'>uiarum</span> <span class='ocrx_word' id='word_1_370' title='bbox 223 3148 258 3206; x_wconf 91' lang='lat' dir='ltr'>et</span> <span class='ocrx_word' id='word_1_371' title='bbox 268 3136 430 3227; x_wconf 87' lang='lat' dir='ltr'>politicae</span> <span class='ocrx_word' id='word_1_372' title='bbox 440 3136 628 3225; x_wconf 90' lang='lat' dir='ltr'>Mosaicae,</span> <span class='ocrx_word' id='word_1_373' title='bbox 643 3165 716 3210; x_wconf 80' lang='lat' dir='ltr'>nora</span> <span class='ocrx_word' id='word_1_374' title='bbox 734 3144 778 3211; x_wconf 87' lang='lat' dir='ltr'>ad</span> <span class='ocrx_word' id='word_1_375' title='bbox 795 3155 905 3212; x_wconf 88' lang='lat' dir='ltr'>totam</span> <span class='ocrx_word' id='word_1_376' title='bbox 921 3143 1046 3233; x_wconf 82' lang='lat' dir='ltr'>legem.</span> <span class='ocrx_word' id='word_1_377' title='bbox 1097 3152 1298 3228; x_wconf 88' lang='lat' dir='ltr'>apeccato,</span> <span class='ocrx_word' id='word_1_378' title='bbox 1323 3151 1357 3210; x_wconf 89' lang='lat' dir='ltr'>et</span> <span class='ocrx_word' id='word_1_379' title='bbox 1374 3139 1457 3210; x_wconf 87' lang='lat' dir='ltr'>estis</span> <span class='ocrx_word' id='word_1_380' title='bbox 1471 3137 1623 3209; x_wconf 89' lang='lat' dir='ltr'>traducti</span> <span class='ocrx_word' id='word_1_381' title='bbox 1641 3139 1681 3207; x_wconf 93' lang='lat' dir='ltr'>in</span> <span class='ocrx_word' id='word_1_382' title='bbox 1695 3160 1843 3228; x_wconf 76' lang='lat' dir='ltr'>reguum</span> <span class='ocrx_word' id='word_1_383' title='bbox 1860 3136 1927 3209; x_wconf 90' lang='lat' dir='ltr'>Dei</span> <span class='ocrx_word' id='word_1_384' title='bbox 1946 3156 1978 3214; x_wconf 92' lang='lat' dir='ltr'>et</span> <span class='ocrx_word' id='word_1_385' title='bbox 1993 3144 2079 3214; x_wconf 88' lang='lat' dir='ltr'>sub·</span> 
     </span>
     <span class='ocr_line' id='line_1_30' title="bbox 164 3236 1280 3329; baseline 0.007 -20"><span class='ocrx_word' id='word_1_386' title='bbox 164 3236 279 3329; x_wconf 84' lang='lat' dir='ltr'>Saepe</span> <span class='ocrx_word' id='word_1_387' title='bbox 303 3239 372 3307; x_wconf 90' lang='lat' dir='ltr'>iam</span> <span class='ocrx_word' id='word_1_388' title='bbox 396 3240 530 3310; x_wconf 89' lang='lat' dir='ltr'>dictum</span> <span class='ocrx_word' id='word_1_389' title='bbox 553 3256 623 3323; x_wconf 86' lang='lat' dir='ltr'>est,</span> <span class='ocrx_word' id='word_1_390' title='bbox 650 3241 802 3314; x_wconf 91' lang='lat' dir='ltr'>Paulum</span> <span class='ocrx_word' id='word_1_391' title='bbox 823 3238 884 3313; x_wconf 90' lang='lat' dir='ltr'>hic</span> <span class='ocrx_word' id='word_1_392' title='bbox 904 3245 1046 3317; x_wconf 90' lang='lat' dir='ltr'>concio-</span> <span class='ocrx_word' id='word_1_393' title='bbox 1097 3239 1163 3309; x_wconf 87' lang='lat' dir='ltr'>diti</span> <span class='ocrx_word' id='word_1_394' title='bbox 1190 3237 1280 3309; x_wconf 81' lang='lat' dir='ltr'>Deo:</span> 
     </span>
     <span class='ocr_line' id='line_1_31' title="bbox 73 3335 2028 3433; baseline 0.005 -24"><span class='ocrx_word' id='word_1_395' title='bbox 73 3340 142 3410; x_wconf 85' lang='lat' dir='ltr'>nari</span> <span class='ocrx_word' id='word_1_396' title='bbox 161 3337 349 3432; x_wconf 86' lang='lat' dir='ltr'>praecipue</span> <span class='ocrx_word' id='word_1_397' title='bbox 364 3342 408 3409; x_wconf 90' lang='lat' dir='ltr'>de</span> <span class='ocrx_word' id='word_1_398' title='bbox 423 3341 550 3411; x_wconf 88' lang='lat' dir='ltr'>morali</span> <span class='ocrx_word' id='word_1_399' title='bbox 573 3343 666 3433; x_wconf 79' lang='lat' dir='ltr'>lege,</span> <span class='ocrx_word' id='word_1_400' title='bbox 693 3359 728 3417; x_wconf 89' lang='lat' dir='ltr'>et</span> <span class='ocrx_word' id='word_1_401' title='bbox 750 3346 787 3413; x_wconf 92' lang='lat' dir='ltr'>in</span> <span class='ocrx_word' id='word_1_402' title='bbox 814 3369 950 3416; x_wconf 88' lang='lat' dir='ltr'>summa</span> <span class='ocrx_word' id='word_1_403' title='bbox 968 3349 1047 3418; x_wconf 88' lang='lat' dir='ltr'>vult</span> <span class='ocrx_word' id='word_1_404' title='bbox 1147 3335 1244 3430; x_wconf 76' lang='lat' dir='ltr'>Ergo</span> <span class='ocrx_word' id='word_1_405' title='bbox 1260 3364 1333 3410; x_wconf 91' lang='lat' dir='ltr'>nnn</span> <span class='ocrx_word' id='word_1_406' title='bbox 1355 3340 1490 3412; x_wconf 85' lang='lat' dir='ltr'>debetis</span> <span class='ocrx_word' id='word_1_407' title='bbox 1512 3341 1658 3412; x_wconf 87' lang='lat' dir='ltr'>obedire</span> <span class='ocrx_word' id='word_1_408' title='bbox 1682 3355 1841 3432; x_wconf 90' lang='lat' dir='ltr'>peccato,</span> <span class='ocrx_word' id='word_1_409' title='bbox 1863 3344 1924 3412; x_wconf 90' lang='lat' dir='ltr'>sed</span> <span class='ocrx_word' id='word_1_410' title='bbox 1938 3339 2028 3419; x_wconf 90' lang='lat' dir='ltr'>Deo.</span> 
     </span>
     <span class='ocr_line' id='line_1_32' title="bbox 72 3442 2211 3538; baseline 0.001 -27"><span class='ocrx_word' id='word_1_411' title='bbox 72 3466 130 3513; x_wconf 91' lang='lat' dir='ltr'>uos</span> <span class='ocrx_word' id='word_1_412' title='bbox 144 3442 315 3511; x_wconf 89' lang='lat' dir='ltr'>liberatos</span> <span class='ocrx_word' id='word_1_413' title='bbox 330 3450 404 3511; x_wconf 86' lang='lat' dir='ltr'>esse</span> <span class='ocrx_word' id='word_1_414' title='bbox 419 3466 438 3512; x_wconf 84' lang='lat' dir='ltr'>a</span> <span class='ocrx_word' id='word_1_415' title='bbox 453 3457 526 3513; x_wconf 89' lang='lat' dir='ltr'>tota</span> <span class='ocrx_word' id='word_1_416' title='bbox 544 3444 639 3534; x_wconf 81' lang='lat' dir='ltr'>lege,</span> <span class='ocrx_word' id='word_1_417' title='bbox 665 3449 760 3538; x_wconf 87' lang='lat' dir='ltr'>quod</span> <span class='ocrx_word' id='word_1_418' title='bbox 785 3448 910 3519; x_wconf 85' lang='lat' dir='ltr'>attinet</span> <span class='ocrx_word' id='word_1_419' title='bbox 923 3451 966 3518; x_wconf 88' lang='lat' dir='ltr'>ad</span> <span class='ocrx_word' id='word_1_420' title='bbox 989 3450 1045 3519; x_wconf 90' lang='lat' dir='ltr'>iu·</span> <span class='ocrx_word' id='word_1_421' title='bbox 1199 3442 1320 3515; x_wconf 85' lang='lat' dir='ltr'>Potest</span> <span class='ocrx_word' id='word_1_422' title='bbox 1332 3445 1590 3515; x_wconf 85' lang='lat' dir='ltr'>accommodari</span> <span class='ocrx_word' id='word_1_423' title='bbox 1608 3447 1702 3513; x_wconf 87' lang='lat' dir='ltr'>etad</span> <span class='ocrx_word' id='word_1_424' title='bbox 1719 3466 1858 3515; x_wconf 87' lang='lat' dir='ltr'>causam</span> <span class='ocrx_word' id='word_1_425' title='bbox 1881 3446 2080 3535; x_wconf 81' lang='lat' dir='ltr'>formalem,</span> <span class='ocrx_word' id='word_1_426' title='bbox 2187 3494 2211 3511; x_wconf 80' lang='grc'>.-</span> 
     </span>
     <span class='ocr_line' id='line_1_33' title="bbox 72 3540 2043 3642; baseline 0 -25"><span class='ocrx_word' id='word_1_427' title='bbox 72 3543 334 3629; x_wconf 86' lang='lat' dir='ltr'>ttilicatione‘rn,</span> <span class='ocrx_word' id='word_1_428' title='bbox 359 3545 394 3615; x_wconf 89' lang='lat' dir='ltr'>id</span> <span class='ocrx_word' id='word_1_429' title='bbox 418 3556 487 3626; x_wconf 86' lang='lat' dir='ltr'>est,</span> <span class='ocrx_word' id='word_1_430' title='bbox 502 3540 585 3616; x_wconf 81' lang='lat' dir='ltr'>Alia</span> <span class='ocrx_word' id='word_1_431' title='bbox 600 3570 656 3617; x_wconf 85' lang='lat' dir='ltr'>res</span> <span class='ocrx_word' id='word_1_432' title='bbox 672 3550 850 3641; x_wconf 91' lang='lat' dir='ltr'>proposita</span> <span class='ocrx_word' id='word_1_433' title='bbox 868 3565 936 3634; x_wconf 89' lang='lat' dir='ltr'>est,</span> <span class='ocrx_word' id='word_1_434' title='bbox 961 3574 1045 3642; x_wconf 90' lang='lat' dir='ltr'>pro-</span> <span class='ocrx_word' id='word_1_435' title='bbox 1096 3558 1138 3617; x_wconf 88' lang='lat' dir='ltr'>ut</span> <span class='ocrx_word' id='word_1_436' title='bbox 1152 3545 1183 3616; x_wconf 90' lang='lat' dir='ltr'>si</span> <span class='ocrx_word' id='word_1_437' title='bbox 1198 3547 1311 3616; x_wconf 86' lang='lat' dir='ltr'>dicas:</span> <span class='ocrx_word' id='word_1_438' title='bbox 1339 3543 1475 3615; x_wconf 86' lang='lat' dir='ltr'>Sanum</span> <span class='ocrx_word' id='word_1_439' title='bbox 1491 3569 1619 3637; x_wconf 87' lang='lat' dir='ltr'>corpus</span> <span class='ocrx_word' id='word_1_440' title='bbox 1636 3541 1744 3616; x_wconf 91' lang='lat' dir='ltr'>babet</span> <span class='ocrx_word' id='word_1_441' title='bbox 1758 3569 1860 3616; x_wconf 86' lang='lat' dir='ltr'>sanas</span> <span class='ocrx_word' id='word_1_442' title='bbox 1877 3548 2043 3620; x_wconf 84' lang='lat' dir='ltr'>actiones.</span> 
     </span>
     <span class='ocr_line' id='line_1_34' title="bbox 70 3640 2074 3742; baseline 0 -23"><span class='ocrx_word' id='word_1_443' title='bbox 70 3660 141 3739; x_wconf 85' lang='lat' dir='ltr'>pler</span> <span class='ocrx_word' id='word_1_444' title='bbox 160 3668 271 3739; x_wconf 84' lang='lat' dir='ltr'>quam</span> <span class='ocrx_word' id='word_1_445' title='bbox 288 3640 461 3717; x_wconf 88' lang='lat' dir='ltr'>babemus</span> <span class='ocrx_word' id='word_1_446' title='bbox 482 3649 724 3718; x_wconf 83' lang='lat' dir='ltr'>remissionem</span> <span class='ocrx_word' id='word_1_447' title='bbox 745 3664 988 3742; x_wconf 85' lang='lat' dir='ltr'>pcccatorum,</span> <span class='ocrx_word' id='word_1_448' title='bbox 1010 3668 1046 3724; x_wconf 89' lang='lat' dir='ltr'>et</span> <span class='ocrx_word' id='word_1_449' title='bbox 1197 3644 1364 3719; x_wconf 87' lang='lat' dir='ltr'>Calidum</span> <span class='ocrx_word' id='word_1_450' title='bbox 1378 3670 1504 3738; x_wconf 89' lang='lat' dir='ltr'>corpus</span> <span class='ocrx_word' id='word_1_451' title='bbox 1519 3647 1693 3732; x_wconf 79' lang='lat' dir='ltr'>calefacit,</span> <span class='ocrx_word' id='word_1_452' title='bbox 1720 3648 1768 3718; x_wconf 91' lang='lat' dir='ltr'>ita</span> <span class='ocrx_word' id='word_1_453' title='bbox 1797 3649 1835 3716; x_wconf 92' lang='lat' dir='ltr'>in</span> <span class='ocrx_word' id='word_1_454' title='bbox 1860 3643 1927 3717; x_wconf 91' lang='lat' dir='ltr'>hoc</span> <span class='ocrx_word' id='word_1_455' title='bbox 1943 3673 2074 3738; x_wconf 90' lang='lat' dir='ltr'>propo-</span> 
     </span>
     <span class='ocr_line' id='line_1_35' title="bbox 68 3742 2076 3842; baseline -0.001 -21"><span class='ocrx_word' id='word_1_456' title='bbox 68 3762 270 3842; x_wconf 81' lang='lat' dir='ltr'>reputsmur</span> <span class='ocrx_word' id='word_1_457' title='bbox 294 3748 377 3817; x_wconf 84' lang='lat' dir='ltr'>iusti</span> <span class='ocrx_word' id='word_1_458' title='bbox 406 3771 524 3818; x_wconf 91' lang='lat' dir='ltr'>coram</span> <span class='ocrx_word' id='word_1_459' title='bbox 546 3746 644 3836; x_wconf 87' lang='lat' dir='ltr'>Deo,</span> <span class='ocrx_word' id='word_1_460' title='bbox 681 3750 847 3823; x_wconf 59' lang='lat' dir='ltr'>Videlicet</span> <span class='ocrx_word' id='word_1_461' title='bbox 875 3755 1043 3824; x_wconf 88' lang='lat' dir='ltr'>meritum</span> <span class='ocrx_word' id='word_1_462' title='bbox 1097 3750 1184 3820; x_wconf 88' lang='lat' dir='ltr'>sito:</span> <span class='ocrx_word' id='word_1_463' title='bbox 1212 3748 1299 3821; x_wconf 88' lang='lat' dir='ltr'>lusti</span> <span class='ocrx_word' id='word_1_464' title='bbox 1316 3742 1448 3819; x_wconf 88' lang='lat' dir='ltr'>habent</span> <span class='ocrx_word' id='word_1_465' title='bbox 1463 3748 1619 3819; x_wconf 84' lang='lat' dir='ltr'>actiones</span> <span class='ocrx_word' id='word_1_466' title='bbox 1634 3748 1763 3835; x_wconf 88' lang='lat' dir='ltr'>iustas,</span> <span class='ocrx_word' id='word_1_467' title='bbox 1788 3748 1863 3818; x_wconf 91' lang='lat' dir='ltr'>Vos</span> <span class='ocrx_word' id='word_1_468' title='bbox 1882 3752 1964 3819; x_wconf 90' lang='lat' dir='ltr'>estis</span> <span class='ocrx_word' id='word_1_469' title='bbox 1979 3751 2076 3834; x_wconf 88' lang='lat' dir='ltr'>iusti,</span> 
     </span>
     <span class='ocr_line' id='line_1_36' title="bbox 67 3846 2074 3944; baseline -0.001 -21"><span class='ocrx_word' id='word_1_470' title='bbox 67 3846 206 3923; x_wconf 79' lang='lat' dir='ltr'>Christi.</span> <span class='ocrx_word' id='word_1_471' title='bbox 261 3848 313 3919; x_wconf 89' lang='lat' dir='ltr'>lta</span> <span class='ocrx_word' id='word_1_472' title='bbox 335 3849 431 3919; x_wconf 90' lang='lat' dir='ltr'>enim</span> <span class='ocrx_word' id='word_1_473' title='bbox 451 3851 593 3922; x_wconf 88' lang='lat' dir='ltr'>liberati</span> <span class='ocrx_word' id='word_1_474' title='bbox 618 3875 739 3924; x_wconf 86' lang='lat' dir='ltr'>sumus</span> <span class='ocrx_word' id='word_1_475' title='bbox 758 3879 776 3924; x_wconf 93' lang='lat' dir='ltr'>a</span> <span class='ocrx_word' id='word_1_476' title='bbox 800 3855 897 3944; x_wconf 85' lang='lat' dir='ltr'>lege,</span> <span class='ocrx_word' id='word_1_477' title='bbox 920 3855 952 3924; x_wconf 89' lang='lat' dir='ltr'>si</span> <span class='ocrx_word' id='word_1_478' title='bbox 972 3870 1044 3927; x_wconf 89' lang='lat' dir='ltr'>sta-</span> <span class='ocrx_word' id='word_1_479' title='bbox 1094 3849 1192 3940; x_wconf 77' lang='lat' dir='ltr'>Ergo</span> <span class='ocrx_word' id='word_1_480' title='bbox 1216 3874 1279 3922; x_wconf 87' lang='lat' dir='ltr'>vos</span> <span class='ocrx_word' id='word_1_481' title='bbox 1301 3874 1444 3943; x_wconf 91' lang='lat' dir='ltr'>quoquc</span> <span class='ocrx_word' id='word_1_482' title='bbox 1464 3851 1601 3920; x_wconf 86' lang='lat' dir='ltr'>debetis</span> <span class='ocrx_word' id='word_1_483' title='bbox 1623 3847 1753 3921; x_wconf 90' lang='lat' dir='ltr'>babere</span> <span class='ocrx_word' id='word_1_484' title='bbox 1776 3852 1931 3920; x_wconf 87' lang='lat' dir='ltr'>actiones</span> <span class='ocrx_word' id='word_1_485' title='bbox 1955 3852 2074 3924; x_wconf 84' lang='lat' dir='ltr'>iustas.</span> 
     </span>
     <span class='ocr_line' id='line_1_37' title="bbox 67 3949 2073 4044; baseline -0.001 -19"><span class='ocrx_word' id='word_1_486' title='bbox 67 3966 203 4025; x_wconf 78' lang='lat' dir='ltr'>tuemur</span> <span class='ocrx_word' id='word_1_487' title='bbox 225 3974 292 4022; x_wconf 75' lang='lat' dir='ltr'>nos</span> <span class='ocrx_word' id='word_1_488' title='bbox 313 3967 460 4043; x_wconf 89' lang='lat' dir='ltr'>propter</span> <span class='ocrx_word' id='word_1_489' title='bbox 491 3953 609 4044; x_wconf 90' lang='lat' dir='ltr'>ipsum</span> <span class='ocrx_word' id='word_1_490' title='bbox 641 3949 774 4025; x_wconf 88' lang='lat' dir='ltr'>babere</span> <span class='ocrx_word' id='word_1_491' title='bbox 797 3957 1042 4028; x_wconf 88' lang='lat' dir='ltr'>remissionem</span> <span class='ocrx_word' id='word_1_492' title='bbox 1095 3950 1275 4025; x_wconf 88' lang='lat' dir='ltr'>Minorem</span> <span class='ocrx_word' id='word_1_493' title='bbox 1292 3954 1452 4022; x_wconf 88' lang='lat' dir='ltr'>declaro:</span> <span class='ocrx_word' id='word_1_494' title='bbox 1485 3949 1561 4023; x_wconf 85' lang='lat' dir='ltr'>Etsi</span> <span class='ocrx_word' id='word_1_495' title='bbox 1586 3953 1933 4038; x_wconf 88' lang='lat' dir='ltr'>enimsumusiusti,</span> <span class='ocrx_word' id='word_1_496' title='bbox 1959 3953 2073 4041; x_wconf 87' lang='lat' dir='ltr'>idest,</span> 
     </span>
     <span class='ocr_line' id='line_1_38' title="bbox 64 4048 2073 4149; baseline 0 -24"><span class='ocrx_word' id='word_1_497' title='bbox 64 4066 306 4149; x_wconf 84' lang='lat' dir='ltr'>peccatorum,</span> <span class='ocrx_word' id='word_1_498' title='bbox 339 4068 373 4125; x_wconf 84' lang='lat' dir='ltr'>ct</span> <span class='ocrx_word' id='word_1_499' title='bbox 392 4055 549 4146; x_wconf 85' lang='lat' dir='ltr'>reputari</span> <span class='ocrx_word' id='word_1_500' title='bbox 571 4056 683 4127; x_wconf 88' lang='lat' dir='ltr'>iustos</span> <span class='ocrx_word' id='word_1_501' title='bbox 704 4080 822 4128; x_wconf 87' lang='lat' dir='ltr'>coram</span> <span class='ocrx_word' id='word_1_502' title='bbox 846 4057 940 4149; x_wconf 89' lang='lat' dir='ltr'>Deo,</span> <span class='ocrx_word' id='word_1_503' title='bbox 967 4084 1043 4131; x_wconf 92' lang='lat' dir='ltr'>non</span> <span class='ocrx_word' id='word_1_504' title='bbox 1093 4056 1227 4147; x_wconf 86' lang='lat' dir='ltr'>accepti</span> <span class='ocrx_word' id='word_1_505' title='bbox 1267 4054 1502 4143; x_wconf 87' lang='lat' dir='ltr'>imputatione</span> <span class='ocrx_word' id='word_1_506' title='bbox 1537 4069 1680 4147; x_wconf 90' lang='lat' dir='ltr'>propter</span> <span class='ocrx_word' id='word_1_507' title='bbox 1708 4048 1911 4139; x_wconf 88' lang='lat' dir='ltr'>Christum,</span> <span class='ocrx_word' id='word_1_508' title='bbox 1952 4066 2073 4125; x_wconf 89' lang='lat' dir='ltr'>tamen</span> 
     </span>
     <span class='ocr_line' id='line_1_39' title="bbox 63 4151 2073 4251; baseline -0.001 -22"><span class='ocrx_word' id='word_1_509' title='bbox 63 4174 205 4251; x_wconf 86' lang='lat' dir='ltr'>propter</span> <span class='ocrx_word' id='word_1_510' title='bbox 220 4155 351 4246; x_wconf 73' lang='lat' dir='ltr'>legem,</span> <span class='ocrx_word' id='word_1_511' title='bbox 376 4152 425 4226; x_wconf 82' lang='lat' dir='ltr'>Et</span> <span class='ocrx_word' id='word_1_512' title='bbox 447 4179 527 4225; x_wconf 87' lang='lat' dir='ltr'>curn</span> <span class='ocrx_word' id='word_1_513' title='bbox 544 4151 611 4227; x_wconf 90' lang='lat' dir='ltr'>hae</span> <span class='ocrx_word' id='word_1_514' title='bbox 634 4158 867 4249; x_wconf 89' lang='lat' dir='ltr'>imputatione</span> <span class='ocrx_word' id='word_1_515' title='bbox 890 4162 1042 4231; x_wconf 89' lang='lat' dir='ltr'>coniun-</span> <span class='ocrx_word' id='word_1_516' title='bbox 1093 4180 1234 4229; x_wconf 90' lang='lat' dir='ltr'>necesse</span> <span class='ocrx_word' id='word_1_517' title='bbox 1246 4168 1297 4226; x_wconf 84' lang='lat' dir='ltr'>est</span> <span class='ocrx_word' id='word_1_518' title='bbox 1313 4156 1352 4224; x_wconf 92' lang='lat' dir='ltr'>in</span> <span class='ocrx_word' id='word_1_519' title='bbox 1368 4155 1472 4226; x_wconf 89' lang='lat' dir='ltr'>nobis</span> <span class='ocrx_word' id='word_1_520' title='bbox 1488 4157 1594 4226; x_wconf 88' lang='lat' dir='ltr'>etiarn</span> <span class='ocrx_word' id='word_1_521' title='bbox 1611 4157 1747 4226; x_wconf 86' lang='lat' dir='ltr'>incoari</span> <span class='ocrx_word' id='word_1_522' title='bbox 1764 4157 1876 4246; x_wconf 90' lang='lat' dir='ltr'>ipsam</span> <span class='ocrx_word' id='word_1_523' title='bbox 1893 4155 2073 4244; x_wconf 87' lang='lat' dir='ltr'>virtutem,</span> 
     </span>
     <span class='ocr_line' id='line_1_40' title="bbox 61 4255 2070 4351; baseline -0.001 -20"><span class='ocrx_word' id='word_1_524' title='bbox 61 4272 179 4331; x_wconf 79' lang='lat' dir='ltr'>ctaen</span> <span class='ocrx_word' id='word_1_525' title='bbox 192 4258 379 4328; x_wconf 83' lang='lat' dir='ltr'>renovatio</span> <span class='ocrx_word' id='word_1_526' title='bbox 396 4271 564 4339; x_wconf 89' lang='lat' dir='ltr'>naturae,</span> <span class='ocrx_word' id='word_1_527' title='bbox 589 4262 806 4351; x_wconf 87' lang='lat' dir='ltr'>poenitentia</span> <span class='ocrx_word' id='word_1_528' title='bbox 823 4283 885 4332; x_wconf 88' lang='lat' dir='ltr'>seu</span> <span class='ocrx_word' id='word_1_529' title='bbox 902 4263 1040 4334; x_wconf 79' lang='lat' dir='ltr'>incocta</span> <span class='ocrx_word' id='word_1_530' title='bbox 1092 4258 1294 4344; x_wconf 88' lang='lat' dir='ltr'>iusticiam,</span> <span class='ocrx_word' id='word_1_531' title='bbox 1326 4258 1364 4328; x_wconf 91' lang='lat' dir='ltr'>id</span> <span class='ocrx_word' id='word_1_532' title='bbox 1388 4270 1455 4341; x_wconf 86' lang='lat' dir='ltr'>est,</span> <span class='ocrx_word' id='word_1_533' title='bbox 1482 4257 1734 4330; x_wconf 90' lang='lat' dir='ltr'>obedientiam.</span> <span class='ocrx_word' id='word_1_534' title='bbox 1786 4255 1929 4328; x_wconf 91' lang='lat' dir='ltr'>lusticia</span> <span class='ocrx_word' id='word_1_535' title='bbox 1952 4272 2070 4335; x_wconf 86' lang='lat' dir='ltr'>autern</span> 
     </span>
     <span class='ocr_line' id='line_1_41' title="bbox 57 4354 2070 4452; baseline 0 -19"><span class='ocrx_word' id='word_1_536' title='bbox 57 4358 271 4435; x_wconf 86' lang='lat' dir='ltr'>obedientia.</span> <span class='ocrx_word' id='word_1_537' title='bbox 1091 4361 1205 4431; x_wconf 84' lang='lat' dir='ltr'>virtus</span> <span class='ocrx_word' id='word_1_538' title='bbox 1228 4358 1322 4452; x_wconf 91' lang='lat' dir='ltr'>parit</span> <span class='ocrx_word' id='word_1_539' title='bbox 1351 4360 1458 4430; x_wconf 86' lang='lat' dir='ltr'>iustas</span> <span class='ocrx_word' id='word_1_540' title='bbox 1481 4360 1648 4430; x_wconf 89' lang='lat' dir='ltr'>actiones.</span> <span class='ocrx_word' id='word_1_541' title='bbox 1712 4354 1760 4429; x_wconf 85' lang='lat' dir='ltr'>Et</span> <span class='ocrx_word' id='word_1_542' title='bbox 1792 4372 1909 4429; x_wconf 87' lang='lat' dir='ltr'>tamen</span> <span class='ocrx_word' id='word_1_543' title='bbox 1933 4360 2070 4433; x_wconf 88' lang='lat' dir='ltr'>interca</span> 
     </span>
     <span class='ocr_line' id='line_1_42' title="bbox 155 4455 2068 4554; baseline 0 -22"><span class='ocrx_word' id='word_1_544' title='bbox 155 4459 242 4533; x_wconf 87' lang='lat' dir='ltr'>Non</span> <span class='ocrx_word' id='word_1_545' title='bbox 269 4459 379 4550; x_wconf 76' lang='lat' dir='ltr'>igitur</span> <span class='ocrx_word' id='word_1_546' title='bbox 405 4458 569 4531; x_wconf 88' lang='lat' dir='ltr'>concedit</span> <span class='ocrx_word' id='word_1_547' title='bbox 599 4456 831 4552; x_wconf 77' lang='lat' dir='ltr'>Evangelinm</span> <span class='ocrx_word' id='word_1_548' title='bbox 858 4464 1038 4538; x_wconf 88' lang='lat' dir='ltr'>licentiam</span> <span class='ocrx_word' id='word_1_549' title='bbox 1089 4464 1271 4533; x_wconf 87' lang='lat' dir='ltr'>sciendum</span> <span class='ocrx_word' id='word_1_550' title='bbox 1294 4475 1365 4545; x_wconf 87' lang='lat' dir='ltr'>est,</span> <span class='ocrx_word' id='word_1_551' title='bbox 1397 4483 1463 4530; x_wconf 88' lang='lat' dir='ltr'>nos</span> <span class='ocrx_word' id='word_1_552' title='bbox 1492 4475 1638 4554; x_wconf 91' lang='lat' dir='ltr'>propter</span> <span class='ocrx_word' id='word_1_553' title='bbox 1657 4455 1840 4531; x_wconf 88' lang='lat' dir='ltr'>Christum</span> <span class='ocrx_word' id='word_1_554' title='bbox 1866 4461 2068 4549; x_wconf 85' lang='lat' dir='ltr'>pontificem</span> 
     </span>
     <span class='ocr_line' id='line_1_43' title="bbox 56 4559 2070 4660; baseline -0 -24"><span class='ocrx_word' id='word_1_555' title='bbox 56 4563 247 4659; x_wconf 85' lang='lat' dir='ltr'>peccandi,</span> <span class='ocrx_word' id='word_1_556' title='bbox 269 4584 445 4653; x_wconf 30' lang='lat' dir='ltr'>rum-nou</span> <span class='ocrx_word' id='word_1_557' title='bbox 467 4561 584 4631; x_wconf 86' lang='lat' dir='ltr'>solum</span> <span class='ocrx_word' id='word_1_558' title='bbox 606 4565 834 4635; x_wconf 89' lang='lat' dir='ltr'>concinnetur</span> <span class='ocrx_word' id='word_1_559' title='bbox 856 4569 900 4637; x_wconf 92' lang='lat' dir='ltr'>de</span> <span class='ocrx_word' id='word_1_560' title='bbox 918 4570 1036 4660; x_wconf 89' lang='lat' dir='ltr'>impu·</span> <span class='ocrx_word' id='word_1_561' title='bbox 1089 4587 1162 4642; x_wconf 85' lang='lat' dir='ltr'>esse</span> <span class='ocrx_word' id='word_1_562' title='bbox 1181 4565 1311 4647; x_wconf 89' lang='lat' dir='ltr'>iustos,</span> <span class='ocrx_word' id='word_1_563' title='bbox 1343 4564 1380 4631; x_wconf 90' lang='lat' dir='ltr'>id</span> <span class='ocrx_word' id='word_1_564' title='bbox 1404 4575 1476 4645; x_wconf 87' lang='lat' dir='ltr'>est,</span> <span class='ocrx_word' id='word_1_565' title='bbox 1508 4577 1668 4653; x_wconf 88' lang='lat' dir='ltr'>acceptos</span> <span class='ocrx_word' id='word_1_566' title='bbox 1695 4559 1793 4648; x_wconf 90' lang='lat' dir='ltr'>Deo,</span> <span class='ocrx_word' id='word_1_567' title='bbox 1827 4586 1901 4632; x_wconf 91' lang='lat' dir='ltr'>nnn</span> <span class='ocrx_word' id='word_1_568' title='bbox 1925 4578 2070 4655; x_wconf 88' lang='lat' dir='ltr'>propter</span> 
     </span>
     <span class='ocr_line' id='line_1_44' title="bbox 55 4663 2015 4759; baseline -0.003 -18"><span class='ocrx_word' id='word_1_569' title='bbox 55 4669 212 4749; x_wconf 83' lang='lat' dir='ltr'>tatione,</span> <span class='ocrx_word' id='word_1_570' title='bbox 237 4664 297 4733; x_wconf 88' lang='lat' dir='ltr'>sed</span> <span class='ocrx_word' id='word_1_571' title='bbox 321 4663 425 4733; x_wconf 89' lang='lat' dir='ltr'>etiam</span> <span class='ocrx_word' id='word_1_572' title='bbox 449 4665 494 4731; x_wconf 90' lang='lat' dir='ltr'>de</span> <span class='ocrx_word' id='word_1_573' title='bbox 515 4665 749 4754; x_wconf 89' lang='lat' dir='ltr'>poenitentia,</span> <span class='ocrx_word' id='word_1_574' title='bbox 774 4679 806 4736; x_wconf 88' lang='lat' dir='ltr'>et</span> <span class='ocrx_word' id='word_1_575' title='bbox 829 4669 948 4741; x_wconf 75' lang='lat' dir='ltr'>incolit</span> <span class='ocrx_word' id='word_1_576' title='bbox 969 4696 1036 4741; x_wconf 90' lang='lat' dir='ltr'>no-</span> <span class='ocrx_word' id='word_1_577' title='bbox 1087 4667 1294 4758; x_wconf 82' lang='lat' dir='ltr'>dignitatem</span> <span class='ocrx_word' id='word_1_578' title='bbox 1316 4663 1538 4735; x_wconf 90' lang='lat' dir='ltr'>obedientiae</span> <span class='ocrx_word' id='word_1_579' title='bbox 1557 4679 1717 4747; x_wconf 84' lang='lat' dir='ltr'>nostrae,</span> <span class='ocrx_word' id='word_1_580' title='bbox 1742 4688 1804 4735; x_wconf 87' lang='lat' dir='ltr'>seu</span> <span class='ocrx_word' id='word_1_581' title='bbox 1822 4665 2015 4759; x_wconf 86' lang='lat' dir='ltr'>qualitatis.</span> 
     </span>
     <span class='ocr_line' id='line_1_45' title="bbox 55 4765 1035 4861; baseline 0.004 -22"><span class='ocrx_word' id='word_1_582' title='bbox 55 4794 133 4841; x_wconf 81' lang='lat' dir='ltr'>vam</span> <span class='ocrx_word' id='word_1_583' title='bbox 156 4765 417 4849; x_wconf 78' lang='lat' dir='ltr'>obedienciam,</span> <span class='ocrx_word' id='word_1_584' title='bbox 449 4777 485 4834; x_wconf 89' lang='lat' dir='ltr'>et</span> <span class='ocrx_word' id='word_1_585' title='bbox 506 4767 669 4838; x_wconf 82' lang='lat' dir='ltr'>ostendat</span> <span class='ocrx_word' id='word_1_586' title='bbox 689 4770 868 4861; x_wconf 89' lang='lat' dir='ltr'>quomodo</span> <span class='ocrx_word' id='word_1_587' title='bbox 891 4773 1035 4861; x_wconf 87' lang='lat' dir='ltr'>placeat.</span> 
     </span>
     <span class='ocr_line' id='line_1_46' title="bbox 55 4863 1714 4976; baseline 0.005 -33"><span class='ocrx_word' id='word_1_588' title='bbox 55 4870 194 4945; x_wconf 80' lang='lat' dir='ltr'>luteres</span> <span class='ocrx_word' id='word_1_589' title='bbox 218 4880 338 4939; x_wconf 88' lang='lat' dir='ltr'>tamen</span> <span class='ocrx_word' id='word_1_590' title='bbox 361 4879 479 4936; x_wconf 89' lang='lat' dir='ltr'>manet</span> <span class='ocrx_word' id='word_1_591' title='bbox 497 4866 573 4953; x_wconf 85' lang='lat' dir='ltr'>lex,</span> <span class='ocrx_word' id='word_1_592' title='bbox 598 4871 695 4960; x_wconf 89' lang='lat' dir='ltr'>quod</span> <span class='ocrx_word' id='word_1_593' title='bbox 715 4872 847 4942; x_wconf 87' lang='lat' dir='ltr'>attinet·</span> <span class='ocrx_word' id='word_1_594' title='bbox 859 4877 904 4941; x_wconf 93' lang='lat' dir='ltr'>ad</span> <span class='ocrx_word' id='word_1_595' title='bbox 926 4875 1033 4945; x_wconf 88' lang='lat' dir='ltr'>disci-</span> <span class='ocrx_word' id='word_1_596' title='bbox 1436 4863 1575 4976; x_wconf 66' lang='lat' dir='ltr'>Caput</span> <span class='ocrx_word' id='word_1_597' title='bbox 1615 4864 1714 4951; x_wconf 83' lang='lat' dir='ltr'>Vll.</span> 
     </span>
     <span class='ocr_line' id='line_1_47' title="bbox 55 4966 1600 5070; baseline 0.002 -26"><span class='ocrx_word' id='word_1_598' title='bbox 55 4973 191 5067; x_wconf 83' lang='lat' dir='ltr'>plinatu</span> <span class='ocrx_word' id='word_1_599' title='bbox 215 4969 254 5037; x_wconf 90' lang='lat' dir='ltr'>in</span> <span class='ocrx_word' id='word_1_600' title='bbox 278 4968 350 5036; x_wconf 79' lang='lat' dir='ltr'>vita</span> <span class='ocrx_word' id='word_1_601' title='bbox 371 4980 528 5040; x_wconf 84' lang='lat' dir='ltr'>externa.</span> <span class='ocrx_word' id='word_1_602' title='bbox 585 4966 693 5055; x_wconf 85' lang='lat' dir='ltr'>Item,</span> <span class='ocrx_word' id='word_1_603' title='bbox 720 4974 815 5062; x_wconf 90' lang='lat' dir='ltr'>quod</span> <span class='ocrx_word' id='word_1_604' title='bbox 839 4975 965 5047; x_wconf 86' lang='lat' dir='ltr'>attinet</span> <span class='ocrx_word' id='word_1_605' title='bbox 987 4978 1033 5046; x_wconf 86' lang='lat' dir='ltr'>ad</span> <span class='ocrx_word' id='word_1_606' title='bbox 1438 5049 1447 5070; x_wconf 91' lang='lat'>.</span> <span class='ocrx_word' id='word_1_607' title='bbox 1593 5047 1600 5066; x_wconf 62' lang='grc'><em>,</em></span> 
     </span>
     <span class='ocr_line' id='line_1_48' title="bbox 57 5046 1813 5166; baseline 0.002 -21"><span class='ocrx_word' id='word_1_608' title='bbox 57 5074 272 5166; x_wconf 58' lang='grc' dir='ltr'>,ηοωάιπι</span> <span class='ocrx_word' id='word_1_609' title='bbox 289 5081 323 5139; x_wconf 86' lang='lat' dir='ltr'>et</span> <span class='ocrx_word' id='word_1_610' title='bbox 337 5069 617 5140; x_wconf 85' lang='lat' dir='ltr'>mortificandam</span> <span class='ocrx_word' id='word_1_611' title='bbox 635 5083 861 5156; x_wconf 82' lang='lat' dir='ltr'>vetustatem,</span> <span class='ocrx_word' id='word_1_612' title='bbox 887 5078 1033 5159; x_wconf 84' lang='lat' dir='ltr'>sedita,</span> <span class='ocrx_word' id='word_1_613' title='bbox 1168 5088 1169 5092; x_wconf 76' lang='grc'>’</span> <span class='ocrx_word' id='word_1_614' title='bbox 1345 5046 1406 5123; x_wconf 64' lang='lat' dir='ltr'>An</span> <span class='ocrx_word' id='word_1_615' title='bbox 1431 5057 1618 5148; x_wconf 62' lang='lat' dir='ltr'>‘imam</span> <span class='ocrx_word' id='word_1_616' title='bbox 1640 5047 1813 5148; x_wconf 59' lang='lat' dir='ltr'>smmi</span> 
     </span>
     <span class='ocr_line' id='line_1_49' title="bbox 53 5165 2070 5276; baseline 0.004 -32"><span class='ocrx_word' id='word_1_617' title='bbox 53 5192 187 5265; x_wconf 67' lang='lat' dir='ltr'>„reum</span> <span class='ocrx_word' id='word_1_618' title='bbox 201 5173 289 5241; x_wconf 85' lang='lat' dir='ltr'>bdes</span> <span class='ocrx_word' id='word_1_619' title='bbox 305 5170 428 5255; x_wconf 86' lang='lat' dir='ltr'>vincit,</span> <span class='ocrx_word' id='word_1_620' title='bbox 449 5194 523 5242; x_wconf 92' lang='lat' dir='ltr'>non</span> <span class='ocrx_word' id='word_1_621' title='bbox 539 5165 665 5241; x_wconf 90' lang='lat' dir='ltr'>babeat</span> <span class='ocrx_word' id='word_1_622' title='bbox 677 5172 733 5243; x_wconf 83' lang='lat' dir='ltr'>lex</span> <span class='ocrx_word' id='word_1_623' title='bbox 755 5175 809 5247; x_wconf 92' lang='lat' dir='ltr'>ius</span> <span class='ocrx_word' id='word_1_624' title='bbox 825 5178 1033 5252; x_wconf 87' lang='lat' dir='ltr'>damnandi.</span> <span class='ocrx_word' id='word_1_625' title='bbox 1185 5182 1308 5254; x_wconf 84' lang='lat' dir='ltr'>Altera</span> <span class='ocrx_word' id='word_1_626' title='bbox 1329 5184 1526 5256; x_wconf 87' lang='lat' dir='ltr'>similitudo</span> <span class='ocrx_word' id='word_1_627' title='bbox 1551 5199 1622 5270; x_wconf 89' lang='lat' dir='ltr'>est,</span> <span class='ocrx_word' id='word_1_628' title='bbox 1655 5206 1744 5276; x_wconf 90' lang='lat' dir='ltr'>qnae</span> <span class='ocrx_word' id='word_1_629' title='bbox 1770 5179 1874 5251; x_wconf 87' lang='lat' dir='ltr'>etiam</span> <span class='ocrx_word' id='word_1_630' title='bbox 1905 5174 2070 5253; x_wconf 74' lang='lat' dir='ltr'>continet</span> 
     </span>
    </p>
   </div>
   <div class='ocr_carea' id='block_1_4' title="bbox 50 5272 2066 5457">
    <p class='ocr_par' dir='ltr' id='par_1_4' title="bbox 50 5272 2066 5457">
     <span class='ocr_line' id='line_1_50' title="bbox 50 5272 2066 5376; baseline 0.001 -26"><span class='ocrx_word' id='word_1_631' title='bbox 50 5290 147 5371; x_wconf 65' lang='lat' dir='ltr'>Ergo</span> <span class='ocrx_word' id='word_1_632' title='bbox 174 5272 387 5365; x_wconf 86' lang='lat' dir='ltr'>simpliciter</span> <span class='ocrx_word' id='word_1_633' title='bbox 414 5273 463 5343; x_wconf 90' lang='lat' dir='ltr'>ita</span> <span class='ocrx_word' id='word_1_634' title='bbox 490 5274 708 5363; x_wconf 84' lang='lat' dir='ltr'>respondeo:</span> <span class='ocrx_word' id='word_1_635' title='bbox 758 5274 832 5348; x_wconf 84' lang='lat' dir='ltr'>Lex</span> <span class='ocrx_word' id='word_1_636' title='bbox 852 5290 904 5351; x_wconf 87' lang='lat' dir='ltr'>est</span> <span class='ocrx_word' id='word_1_637' title='bbox 919 5281 1034 5375; x_wconf 71' lang='lat' dir='ltr'>⁴abro-¹</span> <span class='ocrx_word' id='word_1_638' title='bbox 1082 5298 1366 5376; x_wconf 66' lang='lat' dir='ltr'>argumentosus</span> <span class='ocrx_word' id='word_1_639' title='bbox 1386 5308 1489 5360; x_wconf 73' lang='lat' dir='ltr'>unsa</span> <span class='ocrx_word' id='word_1_640' title='bbox 1504 5285 1615 5358; x_wconf 78' lang='lat' dir='ltr'>finali.</span> <span class='ocrx_word' id='word_1_641' title='bbox 1668 5283 1753 5354; x_wconf 88' lang='lat' dir='ltr'>ldco</span> <span class='ocrx_word' id='word_1_642' title='bbox 1773 5279 1991 5353; x_wconf 88' lang='lat' dir='ltr'>reconciliati</span> <span class='ocrx_word' id='word_1_643' title='bbox 2004 5301 2066 5353; x_wconf 88' lang='lat' dir='ltr'>su·</span> 
     </span>
     <span class='ocr_line' id='line_1_51' title="bbox 101 5376 1586 5457; baseline -0.006 -5"><span class='ocrx_word' id='word_1_644' title='bbox 101 5378 292 5452; x_wconf 76' lang='grc' dir='ltr'>Μιιιιτι.</span> <span class='ocrx_word' id='word_1_645' title='bbox 320 5378 424 5446; x_wconf 74' lang='lat' dir='ltr'>orm.</span> <span class='ocrx_word' id='word_1_646' title='bbox 448 5376 532 5447; x_wconf 79' lang='lat' dir='ltr'>Vos.</span> <span class='ocrx_word' id='word_1_647' title='bbox 559 5377 638 5446; x_wconf 85' lang='lat' dir='ltr'>XV.</span> <span class='ocrx_word' id='word_1_648' title='bbox 1540 5383 1586 5457; x_wconf 73' lang='lat'>41</span> 
     </span>
    </p>
   </div>
   <div class='ocr_carea' id='block_1_5' title="bbox 0 0 2266 5782">
    <p class='ocr_par' dir='ltr' id='par_1_5' title="bbox 0 0 2266 5782">
     <span class='ocr_line' id='line_1_52' title="bbox 0 0 2266 5782; baseline 0 10"><span class='ocrx_word' id='word_1_649' title='bbox 0 0 2266 5782; x_wconf 95' lang='lat' dir='ltr'> </span> 
     </span>
    </p>
   </div>
  </div>
 </body>
</html>
