4522 5782
72 165 195 273 aas·
359 178 461 254 ιιιιι
507 181 548 256 s.
574 176 872 261 massano
896 177 1054 261 unsa.
1078 173 1228 257 raum
1252 171 1323 253 au
1346 171 1608 309 nummos,
1655 175 1761 255 cae.
1785 178 1851 256 ιιι
2027 187 2115 285 ,pp

72 373 136 425 so.
189 347 505 452 Vereergolo'yuc
524 352 618 425 ttius
632 349 700 425 Dei
723 355 823 427 adest
837 353 876 424 in
898 356 1074 440 credente,
1125 353 1221 437 lant,
1247 376 1400 446 quorum
1413 351 1548 423 falsitas
1562 350 1780 440 conspicitur
1794 352 1832 424 in
1848 352 1921 426 illis
1938 355 2023 449 ipsis
2040 364 2106 433 do·

72 458 110 527 et
128 467 184 522 est
200 454 321 525 efficax
338 479 421 523 voce
437 455 636 545 Evangelii.
687 452 748 527 Sic
769 469 806 527 et
833 459 880 527 ad
896 452 1071 548 Ephesios
1124 455 1260 525 loribus
1282 457 1435 545 piorum,
1493 453 1709 526 Refertantur
1730 469 1766 526 et
1786 456 1993 547 Antinomi,
2023 487 2105 535 sen-

72 555 184 651 sprtio
216 556 442 626 dictumest:
471 555 517 628 Ut
541 553 676 630 habitet
697 553 860 631 Christus
880 558 944 651 pe'r
964 560 1069 631 fidem
1121 557 1215 628 tiunt
1238 557 1332 627 enim
1357 556 1408 646 pii
1430 579 1468 625 se
1488 555 1636 625 iudicari
1660 556 1735 645 lege
1757 554 1845 641 Dei,
1882 563 2040 635 sentiunt
2064 567 2103 636 in

71 654 116 724 in
137 658 308 725 cordibus
325 659 459 732 vestris.
1121 659 1244 748 poenis
1259 659 1413 754 publicis
1430 670 1464 727 et
1479 658 1625 747 privatis
1646 658 1734 726 iram
1750 656 1817 728 Dei
1832 662 1978 749 iustam,
2011 692 2102 760 quae

72 806 109 847 ,,,
179 754 276 826 Haec
304 758 476 828 immensa
506 759 674 830 beneficia
711 762 916 835 mediatoris
943 763 1066 834 omnia
1119 774 1169 830 est
1184 760 1271 849 legis
1286 759 1515 841 executio,et
1531 760 1685 830 fatentur
1700 760 1793 827 idem
1810 765 1905 852 quod
1921 760 2098 855 Propheta

72 858 326 951 pomplectitur
337 858 479 946 Paulus,
491 885 572 931 cum
587 862 715 954 inquit,
727 860 857 954 Legem
873 865 942 934 fide
956 866 1067 936 stabi·
1117 861 1251 953 inquit:
1293 861 1442 949 Propter
1479 859 1701 951 iniquitatem
1736 863 1886 953 corripis
1923 859 2097 941 homines.

72 956 205 1049 limus,
233 959 396 1032 videlicet
416 975 450 1032 et
476 963 708 1055 imputatione
731 964 888 1037 iustitiae
911 979 945 1036 et
963 990 1065 1059 prae-
1115 960 1196 1031 Non
1225 964 1379 1052 cogitant
1408 963 1538 1052 legem,
1576 962 1747 1032 iudicium
1776 959 1862 1047 Dei,
1903 964 1993 1038 iram
2016 969 2097 1056 Dei,
2203 982 2204 986 ’

72 1061 188 1159 „ntia
206 1059 270 1132 Dei
288 1061 586 1143 incredentibus,
612 1065 674 1157 qui
695 1080 728 1137 et
749 1067 789 1136 in
814 1062 881 1137 hac
908 1068 979 1138 vita
1006 1091 1063 1138 ac·
1115 1062 1236 1133 inania
1254 1065 1422 1135 vocabula
1444 1085 1527 1132 esse.

72 1160 194 1255 pendit
212 1186 341 1231 novam
357 1164 488 1249 lucem,
514 1179 549 1236 et
564 1190 675 1236 novos
691 1181 807 1237 motus
823 1168 862 1236 in
885 1169 1062 1253 cordibus,
1214 1168 1420 1236 lntueamur
1448 1186 1529 1252 ergo
1561 1163 1598 1232 in
1631 1163 1780 1235 lectione
1805 1164 1955 1239 Paulina
1977 1192 2097 1241 veram

72 1262 110 1345 'pt
129 1278 250 1353 postea
269 1265 329 1333 dat
345 1264 452 1335 vitam
468 1280 665 1351 aeternam,
690 1268 727 1337 in
745 1294 814 1362 qua
830 1269 969 1350 iusticia
984 1268 1061 1351 Dei,
1111 1269 1397 1350 conversionem,
1421 1289 1495 1335 non
1512 1267 1598 1358 quid
1613 1267 1843 1337 audacissime
1859 1269 1993 1359 fingant
2006 1268 2097 1363 Epi·

72 1362 268 1452 piqnilicata
292 1365 332 1435 in
355 1367 449 1457 lege,
492 1371 559 1439 erit
593 1368 630 1436 in
654 1370 760 1439 nobis
783 1371 938 1459 integre,
972 1397 1061 1466 quac
1112 1369 1227 1453 curci,
1265 1371 1437 1462 quisunt
1468 1364 1677 1447 Antinomi,
1719 1391 1783 1438 nec
1810 1370 1897 1460 quid
1929 1371 2097 1444 simulent

72 1462 291 1539 Describitur
305 1460 361 1536 his
376 1468 494 1539 verbis
516 1470 554 1538 in
578 1470 671 1560 lege:
704 1468 841 1562 Diliges
861 1473 1060 1563 Dominum
1110 1466 1298 1556 monachi,
1337 1470 1399 1563 qui
1422 1468 1582 1538 iactitant
1608 1490 1645 1535 se
1669 1468 1735 1558 legi
1762 1468 1828 1541 Dei
1851 1472 2095 1563 obtemperare

72 1558 190 1647 Βιιιιιι
220 1581 322 1638 tuum
354 1592 396 1641 ex
420 1584 495 1641 toto
524 1573 650 1656 corde,
682 1597 723 1642 ex
749 1588 821 1645 tota
849 1576 966 1645 anima
996 1589 1060 1649 etc,
1110 1572 1290 1641 autetiam
1311 1571 1526 1647 satisfacere,
1554 1571 1626 1636 imo
1647 1585 1678 1638 et
1697 1572 1868 1659 perfectos
1892 1596 1986 1653 esse,
2012 1598 2094 1645 cum

72 1664 124 1749 Ac
141 1667 180 1736 io
203 1668 410 1761 quotidiana
427 1672 651 1743 invocatione
668 1674 825 1764 cogimus
848 1676 890 1743 de
910 1671 966 1746 his
984 1701 1057 1745 ma-

72 1768 178 1839 ximis
199 1773 323 1854 rebus,
356 1774 400 1842 de
421 1775 590 1844 omnibus
612 1775 790 1846 beneficiis
812 1777 876 1845 filii
902 1777 966 1848 Dei
996 1803 1058 1847 or·

72 1868 177 1956 line,
204 1873 299 1965 quod
324 1873 451 1944 missus
473 1876 537 1958 sit,
562 1889 603 1945 ut
624 1877 766 1964 colligat
789 1891 967 1948 aeternam
989 1877 1057 1949 Ec-

72 1966 232 2056 :lesiam,
257 1977 352 2066 quod
379 1998 462 2044 vere
477 1976 569 2048 adsit
585 1991 619 2048 et
642 1977 687 2048 sit
701 1978 820 2048 efficax
837 2005 921 2049 voce
937 1976 1057 2050 Evan-

72 2074 175 2161 gelii,
208 2077 304 2166 quod
330 2090 472 2166 propter
492 2101 573 2147 cum
599 2092 761 2150 aeternus
793 2094 891 2169 pater
911 2083 1058 2173 recipiat

72 2197 159 2254 uos,
187 2186 222 2244 et
237 2175 342 2246 simul
361 2179 451 2248 adsit
470 2178 508 2247 in
523 2180 647 2264 nobis,
672 2194 707 2251 et
728 2181 813 2251 velit
834 2183 938 2252 nobis
953 2185 1056 2253 mise-

72 2274 119 2344 ris
148 2275 317 2365 opitulari
334 2291 369 2349 et
386 2303 467 2348 vere
486 2304 549 2371 per
571 2281 685 2351 filium
705 2283 763 2352 det
779 2281 952 2372 Spiritum
977 2306 1058 2354 san-

72 2392 185 2462 :tum,
210 2390 251 2447 ut
267 2380 438 2466 gubernet
453 2405 527 2452 nos.
585 2380 681 2451 llaec
701 2383 868 2452 beneficia
891 2410 969 2454 cum
997 2410 1057 2475 pe·

72 2476 199 2561 imus,
223 2490 308 2549 tunc
331 2481 371 2551 fit
387 2477 456 2553 hoc
478 2483 574 2575 quod
589 2480 721 2554 Paulus
746 2482 802 2554 bic
827 2485 961 2577 inquit:
988 2484 1055 2556 Le·

72 2600 147 2667 gem
166 2579 236 2648 fide
248 2581 467 2672 stabilimus,
494 2583 576 2676 quia
601 2578 688 2655 haec
710 2609 790 2655 vera
813 2585 989 2657 invocatio
1006 2601 1058 2658 est

72 2681 214 2753 uitium
233 2703 346 2752 novae
367 2684 603 2755 obedientiae.

170 2779 290 2852 Simul
313 2798 431 2856 autem
460 2786 652 2875 cogitemus
676 2811 900 2857 communem
925 2790 1057 2859 doetri-

72 2906 171 2967 sam,
198 2887 294 2974 quod
311 2909 459 2975 persona
476 2889 522 2958 sit
547 2889 640 2957 iusta
662 2888 731 2956 fide
754 2904 898 2980 propter
920 2892 1054 2960 media·

1109 1694 1230 1741 revera
1250 1687 1382 1743 mentes
1404 1673 1476 1743 sint
1490 1665 1686 1762 Epicureae
1709 1684 1743 1741 et
1766 1672 1951 1745 derideant
1966 1670 2094 1760 Deum,

1108 1786 1143 1841 et
1156 1767 1246 1843 hanc
1260 1768 1519 1845 simulationem
1536 1774 1578 1840 ad
1595 1785 1777 1863 quaestum
1792 1774 1992 1869 conferant.⁴
2041 1823 2056 1867 ,-

1212 1875 1327 1964 Magio
1351 1888 1400 1945 est
1432 1875 1622 1964 impudens
1647 1873 1750 1943 etiarn
1779 1874 1936 1968 Cynicus
1958 1876 1996 1945 in
2016 1877 2095 1949 Au-

1107 1977 1224 2060 stria,
1261 1977 1321 2069 qui
1352 1998 1472 2045 recens
1506 1974 1689 2045 renovavit
1716 1975 1854 2066 scriptis
1882 2001 2018 2049 errores
2050 1982 2095 2052 de

1107 2077 1337 2167 perfectione:
1372 2077 1533 2145 nominat
1570 2074 1818 2165 perfectionem
1840 2074 2095 2153 monachorum

1107 2180 1388 2262 mendicitatem,
1410 2198 1514 2270 quam
1532 2181 1596 2246 scit
1611 2176 1800 2268 sescuplum
1816 2201 1889 2248 esse
1904 2180 2092 2254 artificiose

1107 2279 1331 2364 institutum,
1372 2303 1445 2347 non
1486 2293 1556 2347 tam
1596 2279 1640 2345 ad
1679 2281 1893 2366 pascendum
1924 2294 2096 2368 ventrem,

1107 2405 1213 2474 quam
1238 2384 1282 2450 ad
1309 2381 1501 2471 potentiam
1519 2381 1767 2472 quaerendam.
1818 2378 1888 2451 Sed
1907 2394 1940 2452 te
1959 2384 2009 2453 tlt
2026 2380 2095 2455 Dei

1106 2481 1260 2552 Domine
1276 2482 1354 2554 lesu
1378 2477 1539 2563 Christe,
1566 2480 1732 2573 quivere
1756 2480 1893 2568 colligis
1914 2497 2093 2557 aeternam

1107 2580 1299 2653 Ecclesiam
1318 2606 1403 2652 voce
1416 2578 1620 2670 Evangelii,
1638 2603 1719 2663 oro,
1746 2594 1785 2651 ut
1801 2583 1981 2655 veritatem
1997 2600 2094 2658 tuam

1108 2685 1262 2756 illustres
1278 2697 1311 2754 et
1326 2683 1496 2773 reprimas
1514 2705 1637 2752 omnes
1654 2681 1844 2772 impiorum
1861 2686 2007 2757 furores.
2035 2687 2094 2757 Tu

1109 2787 1205 2855 vides
1221 2800 1351 2879 quanta
1368 2785 1412 2856 sit
1427 2797 1461 2856 et
1479 2785 1613 2870 rabies,
1636 2797 1671 2853 et
1687 2784 1845 2873 potentia
1860 2781 2015 2858 hostium
2033 2813 2094 2858 ve·

1109 2889 1239 2971 ritatis,
1269 2886 1322 2955 Te
1355 2886 1501 2977 supplex
1531 2887 1688 2957 obtestor
1719 2900 1862 2974 propter
1892 2903 1987 2957 tuam
2016 2890 2093 2979 glo-

72 3009 179 3057 .orem
206 2984 244 3051 in
265 2981 333 3055 hac
355 2989 445 3071 vita,
478 2987 615 3057 etiamsi
646 2984 761 3059 adhuc
785 3005 909 3061 natura
935 3005 1055 3062 nostra
1109 2994 1217 3073 riam,
1241 3002 1280 3058 ut
1307 2990 1489 3058 veritatem
1507 3000 1602 3059 tuam
1626 2985 1798 3067 illustres,
1825 3001 1940 3057 etnos
1962 2992 2094 3080 guber·

72 3086 173 3157 valde
189 3086 371 3157 dissimilis
384 3103 435 3159 est
451 3089 518 3178 legi
537 3088 613 3163 Dei.
667 3089 768 3160 Hanc
788 3092 892 3160 fidem
915 3095 1056 3185 praelu-
1108 3113 1187 3173 nes,
1216 3091 1309 3160 etin
1333 3089 1437 3159 nobis
1459 3090 1628 3158 accendas
1651 3100 1686 3156 et
1706 3110 1831 3173 augeas
1849 3088 1961 3158 lucem
1985 3107 2095 3176 tuam,

72 3208 146 3281 aare
167 3200 310 3279 oportet
333 3213 446 3259 novae
476 3191 712 3263 obedientiae.
773 3193 916 3275 Deinde
940 3195 1056 3263 scien·
1107 3204 1142 3261 et
1164 3191 1281 3259 deleas
1309 3190 1491 3260 mendacia
1522 3201 1555 3257 et
1578 3182 1832 3277 blasphemias,
1869 3212 1956 3281 quas
1977 3192 2094 3285 cyclo-

72 3288 154 3361 lnm
177 3301 229 3359 est
254 3290 378 3375 etiam,
419 3293 597 3383 quomodo
620 3307 654 3362 et
676 3293 841 3364 inco'e'tur
864 3308 898 3364 et
924 3296 1057 3385 placeat
1107 3293 1185 3383 pica
1201 3288 1447 3384 prophanitate
1461 3304 1583 3362 contra
1598 3303 1631 3362 te
1649 3288 1754 3360 multi
1777 3303 1813 3361 et
1833 3291 1958 3362 dicunt
1974 3308 2009 3367 et
2031 3295 2095 3365 de-

72 3386 145 3461 Deo
158 3413 252 3461 nova
276 3392 476 3463 obedentia.
528 3389 714 3478 lncoatur,
741 3396 822 3488 quia
847 3421 927 3465 vere
951 3392 1055 3466 habi·
1107 3396 1250 3464 fendere
1272 3407 1459 3465 conantur.
2073 3472 2077 3477 .

72 3504 116 3563 tat
140 3488 241 3562 Deus
257 3492 296 3562 in
314 3496 419 3564 corde
438 3496 632 3580 credentis,
658 3509 692 3565 et
714 3496 826 3587 placet
850 3495 947 3583 Deo,
973 3501 1055 3591 quia
1210 3494 1258 3567 Ut
1273 3508 1390 3566 autem
1408 3489 1474 3563 hoc
1491 3493 1571 3563 loco
1588 3489 1720 3562 Paulus
1736 3493 1873 3587 inquit,
1896 3494 1965 3565 fide
1979 3496 2093 3586 legem

72 3615 220 3685 persona
243 3609 388 3685 propter
411 3597 640 3666 mediatorem
667 3599 741 3666 sola
764 3599 832 3666 fide
857 3600 989 3691 placet,
1023 3615 1055 3669 et
1109 3597 1328 3679 stabilimus,
1367 3597 1415 3666 ita
1439 3594 1555 3686 inquit
1580 3590 1773 3665 Dominus:
1806 3593 1887 3663 Non
1918 3598 2000 3667 veni
2021 3599 2094 3669 sol-
2220 3608 2223 3613 ’

72 3695 178 3767 :redit
195 3689 286 3765 hanc
302 3696 414 3786 ipsam
439 3698 680 3769 obedientiam
697 3695 773 3768 Deo
799 3699 955 3789 placere,
982 3725 1056 3768 non
1108 3699 1411 3786 verelegem,sed
1430 3696 1588 3785 implere.
1621 3690 1755 3766 Graeca
1772 3691 1911 3786 phrasis
1928 3691 2094 3771 esttv‘ssv

72 3798 155 3891 quia
170 3796 240 3885 legi
257 3798 464 3878 satisfaciat,
486 3802 545 3866 sed
566 3813 707 3889 propter
722 3802 967 3886 mediatorem,
993 3803 1056 3895 qui
1107 3793 1245 3890 νόμον,
1271 3802 1367 3891 quod
1383 3796 1572 3888 significat,
1600 3819 1673 3862 non
1691 3810 1829 3869 tantum
1846 3798 2013 3868 delictum
2029 3803 2093 3867 ad-

72 3910 116 3969 sst
134 3918 295 3967 summus
312 3903 474 3968 sacerdos
497 3901 645 3969 adsidue
670 3925 735 3989 pro
759 3902 862 3971 nohis
886 3904 1056 3990 interpel-
1108 3902 1248 3971 mittere
1265 3913 1387 3970 contra
1403 3901 1526 3988 legem,
1552 3897 1613 3965 sed
1631 3896 1741 3986 ipsam
1756 3900 1866 3986 legem
1882 3898 2036 3985 abolere,
2053 3915 2094 3972 ιιι

72 4002 155 4069 lans.
209 3997 423 4092 Quanquam
451 4000 560 4088 igitur
579 4016 723 4091 propter
751 4003 928 4092 ingentem
955 4005 1057 4074 infir·
1108 4025 1187 4071 carm
1203 4000 1372 4071 dicimus:
1400 4001 1525 4073 Cicero
1539 3996 1675 4069 Consul
1690 4000 1845 4070 abolevit
1860 4000 1972 4088 legem
1990 4023 2092 4095 agra·

72 4102 225 4170 mitatem
242 4114 384 4170 nostrae
397 4116 543 4171 :saturae
560 4103 596 4171 in
618 4097 683 4171 hac
699 4102 789 4183 vita,
816 4100 901 4174 haec
919 4107 1056 4175 incoata
1109 4104 1211 4174 riam.
1285 4100 1461 4174 Adfirmat
1491 4099 1603 4190 igitur
1631 4097 1807 4172 Dominus
1842 4112 1963 4170 noster
1995 4100 2093 4172 lesus

72 4202 271 4273 obedientia
289 4202 391 4271 valde
407 4203 574 4291 languida
598 4216 631 4273 et
654 4204 814 4295 squalida
839 4221 911 4292 est,
939 4218 1057 4279 tamen
1108 4200 1286 4289 Christus,
1321 4226 1455 4275 senon
1481 4202 1618 4271 venisse
1640 4214 1680 4274 ut
1705 4203 1816 4294 legem
1841 4200 1998 4289 aboleat,
2031 4205 2093 4274 sed
2221 4290 2224 4297 Ι

72 4303 133 4375 illo
155 4304 282 4386 modo,
316 4317 357 4374 ut
372 4305 506 4374 dictum
533 4318 604 4391 est,
628 4304 742 4397 placet
756 4305 866 4391 Deo,
881 4320 915 4376 et
938 4311 1057 4378 nomi·
1107 4320 1149 4378 ut
1169 4306 1324 4397 impleat.

72 4418 175 4477 catur
194 4402 335 4478 lustitia
354 4419 388 4476 et
402 4404 634 4478 Sacrificium.
1214 4405 1361 4499 lmpleat
1378 4420 1493 4477 autem
1510 4416 1663 4497 quatuor
1678 4400 1803 4473 modis.
1836 4400 1997 4475 Primum
2009 4430 2093 4495 pro-

168 4505 228 4578 Fit
244 4509 354 4596 magis
371 4509 553 4599 perspicua
575 4505 661 4578 haec
677 4522 749 4579 tota
767 4511 950 4595 doctrina,
975 4535 1056 4579 cum
1109 4511 1186 4601 pria
1200 4508 1401 4581 ohedientia
1427 4529 1519 4600 quae
1542 4518 1592 4574 est
1611 4505 1758 4593 integra.
1810 4501 1976 4576 Secundo
1995 4508 2092 4578 deri·

72 4609 121 4700 pie
138 4610 314 4697 cogitatur
330 4610 368 4677 in
392 4611 598 4702 quotidiana
622 4610 864 4694 invocatione,
897 4613 935 4681 in
963 4613 1058 4683 veris
1111 4615 1227 4684 vando
1249 4613 1288 4681 in
1309 4632 1383 4682 sese
1407 4630 1576 4702 poenam,
1602 4629 1708 4701 quam
1727 4605 2092 4701 nosltgidebuimus=

72 4711 255 4783 luteribus
282 4724 317 4781 et
344 4713 520 4782 exercitiis
551 4714 812 4798 conversionis,
858 4715 895 4782 in
927 4717 1057 4806 quibus
1109 4713 1209 4785 Adeo
1225 4715 1321 4783 enim
1336 4714 1413 4783 vult
1428 4709 1523 4780 Deus
1539 4722 1650 4778 ratam
1666 4732 1738 4780 esse
1752 4710 1860 4799 legem
1875 4739 1986 4797 suam,
2000 4742 2090 4810 quae

72 4812 135 4905 ipsi
151 4811 303 4905 gemitus
320 4812 459 4902 piorum
474 4815 630 4885 refutant
646 4816 754 4887 etiam
776 4817 912 4885 furores
927 4815 1058 4887 Mona·
1110 4831 1160 4886 est
1176 4829 1317 4914 aeterna
1332 4813 1504 4904 sapientia
1521 4823 1556 4880 et
1572 4833 1697 4881 norma
1712 4811 1868 4883 iustitiae
1884 4815 1921 4884 in
1938 4818 2034 4907 ipso,
2049 4835 2090 4889 ut

72 4909 218 4985 horum
241 4928 275 4984 et
298 4912 588 4989 Antinomorum.
655 4912 830 4986 Monachi
851 4916 955 4986 fidem
985 4941 1057 4988 non
1109 4940 1312 5010 quanquam
1347 4938 1410 5006 per
1442 4911 1718 4983 misericordiam
1761 4917 1883 5005 recipit
1919 4912 2089 5002 homines,

72 5015 275 5104 intelligunt
300 5016 417 5095 aliud,
452 5017 522 5085 nisi
546 5015 713 5088 noticiam
738 5014 926 5102 historiae,
951 5021 1058 5091 etiu-
1109 5035 1226 5089 tamen
1242 5019 1291 5089 ita
1308 5016 1353 5087 sit
1368 5014 1529 5107 copulata
1554 5013 1709 5097 iusticia,
1734 5026 1773 5082 ut
1791 5016 1857 5105 legi
1873 5018 2031 5087 satisfieri
2055 5038 2090 5093 et

72 5126 154 5189 bent
179 5113 343 5185 homines
365 5141 503 5210 semper
524 5119 691 5190 dubitare
715 5143 762 5189 en
787 5120 947 5211 placeant
969 5118 1057 5194 Deo.
1109 5122 1262 5213 persolvi
1289 5140 1439 5209 poenam
1464 5139 1528 5208 pro
1551 5116 1655 5186 nobis
1674 5116 1837 5188 voluerit.
1903 5115 1970 5187 Hic
1994 5123 2089 5210 eogi-

72 5217 195 5290 Postea
208 5217 348 5307 fingunt
360 5242 467 5310 opera
484 5242 547 5291 sua
565 5242 639 5289 esse
653 5220 897 5312 impletionem
922 5223 1009 5311 legis
1024 5234 1059 5291 et
1108 5236 1184 5293 tent
1205 5218 1411 5299 Antimoni,
1450 5220 1478 5288 si
1511 5240 1585 5287 non
1619 5231 1701 5287 sunt
1720 5214 1906 5306 Epicurei,
1939 5222 2028 5313 quid
2044 5225 2090 5294 sit

72 5319 193 5390 uerita
218 5319 312 5390 vitae
336 5334 518 5404 aeternae,
558 5333 591 5392 et
614 5321 744 5391 multos
770 5343 906 5391 errores
933 5344 1054 5395 cumu·
1109 5325 1182 5413 les,
1209 5337 1241 5394 et
1257 5344 1365 5416 quare
1384 5316 1647 5393 volueritDeus
1670 5339 1743 5387 esse
1765 5331 1896 5403 catam,
1921 5342 2000 5392 cum
2016 5349 2089 5395 non

1540 5406 1628 5487 560.
