4522 5782
72 182 143 271 m
337 166 447 258 'xrtt
492 184 529 265 s.
560 183 859 263 nutantem
885 178 1042 296 nerse,
1066 180 1213 259 esunt
1239 183 1313 255 en
1333 180 1595 260 nonanus.
1645 188 1753 291 cae.
1778 195 1842 272 xe.
2024 206 2133 289 m.

72 374 89 423 .'
129 353 293 427 Primum
317 371 436 427 autem
459 353 518 427 bic
541 383 680 430 necesse
702 373 753 431 est
768 360 1063 450 diligentercon-

1116 367 1176 424 aut
1197 378 1243 423 an
1266 355 1321 424 illi
1340 355 1457 444 potius
1474 353 1550 427 Deo
1575 361 1755 452 placeant,
1781 373 1846 464 qui
1862 379 2015 452 maxime
2030 387 2099 455 llo·
2161 334 2164 339 Ι
2200 400 2205 410 ”

72 459 228 527 siderare
259 460 448 530 discrimen
484 461 577 529 inter
609 463 770 551 politiam
801 462 996 531 Mosaicam
1030 477 1062 533 et
1116 471 1195 527 rent
1212 458 1368 546 potentia
1386 474 1419 527 et
1433 461 1651 534 antecellunt
1668 473 1824 547 caeteris,

72 560 325 651 promissiones
347 566 390 630 de
408 559 558 647 Messia,
584 563 715 656 quibus
737 578 877 634 aeterna
901 562 1060 634 Ecclesia

72 661 261 750 colligitur.

172 760 306 833 Causae
329 763 434 833 etiarn
462 763 750 852 considerentur,
791 791 855 837 cur
879 767 991 838 deleta
1015 767 1061 836 sit

72 865 196 955 politia
230 861 383 937 ludaico.
870 947 873 955 ἱ

170 965 308 1050 Prima,
350 979 390 1035 ut
413 961 510 1035 Deus
540 967 742 1037 ostenderet
773 967 861 1037 iram
891 970 1059 1039 adversus

72 1062 190 1141 hostes
215 1061 363 1139 Christi.
775 1137 777 1141 ,

171 1167 346 1251 Secunda,
361 1180 401 1236 ut
418 1168 618 1237 ostenderet
639 1167 889 1255 promissiones
904 1168 1057 1240 Messiae

72 1270 317 1359 intelligendas
343 1292 415 1339 esse
431 1270 475 1337 de
491 1269 596 1337 bonis
621 1270 784 1341 aeternis.

84 1458 89 1467 Ι
172 1370 316 1453 Tertia,
355 1386 394 1440 ut
418 1371 621 1439 ostenderet
644 1393 751 1460 opera
774 1370 860 1461 legis
883 1397 958 1442 non
982 1397 1055 1443 esse

72 1472 254 1545 iusticiam.

167 1571 320 1663 Quarta,
364 1584 405 1640 ut
429 1574 670 1663 praerogativa
695 1574 808 1663 gentis
841 1572 1054 1644 israeliticae

72 1675 262 1747 tolleretur.

169 1773 323 1864 Quinta,
357 1788 398 1844 ut
418 1775 547 1844 deletio
565 1774 641 1844 eius
667 1775 812 1865 politiae
829 1769 976 1847 testetur
991 1801 1053 1866 ap-

72 1879 226 1968 paruisse
245 1874 430 1954 Messiam‘,
458 1878 538 1968 quia
563 1900 723 1966 expressa
749 1880 968 1967 praedictum
986 1879 1054 1948 suit

72 1979 235 2051 Messinm
261 1977 298 2045 in
322 1978 477 2046 secundo
500 1977 631 2066 templo
657 1981 949 2049 concionaturum
970 2003 1053 2064 esse,

72 2095 100 2153 ct
116 2095 309 2151 venturum
324 2091 438 2167 stante
462 2079 520 2147 illa
540 2079 673 2168 politia.

88 2220 95 2233 .
169 2180 347 2252 Discernit
371 2181 478 2265 igitur
501 2178 632 2248 Paulus
655 2175 722 2249 hoc
750 2181 827 2250 loco
850 2181 1011 2270 politiam
1032 2205 1051 2248 a

72 2284 276 2354 collectione
305 2277 502 2361 Ecclesiae,
540 2296 573 2350 et
596 2283 757 2352 adfirmat
782 2282 1050 2371 promissionem

72 2389 111 2456 de
129 2384 261 2455 Messia
288 2378 404 2450 adbuc
428 2384 603 2470 pertinere
625 2386 667 2451 ad
693 2381 886 2464 lsrae'litas,
914 2384 1050 2452 etiamsi

72 2509 218 2577 peguum
242 2485 395 2555 deletum
421 2497 480 2556 est.
535 2480 604 2551 Hic
621 2484 729 2573 igitur
748 2485 841 2554 inter
858 2486 978 2553 ruinas
994 2509 1048 2553 re-

72 2612 219 2679 gnorum
244 2608 381 2654 necesse
406 2599 457 2654 est
481 2585 590 2668 scire,
625 2600 742 2655 tamen
765 2582 959 2655 Ecclesiam
984 2584 1048 2655 Dei

72 2712 269 2760 mansuram
288 2710 379 2767 esse,
406 2689 494 2754 sicut
511 2683 688 2755 Dominus
707 2687 780 2777 ipse
803 2687 938 2778 inquit,
965 2712 1051 2755 ven·

72 2810 164 2865 terras
190 2814 266 2859 esse.
292 2812 481 2877 regnorum
511 2790 787 2865 destructiones,
829 2792 887 2856 sed
916 2789 1049 2859 interea

72 2920 100 2965 εε
111 2890 305 2963 Ecclesiam
323 2902 541 2959 servaturum
557 2912 649 2967 esse,
676 2890 763 2957 sicut
781 2889 913 2981 inquit:

168 2992 256 3064 Ecce
279 3015 343 3081 ego
368 2992 549 3059 vobiscum
573 3014 650 3059 sum
679 2993 857 3083 usquead
883 3013 1049 3059 cousum-

72 3098 261 3167 mationem
284 3094 401 3163 seculi.

72 3190 82 3204 ‘
167 3195 271 3266 ltem:
299 3194 361 3264 lsti
383 3194 457 3261 dies
482 3192 787 3263 abbreviabuntur
812 3207 958 3285 propter
977 3193 1049 3260 ele-

72 3313 150 3372 ειοε.

163 3397 270 3467 ltem:
296 3393 377 3466 Erit
393 3396 481 3464 sicut
498 3397 535 3463 in
554 3396 677 3464 diebus
692 3392 808 3481 Noae,
842 3419 935 3465 unus
950 3418 1050 3487 assu·

72 3517 197 3581 aretur,
223 3515 255 3568 et
274 3498 362 3566 alter
378 3499 596 3590 relinquetur
614 3512 679 3570 etc.

164 3592 212 3672 Et
251 3597 375 3669 Esaiae
398 3598 457 3671 59.
494 3599 647 3667 affirmat
675 3621 814 3688 semper
847 3620 1048 3666 mansuram

72 3729 138 3778 esse
163 3701 373 3771 Ecclesiam:
415 3697 492 3768 Huc
514 3713 565 3769 est
589 3702 712 3768 foedus
737 3724 852 3768 meum
877 3723 957 3766 curn
989 3700 1049 3777 eis,

72 3807 151 3879 dicit
176 3803 372 3885 Dominus,
399 3800 552 3890 Spiritus
569 3825 684 3884 nreus,
716 3802 775 3893 qui
799 3815 849 3868 est
874 3802 910 3868 in
935 3815 989 3881 te,
1016 3814 1049 3868 et

72 3912 175 3979 verba
200 3927 295 3987 ntea,
324 3927 412 3996 quae
428 3904 527 3993 posui
546 3903 583 3969 in
601 3927 661 3969 ore
678 3915 760 3985 tuo,
786 3927 860 3969 rrun
886 3905 1049 3969 recedent

72 4016 109 4084 ab
135 4033 196 4076 ore
220 4021 300 4096 tuo,
329 4021 359 4071 et
387 4008 429 4073 de
446 4027 507 4073 ore
523 4003 667 4074 seminis
683 4004 734 4073 tui
756 4005 923 4093 deinceps
940 4019 972 4072 et
989 4027 1047 4070 us-

72 4135 135 4209 que
155 4111 193 4178 in
215 4108 481 4199 sempiternum.

169 4212 273 4281 trem:
302 4208 379 4278 Hoc
394 4209 626 4289 facite-donec
643 4207 796 4275 veniam.

115 4314 304 4393 Secundo,
336 4331 475 4377 necesse
502 4324 552 4379 est
579 4310 681 4378 etiam
708 4308 979 4396 cogitarequae
1002 4305 1048 4372 sit

72 4434 99 4490 tt
116 4417 180 4487 ubi
202 4416 247 4482 sit
262 4409 437 4488 Ecclesia,
465 4411 648 4492 videlicet,
675 4404 761 4478 haec
782 4408 974 4477 multitudo
997 4422 1048 4476 est

72 4517 241 4598 Ecclesia,
289 4513 426 4583 etiamsi
456 4527 506 4581 εει
537 4513 575 4579 in
607 4511 839 4579 dissimilibus
872 4508 1048 4598 imperiis,

72 4646 155 4715 quae
179 4617 404 4708 amplectitur
432 4613 674 4702 incorruptam
702 4611 899 4679 doctrinam
926 4605 1046 4678 Evan-

72 4723 167 4813 gelii,
193 4719 287 4786 iuxta
304 4719 455 4785 dictum:
477 4709 574 4783 Oves
591 4735 688 4783 meae
704 4736 824 4780 vocem
848 4734 960 4778 meam
983 4733 1044 4778 atr-

72 4827 184 4896 liunt.
218 4820 321 4888 ltem:
347 4816 453 4887 Pater
468 4816 644 4886 sanctifica
661 4839 719 4884 eos
736 4816 773 4882 io
791 4812 956 4896 veritate,
973 4834 1046 4879 ser-

72 4952 123 4997 no
146 4940 229 4994 tuus
252 4934 301 4988 εει
322 4919 460 4986 veritas.

117 5025 265 5105 Tertio,
305 5020 456 5089 tenenda
486 5030 535 5086 est
568 5017 673 5085 etiam
700 5015 906 5086 consolatio.
954 5013 1045 5082 Cum

72 5131 160 5201 enirn
184 5124 372 5215 aspicimus
389 5143 494 5209 regna
513 5118 621 5206 impia
639 5119 832 5205 potentiam
850 5140 888 5185 ac
905 5135 1048 5202 magnas

72 5228 231 5303 victorias
246 5249 386 5306 eorum,
411 5236 445 5289 et
460 5218 724 5289 multitudinem
740 5218 945 5305 impiorum,
972 5228 1047 5283 tur-

72 5346 198 5405 rantur
215 5326 344 5414 animi,
368 5339 408 5395 ut
424 5321 622 5409 disputent,
652 5343 697 5390 an
721 5339 803 5388 casu
818 5317 939 5386 omnia
953 5315 1048 5402 liant,

111 5432 304 5506 Μιιειτιι.
323 5431 425 5496 Orrs.
453 5420 539 5496 Vn.
557 5425 637 5503 XV.
867 5494 871 5507 ,

1215 554 1347 626 Contra
1365 554 1449 628 baec
1464 565 1657 650 spectacula
1680 591 1884 659 praemonet
1906 604 1972 650 nos
1988 580 2094 672 Deus,

1113 673 1148 727 et
1163 659 1318 730 allirmat
1333 657 1526 731 Ecclesiam
1548 666 1708 753 exiguam
1730 697 1823 760 esse,
1857 694 1891 749 et
1913 706 1989 752 eam
2014 702 2095 756 tan·

1114 775 1187 829 tum
1207 784 1299 844 esse,
1326 785 1415 853 quae
1432 763 1670 856 incorruptam
1694 774 1893 849 doctrinam
1907 778 2094 876 Evangelii
2213 770 2216 776 Ι

1113 862 1356 952 amplectitur,
1382 864 1518 931 etiamsi
1535 867 1601 934 alia
1619 894 1699 958 pars
1715 880 1853 962 generis
1868 875 2014 955 humani
2029 914 2093 958 an-

1112 963 1241 1032 tecellit
1258 965 1411 1054 potentia
1433 981 1465 1035 et
1478 969 1705 1042 multitudine
1719 989 1782 1048 etc.
1831 979 1918 1053 Vult
1937 1009 2003 1055 nos
2019 1013 2093 1059 non

1110 1064 1289 1134 discedere
1307 1089 1325 1134 a
1342 1067 1450 1135 verbo
1469 1064 1535 1159 Dei
1553 1085 1667 1140 motos
1690 1099 1752 1144 seu
1775 1080 2006 1156 multitudine
2031 1113 2093 1161 reu

1112 1167 1267 1251 potentia
1296 1167 1468 1238 aliorum:
1516 1170 1594 1240 ideo
1622 1169 1726 1245 Esaia
1758 1181 1791 1251 1.
1823 1182 1971 1256 dicitur:
2013 1176 2104 1262 Nisi

1108 1264 1283 1336 Dominus
1306 1269 1503 1361 reliquisset
1530 1274 1633 1342 nobis
1657 1299 1798 1365 semen,
1825 1284 1914 1358 sicut
1934 1287 2090 1364 Sodoma

1107 1368 1190 1469 facti
1212 1393 1374 1440 essemus.

1108 1476 1114 1483 '
1208 1468 1332 1538 Esaiae
1358 1468 1434 1542 34:
1479 1470 1526 1542 Ut
1549 1499 1628 1544 cum
1661 1502 1790 1566 paucae
1814 1509 1904 1556 uvae
1934 1492 2090 1585 reliquae
2192 1542 2196 1546 „

1107 1571 1245 1639 suntin
1269 1573 1521 1662 racematione,
1551 1576 1600 1644 sic
1625 1596 1729 1651 erunt
1753 1582 1792 1652 in
1817 1600 1908 1658 terra
1930 1591 2088 1666 levantes

1109 1695 1230 1740 vocem
1250 1674 1491 1744 et‘laudantes
1543 1679 1716 1754 ominum.

1206 1770 1332 1843 Esaiae
1352 1771 1431 1848 65.:
1466 1775 1511 1846 Ut
1534 1778 1571 1845 in
1592 1783 1703 1849 sterili
1720 1783 1919 1872 vindemia,
1944 1794 2007 1863 ubi
2031 1795 2088 1866 in·
2104 1783 2111 1790 ..
2220 1812 2227 1832 ·

1107 1889 1210 1944 venta
1230 1876 1336 1945 luerit
1353 1901 1438 1955 uva,
1465 1878 1618 1961 dicetur,
1644 1880 1852 1958 Benedictio
1868 1887 2029 1966 Domini.

1094 2065 1097 2071 Ι
1206 1971 1422 2047 Ethristus
1437 1979 1571 2068 inquit:
1586 1979 1695 2051 Multi
1714 1991 1839 2066 vocati,
1857 1994 1958 2080 pauci
1976 1997 2088 2072 electi.

1105 2073 1151 2147 Et
1179 2091 1297 2147 tamen
1322 2073 1359 2146 bi
1393 2082 1493 2168 pauci
1525 2082 1625 2148 multi
1653 2100 1754 2169 street,
1794 2092 1885 2161 sicut
1911 2089 1978 2164 boc
2011 2099 2087 2168 loeo

1104 2178 1322 2267 significatur
1351 2203 1392 2248 ex
1424 2181 1518 2248 dicto
1548 2181 1760 2256 adEliaur:
1811 2189 1960 2286 Reliqui
1996 2194 2087 2267 mihi

1103 2295 1235 2370 septem
1254 2281 1386 2364 millia,
1409 2306 1498 2374 quae
1517 2308 1588 2352 nou
1606 2287 1843 2361 adoraverunt
1859 2290 1957 2366 Baal.
1991 2296 2088 2369 Haec

1103 2383 1300 2452 necessaria
1333 2385 1494 2451 doctrina
1530 2385 1568 2451 in
1602 2386 1779 2487 principio
1817 2389 1924 2463 buius
1949 2401 2087 2489 ¹capitis
2167 2478 2173 2483 ,

1103 2485 1355 2564 continentur,
1395 2485 1525 2553 scilieet
1547 2487 1591 2553 de
1613 2488 1819 2560 discrimine
1846 2497 2009 2584 politiae,
2053 2517 2087 2572 et

1102 2586 1347 2676 promissionis
1379 2587 1549 2655 debonis
1579 2592 1752 2682 aeternis,
1795 2601 1895 2665 etde
1919 2595 2088 2690 Ecclesia,

1102 2710 1192 2780 quae
1215 2701 1249 2756 et
1273 2688 1388 2780 qualis
1413 2688 1469 2757 sit.
1931 2696 1934 2701 ’
2048 2730 2051 2739 =

1224 2816 1400 2924 Numito
1419 2849 1665 2948 impegerunt,
1698 2864 1737 2924 ut
1761 2855 1956 2933 cuderent?

1203 2981 1405 3074 Propositio
1422 3009 1528 3074 supra
1549 2985 1707 3057 instituta
1724 2997 1912 3080 repetitur:
1937 2997 2017 3069 Non
2036 3005 2085 3074 sic

1102 3085 1327 3174 impegerunt
1347 3082 1483 3163 ludaei,
1500 3101 1548 3154 *ut
1565 3088 1601 3154 in
1620 3103 1691 3158 tota
1708 3106 1811 3176 gente
1827 3119 1932 3169 neruo
1948 3101 1994 3169 sit
2015 3106 2085 3173 sal.
2159 3076 2167 3103 ³

1102 3191 1250 3260 vandus.
1284 3185 1391 3258 Ratio
1408 3203 1529 3276 argute
1546 3190 1694 3276 cogitata
1711 3207 1772 3272 est,
1783 3218 1846 3264 nec
1865 3214 1918 3273 est
1934 3203 2085 3276 obscura
2174 3253 2176 3263 ,

1102 3290 1287 3372 sententia,
1303 3303 1456 3357 sumtum
1477 3302 1529 3357 est
1543 3292 1638 3356 enirn
1655 3310 1907 3379 argumentum
1923 3323 1963 3369 ex
1981 3327 2084 3377 causa
2134 3349 2141 3363 .

1101 3390 1217 3476 finali,
1244 3386 1310 3459 hoc
1337 3391 1459 3458 modo:
1488 3387 1622 3459 Gentes
1646 3408 1805 3484 receptae
1830 3415 1932 3486 sunt,
1960 3419 2000 3474 ut
2024 3405 2084 3479 lu-

1103 3493 1179 3560 daei
1207 3505 1444 3581 provocentur
1466 3492 1509 3558 ad
1536 3494 1772 3581 credendum,
1808 3521 1887 3568 curn
1911 3505 2084 3582 videbunt
2135 3511 2145 3518 ”

1100 3590 1336 3682 Evangelium
1371 3595 1408 3660 iu
1440 3589 1619 3662 Gentibus
1642 3595 1764 3666 efficax
1799 3623 1887 3681 esee,
1928 3607 2017 3679 sicut
2044 3612 2081 3680 in
2122 3657 2127 3666 -

1102 3693 1204 3764 Mose
1220 3696 1389 3783 scripturn
1412 3707 1482 3762 est:
1511 3691 1717 3766 Provocabo
1738 3723 1800 3774 voe
1818 3725 1890 3771 non
1909 3706 1945 3772 iu
1968 3725 2081 3794 geute,

1103 3795 1215 3883 lgitur
1238 3818 1377 3864 necesse
1400 3808 1450 3863 est
1472 3795 1612 3887 aliquos
1634 3821 1706 3866 esse
1726 3800 1883 3892 reliquos
1905 3807 1997 3877 inter
2020 3809 2082 3880 lu·

1102 3901 1225 3980 daeos,
1258 3898 1319 3990 qui
1349 3896 1517 3965 credituri
1540 3909 1639 3967 sunt:
1683 3923 1851 3991 quorsum
1875 3908 1968 3975 enim
1992 3935 2081 4001 opus

1101 4022 1174 4068 esse
1196 3997 1378 4088 provocari
1397 3996 1560 4080 ludaeos,
1584 3999 1614 4066 si
1639 4001 1728 4068 nulli
1753 4007 1920 4073 credituri
1944 4016 2082 4083 essent?

1100 4099 1328 4194 Consequens
1344 4101 1393 4167 sic
1410 4099 1548 4171 attexit:
1579 4097 1700 4170 Ruina
1718 4118 1830 4173 vestra
1848 4109 1978 4194 proluit
1994 4139 2080 4202 gen·
2172 4184 2175 4189 ,

1100 4204 1213 4280 tibus,
1246 4205 1304 4270 sed
1329 4224 1402 4268 non
1427 4200 1634 4288 simpliciter
1657 4203 1780 4287 ruina,
1809 4202 1940 4279 Verum
1966 4216 2078 4287 multo
2165 4242 2176 4258 “

1100 4303 1210 4389 magis
1237 4304 1420 4392 plenitudo
1446 4315 1579 4380 vestra,
1618 4303 1747 4385 idest,
1787 4329 1866 4392 pars
1890 4306 2079 4386 incolumis

1101 4408 1295 4486 creditura,
1328 4428 1417 4495 quae
1443 4404 1665 4492 provocanda
1690 4405 1758 4489 luit
1780 4411 1935 4493 gentium
1961 4439 2078 4486 exeru-

1101 4509 1178 4595 plo:
1204 4520 1287 4575 sunt
1303 4527 1384 4593 ergo
1402 4502 1532 4595 reliqui
1552 4503 1644 4572 inter
1667 4501 1814 4575 ludaeos
1836 4524 2076 4591 convertendi.

1100 4606 1201 4676 Hanc
1217 4607 1388 4698 reliquam
1405 4617 1539 4695 partem
1558 4604 1717 4697 nominat
1729 4605 2012 4704 plenitudinem,
2040 4623 2078 4692 id

1100 4721 1169 4791 est,
1214 4701 1510 4797 complementum
1543 4705 1697 4793 integrae
1722 4705 1897 4783 Ecclesiae
1916 4742 2077 4792 conver·

1101 4813 1226 4881 tendae
1248 4832 1289 4876 ex
1311 4809 1445 4877 semine
1466 4801 1643 4878 Abrabae.

1201 4909 1278 4979 Hac
1299 4908 1557 4998 simplicissima
1586 4907 1817 5007 explicatione
1840 4921 1996 4990 contenti
2026 4925 2075 4992 si-

1100 5037 1202 5096 mus,
1242 5026 1275 5082 et
1300 5012 1421 5098 longas
1449 5009 1601 5078 aliorum
1625 5009 1882 5098 disputationes
1905 5011 1972 5088 boc
1996 5022 2074 5095 loco
2187 5079 2189 5084 ι

1100 5115 1263 5204 relinquo
1289 5111 1563 5181 considerationi
1585 5123 1618 5181 et
1640 5111 1773 5180 iudicio
1797 5117 1988 5190 seniorum.

1189 5212 1261 5285 sic
1276 5225 1310 5282 et
1325 5228 1442 5304 postea
1465 5210 1691 5302 amplificatio
1715 5213 1877 5287 additur:
1917 5217 1956 5291 si
1977 5225 2072 5296 ahie.

1100 5313 1169 5387 ctio
1184 5312 1396 5386 ludaeorum
1413 5313 1563 5406 proluit,
1588 5334 1695 5405 quam
1717 5312 1871 5400 gloriosa
1889 5322 1955 5393 erit
1973 5331 2074 5400 resti.

1244 5415 1296 5487 6³
