<?xml version="1.0" encoding="UTF-8"?>
<!DOCTYPE html PUBLIC "-//W3C//DTD XHTML 1.0 Transitional//EN"
    "http://www.w3.org/TR/xhtml1/DTD/xhtml1-transitional.dtd">
<html xmlns="http://www.w3.org/1999/xhtml" xml:lang="en" lang="en">
 <head>
  <title>
</title>
<meta http-equiv="Content-Type" content="text/html;charset=utf-8" />
  <meta name='ocr-system' content='tesseract 3.04.00' />
  <meta name='ocr-capabilities' content='ocr_page ocr_carea ocr_par ocr_line ocrx_word'/>
</head>
<body>
  <div class='ocr_page' id='page_1' title='image "./corpusreformato01melagoog/corpusreformato01melagoog_0294.png"; bbox 0 0 4522 5782; ppageno 0'>
   <div class='ocr_carea' id='block_1_1' title="bbox 88 124 2067 281">
    <p class='ocr_par' dir='ltr' id='par_1_1' title="bbox 88 124 2067 281">
     <span class='ocr_line' id='line_1_1' title="bbox 88 124 2067 281; baseline 0.007 -16"><span class='ocrx_word' id='word_1_1' title='bbox 88 192 110 265; x_wconf 88' lang='grc' dir='ltr'>ι</span> <span class='ocrx_word' id='word_1_2' title='bbox 197 124 200 129; x_wconf 48' lang='grc'><strong>’</strong></span> <span class='ocrx_word' id='word_1_3' title='bbox 230 186 335 271; x_wconf 87' lang='lat' dir='ltr'>xm</span> <span class='ocrx_word' id='word_1_4' title='bbox 383 191 420 264; x_wconf 85' lang='lat' dir='ltr'>s.</span> <span class='ocrx_word' id='word_1_5' title='bbox 446 182 811 281; x_wconf 76' lang='lat' dir='ltr'>mansuram</span> <span class='ocrx_word' id='word_1_6' title='bbox 835 184 889 269; x_wconf 84' lang='grc' dir='ltr'>ιιι</span> <span class='ocrx_word' id='word_1_7' title='bbox 912 183 1071 267; x_wconf 79' lang='lat' dir='ltr'>uersu</span> <span class='ocrx_word' id='word_1_8' title='bbox 1093 182 1248 263; x_wconf 82' lang='lat' dir='ltr'>raum</span> <span class='ocrx_word' id='word_1_9' title='bbox 1270 187 1341 263; x_wconf 83' lang='lat' dir='ltr'>au</span> <span class='ocrx_word' id='word_1_10' title='bbox 1367 132 1632 269; x_wconf 75' lang='lat' dir='ltr'>suasanus.</span> <span class='ocrx_word' id='word_1_11' title='bbox 1685 188 1791 270; x_wconf 81' lang='lat' dir='ltr'>car.</span> <span class='ocrx_word' id='word_1_12' title='bbox 1818 192 1848 277; x_wconf 91' lang='grc' dir='ltr'>ι.</span> <span class='ocrx_word' id='word_1_13' title='bbox 1987 200 2067 279; x_wconf 81' lang='lat' dir='ltr'>sce</span> 
     </span>
    </p>
   </div>
   <div class='ocr_carea' id='block_1_2' title="bbox 88 356 2136 466">
    <p class='ocr_par' dir='ltr' id='par_1_2' title="bbox 88 356 2136 466">
     <span class='ocr_line' id='line_1_2' title="bbox 88 356 2136 466; baseline 0.003 -31"><span class='ocrx_word' id='word_1_14' title='bbox 88 363 253 441; x_wconf 83' lang='lat' dir='ltr'>smittrttt</span> <span class='ocrx_word' id='word_1_15' title='bbox 271 362 344 435; x_wconf 82' lang='lat' dir='ltr'>slis</span> <span class='ocrx_word' id='word_1_16' title='bbox 367 358 565 445; x_wconf 77' lang='lat' dir='ltr'>beneficia:</span> <span class='ocrx_word' id='word_1_17' title='bbox 604 373 646 435; x_wconf 90' lang='lat' dir='ltr'>nt</span> <span class='ocrx_word' id='word_1_18' title='bbox 668 378 768 435; x_wconf 86' lang='lat' dir='ltr'>nune</span> <span class='ocrx_word' id='word_1_19' title='bbox 788 376 934 456; x_wconf 81' lang='lat' dir='ltr'>quoque</span> <span class='ocrx_word' id='word_1_20' title='bbox 953 380 1031 437; x_wconf 83' lang='lat' dir='ltr'>cre-</span> <span class='ocrx_word' id='word_1_21' title='bbox 1077 356 1208 453; x_wconf 81' lang='lat' dir='ltr'>quitnr</span> <span class='ocrx_word' id='word_1_22' title='bbox 1234 368 1318 452; x_wconf 78' lang='lat' dir='ltr'>ergo</span> <span class='ocrx_word' id='word_1_23' title='bbox 1348 362 1388 433; x_wconf 90' lang='lat' dir='ltr'>io</span> <span class='ocrx_word' id='word_1_24' title='bbox 1411 362 1521 433; x_wconf 83' lang='lat' dir='ltr'>tertio</span> <span class='ocrx_word' id='word_1_25' title='bbox 1551 365 1663 456; x_wconf 84' lang='lat' dir='ltr'>eapite</span> <span class='ocrx_word' id='word_1_26' title='bbox 1688 366 1898 466; x_wconf 74' lang='lat' dir='ltr'>principalis</span> <span class='ocrx_word' id='word_1_27' title='bbox 1921 368 2066 464; x_wconf 75' lang='lat' dir='ltr'>propo·</span> <span class='ocrx_word' id='word_1_28' title='bbox 2133 380 2136 386; x_wconf 84' lang='lat'>&#39;</span> 
     </span>
    </p>
   </div>
   <div class='ocr_carea' id='block_1_3' title="bbox 88 458 2066 970">
    <p class='ocr_par' dir='ltr' id='par_1_3' title="bbox 88 458 2066 970">
     <span class='ocr_line' id='line_1_3' title="bbox 88 458 2065 560; baseline 0.005 -23"><span class='ocrx_word' id='word_1_29' title='bbox 88 490 120 537; x_wconf 84' lang='lat' dir='ltr'>rr</span> <span class='ocrx_word' id='word_1_30' title='bbox 144 468 335 550; x_wconf 75' lang='lat' dir='ltr'>tetanos,</span> <span class='ocrx_word' id='word_1_31' title='bbox 364 462 481 539; x_wconf 86' lang='lat' dir='ltr'>Deum</span> <span class='ocrx_word' id='word_1_32' title='bbox 504 478 798 541; x_wconf 83' lang='lat' dir='ltr'>conservaturum</span> <span class='ocrx_word' id='word_1_33' title='bbox 823 488 897 535; x_wconf 90' lang='lat' dir='ltr'>esse</span> <span class='ocrx_word' id='word_1_34' title='bbox 920 464 1030 535; x_wconf 74' lang='lat' dir='ltr'>uiui·</span> <span class='ocrx_word' id='word_1_35' title='bbox 1080 461 1181 546; x_wconf 91' lang='lat' dir='ltr'>sitio,</span> <span class='ocrx_word' id='word_1_36' title='bbox 1213 467 1309 557; x_wconf 89' lang='lat' dir='ltr'>quod</span> <span class='ocrx_word' id='word_1_37' title='bbox 1341 458 1504 537; x_wconf 86' lang='lat' dir='ltr'>homiues</span> <span class='ocrx_word' id='word_1_38' title='bbox 1531 483 1793 560; x_wconf 83' lang='lat' dir='ltr'>consequentur</span> <span class='ocrx_word' id='word_1_39' title='bbox 1819 470 2065 547; x_wconf 66' lang='lat' dir='ltr'>remissionem</span> 
     </span>
     <span class='ocr_line' id='line_1_4' title="bbox 88 564 2066 661; baseline 0.007 -24"><span class='ocrx_word' id='word_1_40' title='bbox 88 571 183 639; x_wconf 85' lang='lat' dir='ltr'>rium</span> <span class='ocrx_word' id='word_1_41' title='bbox 210 564 418 657; x_wconf 80' lang='lat' dir='ltr'>Evangelii,</span> <span class='ocrx_word' id='word_1_42' title='bbox 445 592 557 661; x_wconf 84' lang='lat' dir='ltr'>quare</span> <span class='ocrx_word' id='word_1_43' title='bbox 579 567 737 638; x_wconf 89' lang='lat' dir='ltr'>servabit</span> <span class='ocrx_word' id='word_1_44' title='bbox 760 566 900 660; x_wconf 89' lang='lat' dir='ltr'>aliquos</span> <span class='ocrx_word' id='word_1_45' title='bbox 923 565 1029 637; x_wconf 90' lang='lat' dir='ltr'>mini-</span> <span class='ocrx_word' id='word_1_46' title='bbox 1081 578 1325 653; x_wconf 88' lang='lat' dir='ltr'>peccatorum,</span> <span class='ocrx_word' id='word_1_47' title='bbox 1351 580 1386 639; x_wconf 87' lang='lat' dir='ltr'>et</span> <span class='ocrx_word' id='word_1_48' title='bbox 1404 583 1612 658; x_wconf 87' lang='lat' dir='ltr'>reputentur</span> <span class='ocrx_word' id='word_1_49' title='bbox 1627 570 1729 656; x_wconf 88' lang='lat' dir='ltr'>iusti,</span> <span class='ocrx_word' id='word_1_50' title='bbox 1754 572 2001 649; x_wconf 82' lang='lat' dir='ltr'>etliberentnr</span> <span class='ocrx_word' id='word_1_51' title='bbox 2019 582 2066 651; x_wconf 84' lang='lat' dir='ltr'>ab</span> 
     </span>
     <span class='ocr_line' id='line_1_5' title="bbox 88 668 2064 767; baseline 0.003 -24"><span class='ocrx_word' id='word_1_52' title='bbox 88 694 149 755; x_wconf 84' lang='lat' dir='ltr'>us,</span> <span class='ocrx_word' id='word_1_53' title='bbox 174 684 209 741; x_wconf 92' lang='lat' dir='ltr'>et</span> <span class='ocrx_word' id='word_1_54' title='bbox 221 671 462 760; x_wconf 88' lang='lat' dir='ltr'>suppeditabit</span> <span class='ocrx_word' id='word_1_55' title='bbox 476 670 527 739; x_wconf 90' lang='lat' dir='ltr'>eis</span> <span class='ocrx_word' id='word_1_56' title='bbox 543 668 807 754; x_wconf 68' lang='lat' dir='ltr'>defensionem,</span> <span class='ocrx_word' id='word_1_57' title='bbox 832 683 865 740; x_wconf 92' lang='lat' dir='ltr'>et</span> <span class='ocrx_word' id='word_1_58' title='bbox 880 670 950 739; x_wconf 87' lang='lat' dir='ltr'>alia</span> <span class='ocrx_word' id='word_1_59' title='bbox 966 694 1027 739; x_wconf 90' lang='lat' dir='ltr'>ne-</span> <span class='ocrx_word' id='word_1_60' title='bbox 1061 680 1220 735; x_wconf 88' lang='lat' dir='ltr'>.aeterna</span> <span class='ocrx_word' id='word_1_61' title='bbox 1246 683 1380 754; x_wconf 89' lang='lat' dir='ltr'>morte,</span> <span class='ocrx_word' id='word_1_62' title='bbox 1404 694 1479 739; x_wconf 90' lang='lat' dir='ltr'>nou</span> <span class='ocrx_word' id='word_1_63' title='bbox 1509 687 1651 762; x_wconf 89' lang='lat' dir='ltr'>propter</span> <span class='ocrx_word' id='word_1_64' title='bbox 1673 675 1854 765; x_wconf 78' lang='lat' dir='ltr'>propriam</span> <span class='ocrx_word' id='word_1_65' title='bbox 1874 676 2064 767; x_wconf 83' lang='lat' dir='ltr'>iusticiam,</span> 
     </span>
     <span class='ocr_line' id='line_1_6' title="bbox 88 768 2065 869; baseline 0.005 -27"><span class='ocrx_word' id='word_1_66' title='bbox 88 773 184 843; x_wconf 82' lang='lat' dir='ltr'>saria</span> <span class='ocrx_word' id='word_1_67' title='bbox 206 774 298 843; x_wconf 80' lang='lat' dir='ltr'>vitae</span> <span class='ocrx_word' id='word_1_68' title='bbox 319 775 519 842; x_wconf 83' lang='lat' dir='ltr'>commoda.</span> <span class='ocrx_word' id='word_1_69' title='bbox 569 770 631 843; x_wconf 86' lang='lat' dir='ltr'>Sic</span> <span class='ocrx_word' id='word_1_70' title='bbox 654 794 720 843; x_wconf 90' lang='lat' dir='ltr'>nos</span> <span class='ocrx_word' id='word_1_71' title='bbox 742 770 967 841; x_wconf 85' lang='lat' dir='ltr'>includemus</span> <span class='ocrx_word' id='word_1_72' title='bbox 991 771 1027 839; x_wconf 93' lang='lat' dir='ltr'>iu</span> <span class='ocrx_word' id='word_1_73' title='bbox 1078 771 1137 835; x_wconf 72' lang='lat' dir='ltr'>sat</span> <span class='ocrx_word' id='word_1_74' title='bbox 1170 794 1233 857; x_wconf 88' lang='lat' dir='ltr'>per</span> <span class='ocrx_word' id='word_1_75' title='bbox 1261 772 1538 842; x_wconf 86' lang='lat' dir='ltr'>misericordiam</span> <span class='ocrx_word' id='word_1_76' title='bbox 1571 790 1714 865; x_wconf 86' lang='lat' dir='ltr'>propter</span> <span class='ocrx_word' id='word_1_77' title='bbox 1736 768 1918 847; x_wconf 77' lang='lat' dir='ltr'>Christum</span> <span class='ocrx_word' id='word_1_78' title='bbox 1945 782 2065 869; x_wconf 85' lang='lat' dir='ltr'>gratis.</span> 
     </span>
     <span class='ocr_line' id='line_1_7' title="bbox 88 864 2063 970; baseline 0.005 -26"><span class='ocrx_word' id='word_1_79' title='bbox 88 875 310 945; x_wconf 79' lang='lat' dir='ltr'>amissionem</span> <span class='ocrx_word' id='word_1_80' title='bbox 342 872 475 964; x_wconf 83' lang='lat' dir='ltr'>gratiae</span> <span class='ocrx_word' id='word_1_81' title='bbox 513 887 648 945; x_wconf 82' lang='lat' dir='ltr'>caetera</span> <span class='ocrx_word' id='word_1_82' title='bbox 681 876 891 943; x_wconf 83' lang='lat' dir='ltr'>commoda:</span> <span class='ocrx_word' id='word_1_83' title='bbox 936 871 1025 944; x_wconf 79' lang='lat' dir='ltr'>Carsu</span> <span class='ocrx_word' id='word_1_84' title='bbox 1081 865 1118 937; x_wconf 76' lang='lat' dir='ltr'>lt-&#39;a</span> <span class='ocrx_word' id='word_1_85' title='bbox 1142 864 1210 941; x_wconf 85' lang='lat' dir='ltr'>boc</span> <span class='ocrx_word' id='word_1_86' title='bbox 1224 872 1291 941; x_wconf 86' lang='lat' dir='ltr'>lide</span> <span class='ocrx_word' id='word_1_87' title='bbox 1313 874 1363 954; x_wconf 86' lang='lat' dir='ltr'>lit,</span> <span class='ocrx_word' id='word_1_88' title='bbox 1387 900 1465 943; x_wconf 85' lang='lat' dir='ltr'>curn</span> <span class='ocrx_word' id='word_1_89' title='bbox 1484 876 1660 945; x_wconf 85' lang='lat' dir='ltr'>credimus</span> <span class='ocrx_word' id='word_1_90' title='bbox 1674 876 1779 945; x_wconf 87' lang='lat' dir='ltr'>uobis</span> <span class='ocrx_word' id='word_1_91' title='bbox 1792 894 1938 970; x_wconf 84' lang='lat' dir='ltr'>propter</span> <span class='ocrx_word' id='word_1_92' title='bbox 1951 883 2063 954; x_wconf 86' lang='lat' dir='ltr'>tilium</span> 
     </span>
    </p>
   </div>
   <div class='ocr_carea' id='block_1_4' title="bbox 90 969 2125 1071">
    <p class='ocr_par' dir='ltr' id='par_1_4' title="bbox 90 969 2125 1071">
     <span class='ocr_line' id='line_1_8' title="bbox 90 969 2125 1071; baseline 0.005 -26"><span class='ocrx_word' id='word_1_93' title='bbox 90 1001 136 1071; x_wconf 85' lang='lat' dir='ltr'>us</span> <span class='ocrx_word' id='word_1_94' title='bbox 156 977 261 1047; x_wconf 91' lang='lat' dir='ltr'>uobis</span> <span class='ocrx_word' id='word_1_95' title='bbox 283 976 329 1046; x_wconf 91' lang='lat' dir='ltr'>sit</span> <span class='ocrx_word' id='word_1_96' title='bbox 352 976 532 1066; x_wconf 88' lang='lat' dir='ltr'>propicius</span> <span class='ocrx_word' id='word_1_97' title='bbox 547 994 690 1065; x_wconf 86' lang='lat' dir='ltr'>propter</span> <span class='ocrx_word' id='word_1_98' title='bbox 702 970 907 1055; x_wconf 65' lang='lat' dir='ltr'>(iluistum,</span> <span class='ocrx_word' id='word_1_99' title='bbox 937 976 1024 1065; x_wconf 84' lang='lat' dir='ltr'>peti·</span> <span class='ocrx_word' id='word_1_100' title='bbox 1076 969 1163 1053; x_wconf 82' lang='lat' dir='ltr'>Dei,</span> <span class='ocrx_word' id='word_1_101' title='bbox 1198 987 1331 1062; x_wconf 86' lang='lat' dir='ltr'>patrem</span> <span class='ocrx_word' id='word_1_102' title='bbox 1361 977 1536 1067; x_wconf 85' lang='lat' dir='ltr'>placatum</span> <span class='ocrx_word' id='word_1_103' title='bbox 1566 992 1599 1047; x_wconf 87' lang='lat' dir='ltr'>et</span> <span class='ocrx_word' id='word_1_104' title='bbox 1634 980 1831 1071; x_wconf 87' lang='lat' dir='ltr'>propicium</span> <span class='ocrx_word' id='word_1_105' title='bbox 1856 1003 1941 1052; x_wconf 87' lang='lat' dir='ltr'>esse.</span> <span class='ocrx_word' id='word_1_106' title='bbox 2015 981 2062 1056; x_wconf 77' lang='lat' dir='ltr'>Et</span> <span class='ocrx_word' id='word_1_107' title='bbox 2121 1064 2125 1071; x_wconf 26' lang='lat'><strong><em>¹</em></strong></span> 
     </span>
    </p>
   </div>
   <div class='ocr_carea' id='block_1_5' title="bbox 88 1068 2062 1786">
    <p class='ocr_par' dir='ltr' id='par_1_5' title="bbox 88 1068 2062 1274">
     <span class='ocr_line' id='line_1_9' title="bbox 88 1068 2062 1176; baseline 0.004 -27"><span class='ocrx_word' id='word_1_108' title='bbox 88 1103 113 1149; x_wconf 87' lang='lat' dir='ltr'>ts</span> <span class='ocrx_word' id='word_1_109' title='bbox 135 1092 271 1147; x_wconf 87' lang='lat' dir='ltr'>caetera</span> <span class='ocrx_word' id='word_1_110' title='bbox 296 1076 475 1152; x_wconf 84' lang='lat' dir='ltr'>beneficia.</span> <span class='ocrx_word' id='word_1_111' title='bbox 527 1073 592 1149; x_wconf 78' lang='lat' dir='ltr'>En</span> <span class='ocrx_word' id='word_1_112' title='bbox 616 1078 711 1144; x_wconf 88' lang='lat' dir='ltr'>euim</span> <span class='ocrx_word' id='word_1_113' title='bbox 733 1099 825 1168; x_wconf 71' lang='lat' dir='ltr'>tipus</span> <span class='ocrx_word' id='word_1_114' title='bbox 847 1073 1026 1149; x_wconf 76' lang='lat' dir='ltr'>Ecclesiae</span> <span class='ocrx_word' id='word_1_115' title='bbox 1064 1068 1163 1159; x_wconf 82' lang='lat' dir='ltr'>¹haec</span> <span class='ocrx_word' id='word_1_116' title='bbox 1193 1089 1245 1146; x_wconf 85' lang='lat' dir='ltr'>est</span> <span class='ocrx_word' id='word_1_117' title='bbox 1280 1076 1484 1166; x_wconf 79' lang='lat' dir='ltr'>principalis</span> <span class='ocrx_word' id='word_1_118' title='bbox 1516 1082 1711 1170; x_wconf 76' lang='lat' dir='ltr'>propositio</span> <span class='ocrx_word' id='word_1_119' title='bbox 1742 1074 1850 1151; x_wconf 86' lang='lat' dir='ltr'>huius</span> <span class='ocrx_word' id='word_1_120' title='bbox 1869 1076 2062 1176; x_wconf 64' lang='lat' dir='ltr'>Epistola,</span> 
     </span>
     <span class='ocr_line' id='line_1_10' title="bbox 88 1178 2061 1274; baseline 0.005 -24"><span class='ocrx_word' id='word_1_121' title='bbox 88 1205 108 1250; x_wconf 89' lang='lat' dir='ltr'>a</span> <span class='ocrx_word' id='word_1_122' title='bbox 125 1180 394 1265; x_wconf 86' lang='lat' dir='ltr'>ministrorum,</span> <span class='ocrx_word' id='word_1_123' title='bbox 420 1178 537 1267; x_wconf 81' lang='lat' dir='ltr'>victu,</span> <span class='ocrx_word' id='word_1_124' title='bbox 565 1204 647 1270; x_wconf 78' lang='lat' dir='ltr'>pace</span> <span class='ocrx_word' id='word_1_125' title='bbox 663 1178 769 1252; x_wconf 84' lang='lat' dir='ltr'>civili.</span> <span class='ocrx_word' id='word_1_126' title='bbox 1077 1192 1112 1245; x_wconf 86' lang='lat' dir='ltr'>et</span> <span class='ocrx_word' id='word_1_127' title='bbox 1125 1189 1237 1247; x_wconf 89' lang='lat' dir='ltr'>status</span> <span class='ocrx_word' id='word_1_128' title='bbox 1252 1178 1504 1268; x_wconf 72' lang='lat' dir='ltr'>disputationis</span> <span class='ocrx_word' id='word_1_129' title='bbox 1529 1207 1569 1250; x_wconf 92' lang='lat' dir='ltr'>ac</span> <span class='ocrx_word' id='word_1_130' title='bbox 1592 1194 1728 1251; x_wconf 83' lang='lat' dir='ltr'>summa</span> <span class='ocrx_word' id='word_1_131' title='bbox 1744 1179 1939 1274; x_wconf 74' lang='lat' dir='ltr'>Evangelii.</span> <span class='ocrx_word' id='word_1_132' title='bbox 1988 1186 2061 1260; x_wconf 82' lang='lat' dir='ltr'>sed</span> 
     </span>
    </p>

    <p class='ocr_par' dir='ltr' id='par_1_6' title="bbox 88 1276 2061 1786">
     <span class='ocr_line' id='line_1_11' title="bbox 131 1276 2061 1375; baseline 0.006 -24"><span class='ocrx_word' id='word_1_133' title='bbox 131 1278 283 1351; x_wconf 82' lang='lat' dir='ltr'>Haecin</span> <span class='ocrx_word' id='word_1_134' title='bbox 299 1303 429 1371; x_wconf 86' lang='lat' dir='ltr'>genere</span> <span class='ocrx_word' id='word_1_135' title='bbox 446 1280 615 1370; x_wconf 79' lang='lat' dir='ltr'>respondi</span> <span class='ocrx_word' id='word_1_136' title='bbox 630 1282 676 1349; x_wconf 88' lang='lat' dir='ltr'>de</span> <span class='ocrx_word' id='word_1_137' title='bbox 692 1279 815 1363; x_wconf 90' lang='lat' dir='ltr'>dictis,</span> <span class='ocrx_word' id='word_1_138' title='bbox 840 1279 878 1349; x_wconf 94' lang='lat' dir='ltr'>in</span> <span class='ocrx_word' id='word_1_139' title='bbox 895 1279 1025 1373; x_wconf 91' lang='lat' dir='ltr'>quibus</span> <span class='ocrx_word' id='word_1_140' title='bbox 1076 1276 1281 1372; x_wconf 86' lang='lat' dir='ltr'>priusquam</span> <span class='ocrx_word' id='word_1_141' title='bbox 1296 1285 1339 1350; x_wconf 89' lang='lat' dir='ltr'>ad</span> <span class='ocrx_word' id='word_1_142' title='bbox 1356 1277 1447 1352; x_wconf 87' lang='lat' dir='ltr'>hane</span> <span class='ocrx_word' id='word_1_143' title='bbox 1461 1283 1738 1373; x_wconf 79' lang='lat' dir='ltr'>propositionem</span> <span class='ocrx_word' id='word_1_144' title='bbox 1755 1288 1926 1375; x_wconf 83' lang='lat' dir='ltr'>pervenit,</span> <span class='ocrx_word' id='word_1_145' title='bbox 1951 1288 2061 1362; x_wconf 82' lang='lat' dir='ltr'>altera</span> 
     </span>
     <span class='ocr_line' id='line_1_12' title="bbox 92 1378 2058 1479; baseline 0.004 -27"><span class='ocrx_word' id='word_1_146' title='bbox 92 1385 226 1453; x_wconf 87' lang='lat' dir='ltr'>tuentio</span> <span class='ocrx_word' id='word_1_147' title='bbox 239 1383 335 1465; x_wconf 81' lang='lat' dir='ltr'>fidei.</span> <span class='ocrx_word' id='word_1_148' title='bbox 386 1379 571 1454; x_wconf 85' lang='lat' dir='ltr'>Caeterum</span> <span class='ocrx_word' id='word_1_149' title='bbox 586 1383 699 1465; x_wconf 88' lang='lat' dir='ltr'>dicta,</span> <span class='ocrx_word' id='word_1_150' title='bbox 724 1406 815 1474; x_wconf 89' lang='lat' dir='ltr'>quae</span> <span class='ocrx_word' id='word_1_151' title='bbox 831 1381 915 1453; x_wconf 90' lang='lat' dir='ltr'>citet</span> <span class='ocrx_word' id='word_1_152' title='bbox 931 1379 1024 1457; x_wconf 83' lang='lat' dir='ltr'>Pau·</span> <span class='ocrx_word' id='word_1_153' title='bbox 1076 1378 1174 1467; x_wconf 88' lang='lat' dir='ltr'>prius</span> <span class='ocrx_word' id='word_1_154' title='bbox 1191 1394 1377 1451; x_wconf 87' lang='lat' dir='ltr'>tractatur:</span> <span class='ocrx_word' id='word_1_155' title='bbox 1404 1382 1485 1453; x_wconf 88' lang='lat' dir='ltr'>Non</span> <span class='ocrx_word' id='word_1_156' title='bbox 1503 1386 1598 1453; x_wconf 88' lang='lat' dir='ltr'>enirn</span> <span class='ocrx_word' id='word_1_157' title='bbox 1616 1402 1726 1475; x_wconf 65' lang='lat' dir='ltr'>protest</span> <span class='ocrx_word' id='word_1_158' title='bbox 1743 1387 1833 1479; x_wconf 72' lang='lat' dir='ltr'>tradi</span> <span class='ocrx_word' id='word_1_159' title='bbox 1851 1389 2058 1479; x_wconf 82' lang='lat' dir='ltr'>consolatio,</span> 
     </span>
     <span class='ocr_line' id='line_1_13' title="bbox 88 1480 2057 1588; baseline 0.006 -37"><span class='ocrx_word' id='word_1_160' title='bbox 88 1510 112 1569; x_wconf 75' lang='lat' dir='ltr'>t,</span> <span class='ocrx_word' id='word_1_161' title='bbox 134 1486 242 1557; x_wconf 84' lang='lat' dir='ltr'>etiarn</span> <span class='ocrx_word' id='word_1_162' title='bbox 256 1484 468 1555; x_wconf 87' lang='lat' dir='ltr'>nominatim</span> <span class='ocrx_word' id='word_1_163' title='bbox 485 1486 529 1552; x_wconf 90' lang='lat' dir='ltr'>de</span> <span class='ocrx_word' id='word_1_164' title='bbox 545 1485 734 1555; x_wconf 88' lang='lat' dir='ltr'>liberatore</span> <span class='ocrx_word' id='word_1_165' title='bbox 748 1484 921 1573; x_wconf 84' lang='lat' dir='ltr'>promisso</span> <span class='ocrx_word' id='word_1_166' title='bbox 938 1507 1022 1553; x_wconf 92' lang='lat' dir='ltr'>con-</span> <span class='ocrx_word' id='word_1_167' title='bbox 1074 1480 1144 1551; x_wconf 89' lang='lat' dir='ltr'>uisi</span> <span class='ocrx_word' id='word_1_168' title='bbox 1169 1484 1269 1573; x_wconf 87' lang='lat' dir='ltr'>prius</span> <span class='ocrx_word' id='word_1_169' title='bbox 1291 1501 1488 1574; x_wconf 85' lang='lat' dir='ltr'>arguantur</span> <span class='ocrx_word' id='word_1_170' title='bbox 1513 1501 1661 1577; x_wconf 87' lang='lat' dir='ltr'>peccata.</span> <span class='ocrx_word' id='word_1_171' title='bbox 1712 1485 1761 1557; x_wconf 89' lang='lat' dir='ltr'>Et</span> <span class='ocrx_word' id='word_1_172' title='bbox 1782 1484 1878 1557; x_wconf 83' lang='lat' dir='ltr'>Deus</span> <span class='ocrx_word' id='word_1_173' title='bbox 1902 1495 2057 1588; x_wconf 88' lang='lat' dir='ltr'>postulat</span> 
     </span>
     <span class='ocr_line' id='line_1_14' title="bbox 88 1584 2056 1680; baseline 0.003 -23"><span class='ocrx_word' id='word_1_174' title='bbox 88 1602 242 1667; x_wconf 86' lang='lat' dir='ltr'>uantur,</span> <span class='ocrx_word' id='word_1_175' title='bbox 267 1584 414 1657; x_wconf 83' lang='lat' dir='ltr'>Abacuc</span> <span class='ocrx_word' id='word_1_176' title='bbox 429 1585 588 1680; x_wconf 88' lang='lat' dir='ltr'>loquitur</span> <span class='ocrx_word' id='word_1_177' title='bbox 603 1589 648 1654; x_wconf 91' lang='lat' dir='ltr'>de</span> <span class='ocrx_word' id='word_1_178' title='bbox 662 1586 877 1675; x_wconf 77' lang='lat' dir='ltr'>expectando</span> <span class='ocrx_word' id='word_1_179' title='bbox 892 1586 1031 1657; x_wconf 68' lang='lat' dir='ltr'>libera-=</span> <span class='ocrx_word' id='word_1_180' title='bbox 1074 1584 1350 1673; x_wconf 88' lang='lat' dir='ltr'>poenitentiam,</span> <span class='ocrx_word' id='word_1_181' title='bbox 1387 1589 1476 1657; x_wconf 92' lang='lat' dir='ltr'>sicut</span> <span class='ocrx_word' id='word_1_182' title='bbox 1499 1604 1532 1657; x_wconf 90' lang='lat' dir='ltr'>et</span> <span class='ocrx_word' id='word_1_183' title='bbox 1556 1586 1707 1657; x_wconf 91' lang='lat' dir='ltr'>loannes</span> <span class='ocrx_word' id='word_1_184' title='bbox 1731 1603 1763 1658; x_wconf 92' lang='lat' dir='ltr'>et</span> <span class='ocrx_word' id='word_1_185' title='bbox 1786 1584 1946 1661; x_wconf 87' lang='lat' dir='ltr'>Christus</span> <span class='ocrx_word' id='word_1_186' title='bbox 1976 1617 2056 1663; x_wconf 86' lang='lat' dir='ltr'>snas</span> 
     </span>
     <span class='ocr_line' id='line_1_15' title="bbox 88 1685 2055 1786; baseline 0.003 -27"><span class='ocrx_word' id='word_1_187' title='bbox 88 1688 220 1775; x_wconf 74' lang='lat' dir='ltr'>teillo,</span> <span class='ocrx_word' id='word_1_188' title='bbox 244 1689 308 1786; x_wconf 86' lang='lat' dir='ltr'>qui</span> <span class='ocrx_word' id='word_1_189' title='bbox 330 1704 404 1763; x_wconf 88' lang='lat' dir='ltr'>erat</span> <span class='ocrx_word' id='word_1_190' title='bbox 421 1688 582 1778; x_wconf 86' lang='lat' dir='ltr'>patribus</span> <span class='ocrx_word' id='word_1_191' title='bbox 602 1688 815 1780; x_wconf 89' lang='lat' dir='ltr'>promissus,</span> <span class='ocrx_word' id='word_1_192' title='bbox 840 1703 880 1757; x_wconf 94' lang='lat' dir='ltr'>ut</span> <span class='ocrx_word' id='word_1_193' title='bbox 903 1702 1023 1758; x_wconf 89' lang='lat' dir='ltr'>osteu-</span> <span class='ocrx_word' id='word_1_194' title='bbox 1072 1685 1259 1756; x_wconf 88' lang='lat' dir='ltr'>concinnes</span> <span class='ocrx_word' id='word_1_195' title='bbox 1272 1687 1434 1757; x_wconf 89' lang='lat' dir='ltr'>incoant:</span> <span class='ocrx_word' id='word_1_196' title='bbox 1460 1687 1564 1779; x_wconf 80' lang='lat' dir='ltr'>Agite</span> <span class='ocrx_word' id='word_1_197' title='bbox 1581 1691 1844 1780; x_wconf 85' lang='lat' dir='ltr'>poenitentiam.</span> <span class='ocrx_word' id='word_1_198' title='bbox 1885 1689 1932 1765; x_wconf 86' lang='lat' dir='ltr'>Et</span> <span class='ocrx_word' id='word_1_199' title='bbox 1947 1690 2055 1764; x_wconf 86' lang='lat' dir='ltr'>Chri-</span> 
     </span>
    </p>
   </div>
   <div class='ocr_carea' id='block_1_6' title="bbox 88 1783 2165 1882">
    <p class='ocr_par' dir='ltr' id='par_1_7' title="bbox 88 1783 2165 1882">
     <span class='ocr_line' id='line_1_16' title="bbox 88 1783 2165 1882; baseline 0.003 -23"><span class='ocrx_word' id='word_1_200' title='bbox 88 1803 238 1863; x_wconf 82' lang='lat' dir='ltr'>.textus.</span> <span class='ocrx_word' id='word_1_201' title='bbox 304 1788 351 1861; x_wconf 83' lang='lat' dir='ltr'>Et</span> <span class='ocrx_word' id='word_1_202' title='bbox 374 1783 558 1860; x_wconf 78' lang='lat' dir='ltr'>Abraham</span> <span class='ocrx_word' id='word_1_203' title='bbox 581 1788 694 1861; x_wconf 89' lang='lat' dir='ltr'>credit</span> <span class='ocrx_word' id='word_1_204' title='bbox 722 1812 795 1859; x_wconf 88' lang='lat' dir='ltr'>uon</span> <span class='ocrx_word' id='word_1_205' title='bbox 819 1802 957 1860; x_wconf 89' lang='lat' dir='ltr'>tautum</span> <span class='ocrx_word' id='word_1_206' title='bbox 985 1812 1023 1859; x_wconf 90' lang='lat' dir='ltr'>se</span> <span class='ocrx_word' id='word_1_207' title='bbox 1071 1787 1297 1882; x_wconf 84' lang='lat' dir='ltr'>stusinquit:</span> <span class='ocrx_word' id='word_1_208' title='bbox 1332 1788 1486 1881; x_wconf 84' lang='lat' dir='ltr'>Spiritus</span> <span class='ocrx_word' id='word_1_209' title='bbox 1508 1806 1650 1861; x_wconf 91' lang='lat' dir='ltr'>sanctus</span> <span class='ocrx_word' id='word_1_210' title='bbox 1669 1805 1792 1881; x_wconf 83' lang='lat' dir='ltr'>arguet</span> <span class='ocrx_word' id='word_1_211' title='bbox 1812 1795 1988 1865; x_wconf 91' lang='lat' dir='ltr'>muudum</span> <span class='ocrx_word' id='word_1_212' title='bbox 2010 1802 2054 1868; x_wconf 88' lang='lat' dir='ltr'>de</span> <span class='ocrx_word' id='word_1_213' title='bbox 2156 1866 2165 1873; x_wconf 82' lang='grc'>,</span> 
     </span>
    </p>
   </div>
   <div class='ocr_carea' id='block_1_7' title="bbox 88 1891 2054 2796">
    <p class='ocr_par' dir='ltr' id='par_1_8' title="bbox 88 1891 2054 2796">
     <span class='ocr_line' id='line_1_17' title="bbox 88 1891 2053 1983; baseline 0.001 -18"><span class='ocrx_word' id='word_1_214' title='bbox 88 1893 242 1965; x_wconf 90' lang='lat' dir='ltr'>biturnm</span> <span class='ocrx_word' id='word_1_215' title='bbox 259 1891 409 1973; x_wconf 90' lang='lat' dir='ltr'>liberos,</span> <span class='ocrx_word' id='word_1_216' title='bbox 435 1893 496 1961; x_wconf 90' lang='lat' dir='ltr'>sed</span> <span class='ocrx_word' id='word_1_217' title='bbox 514 1892 604 1963; x_wconf 90' lang='lat' dir='ltr'>illud</span> <span class='ocrx_word' id='word_1_218' title='bbox 619 1914 759 1973; x_wconf 85' lang='lat' dir='ltr'>semen,</span> <span class='ocrx_word' id='word_1_219' title='bbox 785 1914 856 1983; x_wconf 87' lang='lat' dir='ltr'>quo</span> <span class='ocrx_word' id='word_1_220' title='bbox 874 1891 1021 1963; x_wconf 89' lang='lat' dir='ltr'>benedi·</span> <span class='ocrx_word' id='word_1_221' title='bbox 1065 1904 1232 1979; x_wconf 87' lang='lat' dir='ltr'>peccato,</span> <span class='ocrx_word' id='word_1_222' title='bbox 1266 1893 1311 1959; x_wconf 88' lang='lat' dir='ltr'>de</span> <span class='ocrx_word' id='word_1_223' title='bbox 1334 1892 1490 1973; x_wconf 87' lang='lat' dir='ltr'>iusticia,</span> <span class='ocrx_word' id='word_1_224' title='bbox 1516 1895 1617 1963; x_wconf 88' lang='lat' dir='ltr'>etde</span> <span class='ocrx_word' id='word_1_225' title='bbox 1641 1895 1785 1965; x_wconf 88' lang='lat' dir='ltr'>iudicio.</span> <span class='ocrx_word' id='word_1_226' title='bbox 1842 1895 1893 1967; x_wconf 88' lang='lat' dir='ltr'>Et</span> <span class='ocrx_word' id='word_1_227' title='bbox 1916 1893 2053 1967; x_wconf 80' lang='lat' dir='ltr'>Esaias:</span> 
     </span>
     <span class='ocr_line' id='line_1_18' title="bbox 88 1986 2054 2087; baseline 0.004 -26"><span class='ocrx_word' id='word_1_228' title='bbox 88 1998 422 2065; x_wconf 88' lang='lat' dir='ltr'>rdaeerautomnes</span> <span class='ocrx_word' id='word_1_229' title='bbox 443 2006 572 2083; x_wconf 84' lang='lat' dir='ltr'>gentes.</span> <span class='ocrx_word' id='word_1_230' title='bbox 622 1991 705 2063; x_wconf 85' lang='lat' dir='ltr'>Scio</span> <span class='ocrx_word' id='word_1_231' title='bbox 726 1993 773 2063; x_wconf 90' lang='lat' dir='ltr'>ab</span> <span class='ocrx_word' id='word_1_232' title='bbox 786 1994 911 2063; x_wconf 83' lang='lat' dir='ltr'>astutis</span> <span class='ocrx_word' id='word_1_233' title='bbox 927 1993 1020 2062; x_wconf 84' lang='lat' dir='ltr'>urnl·</span> <span class='ocrx_word' id='word_1_234' title='bbox 1071 1988 1143 2059; x_wconf 90' lang='lat' dir='ltr'>Ubi</span> <span class='ocrx_word' id='word_1_235' title='bbox 1176 1986 1349 2062; x_wconf 72' lang='lat' dir='ltr'>habitabit</span> <span class='ocrx_word' id='word_1_236' title='bbox 1373 1993 1572 2064; x_wconf 74' lang='lat' dir='ltr'>uantum?</span> <span class='ocrx_word' id='word_1_237' title='bbox 1612 1997 1655 2065; x_wconf 92' lang='lat' dir='ltr'>ln</span> <span class='ocrx_word' id='word_1_238' title='bbox 1687 1995 1814 2087; x_wconf 89' lang='lat' dir='ltr'>spiritu</span> <span class='ocrx_word' id='word_1_239' title='bbox 1840 2000 1995 2069; x_wconf 88' lang='lat' dir='ltr'>contrito</span> <span class='ocrx_word' id='word_1_240' title='bbox 2019 2016 2054 2071; x_wconf 86' lang='lat' dir='ltr'>et</span> 
     </span>
     <span class='ocr_line' id='line_1_19' title="bbox 99 2094 2053 2186; baseline 0.003 -21"><span class='ocrx_word' id='word_1_241' title='bbox 99 2096 346 2167; x_wconf 86' lang='lat' dir='ltr'>cavillationes</span> <span class='ocrx_word' id='word_1_242' title='bbox 369 2096 560 2185; x_wconf 80' lang='lat' dir='ltr'>excogitari</span> <span class='ocrx_word' id='word_1_243' title='bbox 582 2118 702 2186; x_wconf 87' lang='lat' dir='ltr'>posse,</span> <span class='ocrx_word' id='word_1_244' title='bbox 724 2095 769 2163; x_wconf 89' lang='lat' dir='ltr'>ad</span> <span class='ocrx_word' id='word_1_245' title='bbox 790 2096 964 2163; x_wconf 85' lang='lat' dir='ltr'>eludenda</span> <span class='ocrx_word' id='word_1_246' title='bbox 986 2106 1021 2164; x_wconf 89' lang='lat' dir='ltr'>et</span> <span class='ocrx_word' id='word_1_247' title='bbox 1071 2106 1241 2163; x_wconf 89' lang='lat' dir='ltr'>tremente</span> <span class='ocrx_word' id='word_1_248' title='bbox 1269 2117 1449 2165; x_wconf 78' lang='lat' dir='ltr'>sermones</span> <span class='ocrx_word' id='word_1_249' title='bbox 1483 2120 1589 2169; x_wconf 91' lang='lat' dir='ltr'>meos.</span> <span class='ocrx_word' id='word_1_250' title='bbox 1649 2094 1696 2168; x_wconf 88' lang='lat' dir='ltr'>Et</span> <span class='ocrx_word' id='word_1_251' title='bbox 1730 2120 1814 2167; x_wconf 93' lang='lat' dir='ltr'>usus</span> <span class='ocrx_word' id='word_1_252' title='bbox 1841 2112 1893 2169; x_wconf 87' lang='lat' dir='ltr'>est</span> <span class='ocrx_word' id='word_1_253' title='bbox 1921 2098 2053 2172; x_wconf 90' lang='lat' dir='ltr'>Paulus</span> 
     </span>
     <span class='ocr_line' id='line_1_20' title="bbox 88 2190 2053 2287; baseline 0.003 -20"><span class='ocrx_word' id='word_1_254' title='bbox 88 2190 548 2271; x_wconf 85' lang='lat' dir='ltr'>ruendahaectcstimouia.</span> <span class='ocrx_word' id='word_1_255' title='bbox 598 2195 689 2287; x_wconf 82' lang='lat' dir='ltr'>Nam</span> <span class='ocrx_word' id='word_1_256' title='bbox 706 2195 875 2286; x_wconf 87' lang='lat' dir='ltr'>sapientia</span> <span class='ocrx_word' id='word_1_257' title='bbox 891 2192 1016 2267; x_wconf 89' lang='lat' dir='ltr'>huma·</span> <span class='ocrx_word' id='word_1_258' title='bbox 1070 2194 1248 2265; x_wconf 83' lang='lat' dir='ltr'>atrocibus</span> <span class='ocrx_word' id='word_1_259' title='bbox 1264 2197 1403 2281; x_wconf 85' lang='lat' dir='ltr'>verbis,</span> <span class='ocrx_word' id='word_1_260' title='bbox 1429 2222 1509 2265; x_wconf 86' lang='lat' dir='ltr'>curn</span> <span class='ocrx_word' id='word_1_261' title='bbox 1526 2199 1593 2278; x_wconf 87' lang='lat' dir='ltr'>ait,</span> <span class='ocrx_word' id='word_1_262' title='bbox 1618 2194 1784 2269; x_wconf 82' lang='lat' dir='ltr'>Revelari</span> <span class='ocrx_word' id='word_1_263' title='bbox 1808 2199 1899 2270; x_wconf 91' lang='lat' dir='ltr'>iram</span> <span class='ocrx_word' id='word_1_264' title='bbox 1918 2196 1985 2272; x_wconf 86' lang='lat' dir='ltr'>Dei</span> <span class='ocrx_word' id='word_1_265' title='bbox 2008 2205 2053 2273; x_wconf 89' lang='lat' dir='ltr'>de</span> 
     </span>
     <span class='ocr_line' id='line_1_21' title="bbox 88 2286 2053 2396; baseline 0.002 -27"><span class='ocrx_word' id='word_1_266' title='bbox 88 2352 96 2385; x_wconf 87' lang='lat'>,</span> <span class='ocrx_word' id='word_1_267' title='bbox 121 2299 206 2393; x_wconf 83' lang='lat' dir='ltr'>quia</span> <span class='ocrx_word' id='word_1_268' title='bbox 219 2298 395 2371; x_wconf 79' lang='lat' dir='ltr'>iusticiam</span> <span class='ocrx_word' id='word_1_269' title='bbox 409 2299 502 2368; x_wconf 85' lang='lat' dir='ltr'>¹lidei</span> <span class='ocrx_word' id='word_1_270' title='bbox 525 2322 599 2368; x_wconf 89' lang='lat' dir='ltr'>noo</span> <span class='ocrx_word' id='word_1_271' title='bbox 623 2298 807 2386; x_wconf 84' lang='lat' dir='ltr'>intelligit,</span> <span class='ocrx_word' id='word_1_272' title='bbox 833 2322 908 2367; x_wconf 90' lang='lat' dir='ltr'>uon</span> <span class='ocrx_word' id='word_1_273' title='bbox 926 2299 1025 2372; x_wconf 79' lang='lat' dir='ltr'>acci·,</span> <span class='ocrx_word' id='word_1_274' title='bbox 1068 2286 1179 2369; x_wconf 86' lang='lat' dir='ltr'>coelo.</span> <span class='ocrx_word' id='word_1_275' title='bbox 1221 2296 1385 2367; x_wconf 89' lang='lat' dir='ltr'>Minatur</span> <span class='ocrx_word' id='word_1_276' title='bbox 1400 2312 1560 2368; x_wconf 85' lang='lat' dir='ltr'>aeternas</span> <span class='ocrx_word' id='word_1_277' title='bbox 1575 2324 1704 2388; x_wconf 84' lang='lat' dir='ltr'>poenas</span> <span class='ocrx_word' id='word_1_278' title='bbox 1717 2301 1884 2372; x_wconf 87' lang='lat' dir='ltr'>omnibus</span> <span class='ocrx_word' id='word_1_279' title='bbox 1899 2305 1962 2396; x_wconf 89' lang='lat' dir='ltr'>qui</span> <span class='ocrx_word' id='word_1_280' title='bbox 1979 2327 2053 2375; x_wconf 91' lang='lat' dir='ltr'>non</span> 
     </span>
     <span class='ocr_line' id='line_1_22' title="bbox 97 2396 2052 2496; baseline 0.001 -23"><span class='ocrx_word' id='word_1_281' title='bbox 97 2404 220 2473; x_wconf 80' lang='lat' dir='ltr'>dextre</span> <span class='ocrx_word' id='word_1_282' title='bbox 234 2400 327 2470; x_wconf 91' lang='lat' dir='ltr'>dicta</span> <span class='ocrx_word' id='word_1_283' title='bbox 341 2396 611 2492; x_wconf 89' lang='lat' dir='ltr'>Prophetarum,</span> <span class='ocrx_word' id='word_1_284' title='bbox 631 2404 693 2469; x_wconf 88' lang='lat' dir='ltr'>scd</span> <span class='ocrx_word' id='word_1_285' title='bbox 707 2401 801 2468; x_wconf 82' lang='lat' dir='ltr'>varie</span> <span class='ocrx_word' id='word_1_286' title='bbox 818 2402 1016 2493; x_wconf 78' lang='lat' dir='ltr'>detorquet.</span> <span class='ocrx_word' id='word_1_287' title='bbox 1069 2414 1317 2489; x_wconf 81' lang='lat' dir='ltr'>expavescunt,</span> <span class='ocrx_word' id='word_1_288' title='bbox 1335 2398 1811 2496; x_wconf 70' lang='lat' dir='ltr'>neccnnsugiuutadliliuin</span> <span class='ocrx_word' id='word_1_289' title='bbox 1829 2400 1908 2477; x_wconf 87' lang='lat' dir='ltr'>Dei.</span> <span class='ocrx_word' id='word_1_290' title='bbox 1943 2400 2052 2478; x_wconf 85' lang='lat' dir='ltr'>Vides</span> 
     </span>
     <span class='ocr_line' id='line_1_23' title="bbox 104 2499 2051 2591; baseline 0.005 -22"><span class='ocrx_word' id='word_1_291' title='bbox 104 2526 188 2573; x_wconf 81' lang='lat' dir='ltr'>vero</span> <span class='ocrx_word' id='word_1_292' title='bbox 202 2525 413 2573; x_wconf 87' lang='lat' dir='ltr'>consensum</span> <span class='ocrx_word' id='word_1_293' title='bbox 430 2503 539 2572; x_wconf 89' lang='lat' dir='ltr'>totius</span> <span class='ocrx_word' id='word_1_294' title='bbox 560 2503 756 2591; x_wconf 76' lang='lat' dir='ltr'>scripturae</span> <span class='ocrx_word' id='word_1_295' title='bbox 777 2499 1017 2591; x_wconf 76' lang='lat' dir='ltr'>propheticae,</span> <span class='ocrx_word' id='word_1_296' title='bbox 1068 2499 1178 2590; x_wconf 85' lang='lat' dir='ltr'>igitur</span> <span class='ocrx_word' id='word_1_297' title='bbox 1210 2525 1405 2591; x_wconf 87' lang='lat' dir='ltr'>congruere</span> <span class='ocrx_word' id='word_1_298' title='bbox 1426 2499 1528 2571; x_wconf 87' lang='lat' dir='ltr'>Pauli</span> <span class='ocrx_word' id='word_1_299' title='bbox 1557 2503 1774 2589; x_wconf 87' lang='lat' dir='ltr'>sententias,</span> <span class='ocrx_word' id='word_1_300' title='bbox 1809 2518 1844 2575; x_wconf 88' lang='lat' dir='ltr'>et</span> <span class='ocrx_word' id='word_1_301' title='bbox 1865 2506 1991 2576; x_wconf 85' lang='lat' dir='ltr'>seriem</span> <span class='ocrx_word' id='word_1_302' title='bbox 2013 2507 2051 2579; x_wconf 92' lang='lat' dir='ltr'>iu</span> 
     </span>
     <span class='ocr_line' id='line_1_24' title="bbox 88 2595 2050 2699; baseline 0.004 -28"><span class='ocrx_word' id='word_1_303' title='bbox 88 2628 167 2675; x_wconf 78' lang='lat' dir='ltr'>sera</span> <span class='ocrx_word' id='word_1_304' title='bbox 188 2604 352 2674; x_wconf 81' lang='lat' dir='ltr'>exercitia</span> <span class='ocrx_word' id='word_1_305' title='bbox 373 2605 454 2674; x_wconf 86' lang='lat' dir='ltr'>tidei</span> <span class='ocrx_word' id='word_1_306' title='bbox 477 2604 675 2684; x_wconf 88' lang='lat' dir='ltr'>intuentes,</span> <span class='ocrx_word' id='word_1_307' title='bbox 699 2603 800 2673; x_wconf 79' lang='lat' dir='ltr'>facile</span> <span class='ocrx_word' id='word_1_308' title='bbox 816 2595 1017 2692; x_wconf 82' lang='lat' dir='ltr'>intelligent</span> <span class='ocrx_word' id='word_1_309' title='bbox 1067 2603 1227 2672; x_wconf 90' lang='lat' dir='ltr'>docendo</span> <span class='ocrx_word' id='word_1_310' title='bbox 1245 2625 1439 2694; x_wconf 75' lang='lat' dir='ltr'>congruere</span> <span class='ocrx_word' id='word_1_311' title='bbox 1453 2627 1533 2674; x_wconf 91' lang='lat' dir='ltr'>cum</span> <span class='ocrx_word' id='word_1_312' title='bbox 1549 2601 2050 2699; x_wconf 86' lang='lat' dir='ltr'>concionibusProphetsrum</span> 
     </span>
     <span class='ocr_line' id='line_1_25' title="bbox 88 2697 1259 2796; baseline -0.005 -19"><span class='ocrx_word' id='word_1_313' title='bbox 88 2729 119 2777; x_wconf 83' lang='lat' dir='ltr'>rc</span> <span class='ocrx_word' id='word_1_314' title='bbox 139 2708 233 2775; x_wconf 88' lang='lat' dir='ltr'>dicta</span> <span class='ocrx_word' id='word_1_315' title='bbox 258 2720 350 2775; x_wconf 87' lang='lat' dir='ltr'>recte</span> <span class='ocrx_word' id='word_1_316' title='bbox 371 2730 390 2775; x_wconf 91' lang='lat' dir='ltr'>a</span> <span class='ocrx_word' id='word_1_317' title='bbox 414 2702 527 2775; x_wconf 82' lang='lat' dir='ltr'>Paulo</span> <span class='ocrx_word' id='word_1_318' title='bbox 550 2707 594 2774; x_wconf 88' lang='lat' dir='ltr'>ad</span> <span class='ocrx_word' id='word_1_319' title='bbox 623 2720 841 2796; x_wconf 85' lang='lat' dir='ltr'>praesentem</span> <span class='ocrx_word' id='word_1_320' title='bbox 866 2730 1017 2789; x_wconf 88' lang='lat' dir='ltr'>causam,</span> <span class='ocrx_word' id='word_1_321' title='bbox 1067 2716 1101 2776; x_wconf 90' lang='lat' dir='ltr'>et</span> <span class='ocrx_word' id='word_1_322' title='bbox 1116 2697 1259 2775; x_wconf 86' lang='lat' dir='ltr'>Christi.</span> 
     </span>
    </p>
   </div>
   <div class='ocr_carea' id='block_1_8' title="bbox 91 2808 2049 2948">
    <p class='ocr_par' dir='ltr' id='par_1_9' title="bbox 91 2808 2049 2948">
     <span class='ocr_line' id='line_1_26' title="bbox 91 2808 2049 2948; baseline 0.025 -58"><span class='ocrx_word' id='word_1_323' title='bbox 91 2829 297 2879; x_wconf 64' lang='lat' dir='ltr'>ltm¹⁸⁸¹⁰¹¹²</span> <span class='ocrx_word' id='word_1_324' title='bbox 311 2824 552 2898; x_wconf 60' lang='lat' dir='ltr'>Pflcffllllfflm‘</span> <span class='ocrx_word' id='word_1_325' title='bbox 577 2808 848 2878; x_wconf 68' lang='lat' dir='ltr'>⁸⁰⁶⁰¹¹¹¹¹¹⁰d³¹¹‘</span> <span class='ocrx_word' id='word_1_326' title='bbox 1169 2854 1299 2944; x_wconf 80' lang='lat' dir='ltr'>Arguit</span> <span class='ocrx_word' id='word_1_327' title='bbox 1327 2867 1444 2925; x_wconf 90' lang='lat' dir='ltr'>autem</span> <span class='ocrx_word' id='word_1_328' title='bbox 1466 2852 1702 2948; x_wconf 84' lang='lat' dir='ltr'>Evangelium</span> <span class='ocrx_word' id='word_1_329' title='bbox 1732 2884 1805 2930; x_wconf 92' lang='lat' dir='ltr'>uou</span> <span class='ocrx_word' id='word_1_330' title='bbox 1829 2874 1966 2937; x_wconf 84' lang='lat' dir='ltr'>tantum</span> <span class='ocrx_word' id='word_1_331' title='bbox 1989 2888 2049 2937; x_wconf 81' lang='lat' dir='ltr'>ex·</span> 
     </span>
    </p>
   </div>
   <div class='ocr_carea' id='block_1_9' title="bbox 179 2957 2051 3052">
    <p class='ocr_par' dir='ltr' id='par_1_10' title="bbox 179 2957 2051 3052">
     <span class='ocr_line' id='line_1_27' title="bbox 179 2957 2051 3052; baseline 0.003 -20"><span class='ocrx_word' id='word_1_332' title='bbox 179 2968 390 3049; x_wconf 58' lang='lat' dir='ltr'>Repetam</span> <span class='ocrx_word' id='word_1_333' title='bbox 408 2972 504 3044; x_wconf 67' lang='lat' dir='ltr'>mim</span> <span class='ocrx_word' id='word_1_334' title='bbox 521 2971 581 3045; x_wconf 69' lang='lat' dir='ltr'>im</span> <span class='ocrx_word' id='word_1_335' title='bbox 597 2968 677 3044; x_wconf 56' lang='lat' dir='ltr'>Dei</span> <span class='ocrx_word' id='word_1_336' title='bbox 691 2969 734 3045; x_wconf 60' lang='lat' dir='ltr'>d,</span> <span class='ocrx_word' id='word_1_337' title='bbox 750 2970 854 3045; x_wconf 51' lang='lat' dir='ltr'><em>0001st</em></span> <span class='ocrx_word' id='word_1_338' title='bbox 1068 2969 1169 3028; x_wconf 89' lang='lat' dir='ltr'>terna</span> <span class='ocrx_word' id='word_1_339' title='bbox 1184 2957 1323 3042; x_wconf 88' lang='lat' dir='ltr'>delicta,</span> <span class='ocrx_word' id='word_1_340' title='bbox 1349 2982 1438 3050; x_wconf 89' lang='lat' dir='ltr'>qnae</span> <span class='ocrx_word' id='word_1_341' title='bbox 1454 2957 1544 3029; x_wconf 91' lang='lat' dir='ltr'>ratio</span> <span class='ocrx_word' id='word_1_342' title='bbox 1559 2959 1717 3031; x_wconf 91' lang='lat' dir='ltr'>iudicare</span> <span class='ocrx_word' id='word_1_343' title='bbox 1730 2975 1856 3052; x_wconf 88' lang='lat' dir='ltr'>potest,</span> <span class='ocrx_word' id='word_1_344' title='bbox 1870 2968 1930 3035; x_wconf 86' lang='lat' dir='ltr'>sed</span> <span class='ocrx_word' id='word_1_345' title='bbox 1946 2966 2051 3037; x_wconf 88' lang='lat' dir='ltr'>etiam</span> 
     </span>
    </p>
   </div>
   <div class='ocr_carea' id='block_1_10' title="bbox 88 3110 2051 5039">
    <p class='ocr_par' dir='ltr' id='par_1_11' title="bbox 88 3110 2051 5039">
     <span class='ocr_line' id='line_1_28' title="bbox 132 3110 1018 3201; baseline -0.007 -16"><span class='ocrx_word' id='word_1_346' title='bbox 132 3112 363 3185; x_wconf 85' lang='lat' dir='ltr'>Horrendum</span> <span class='ocrx_word' id='word_1_347' title='bbox 380 3127 432 3185; x_wconf 89' lang='lat' dir='ltr'>est</span> <span class='ocrx_word' id='word_1_348' title='bbox 445 3112 589 3183; x_wconf 87' lang='lat' dir='ltr'>initium</span> <span class='ocrx_word' id='word_1_349' title='bbox 607 3135 647 3182; x_wconf 89' lang='lat' dir='ltr'>ac</span> <span class='ocrx_word' id='word_1_350' title='bbox 662 3112 797 3183; x_wconf 89' lang='lat' dir='ltr'>lnlmcu</span> <span class='ocrx_word' id='word_1_351' title='bbox 811 3136 883 3201; x_wconf 87' lang='lat' dir='ltr'>quo</span> <span class='ocrx_word' id='word_1_352' title='bbox 902 3110 1018 3180; x_wconf 88' lang='lat' dir='ltr'>iucoat</span> 
     </span>
     <span class='ocr_line' id='line_1_29' title="bbox 88 3212 1018 3309; baseline -0.004 -24"><span class='ocrx_word' id='word_1_353' title='bbox 88 3216 327 3306; x_wconf 77' lang='lat' dir='ltr'>putationem,</span> <span class='ocrx_word' id='word_1_354' title='bbox 353 3216 473 3309; x_wconf 88' lang='lat' dir='ltr'>qualia</span> <span class='ocrx_word' id='word_1_355' title='bbox 500 3229 584 3285; x_wconf 90' lang='lat' dir='ltr'>sunt</span> <span class='ocrx_word' id='word_1_356' title='bbox 603 3213 705 3285; x_wconf 87' lang='lat' dir='ltr'>initia</span> <span class='ocrx_word' id='word_1_357' title='bbox 722 3213 761 3283; x_wconf 91' lang='lat' dir='ltr'>iu</span> <span class='ocrx_word' id='word_1_358' title='bbox 782 3212 1018 3284; x_wconf 83' lang='lat' dir='ltr'>concionibus</span> 
     </span>
     <span class='ocr_line' id='line_1_30' title="bbox 88 3312 1017 3409; baseline -0.002 -24"><span class='ocrx_word' id='word_1_359' title='bbox 88 3312 269 3409; x_wconf 86' lang='lat' dir='ltr'>opheticis,</span> <span class='ocrx_word' id='word_1_360' title='bbox 293 3332 334 3387; x_wconf 91' lang='lat' dir='ltr'>nt</span> <span class='ocrx_word' id='word_1_361' title='bbox 349 3315 476 3389; x_wconf 81' lang='lat' dir='ltr'>Esaiae</span> <span class='ocrx_word' id='word_1_362' title='bbox 491 3317 625 3407; x_wconf 78' lang='lat' dir='ltr'>primos</span> <span class='ocrx_word' id='word_1_363' title='bbox 651 3314 785 3387; x_wconf 85' lang='lat' dir='ltr'>Audite</span> <span class='ocrx_word' id='word_1_364' title='bbox 800 3316 889 3386; x_wconf 88' lang='lat' dir='ltr'>coeli</span> <span class='ocrx_word' id='word_1_365' title='bbox 904 3329 938 3385; x_wconf 92' lang='lat' dir='ltr'>et</span> <span class='ocrx_word' id='word_1_366' title='bbox 952 3338 1017 3383; x_wconf 90' lang='lat' dir='ltr'>au·</span> 
     </span>
     <span class='ocr_line' id='line_1_31' title="bbox 88 3413 1018 3510; baseline -0.002 -25"><span class='ocrx_word' id='word_1_367' title='bbox 88 3442 133 3489; x_wconf 74' lang='lat' dir='ltr'>tus</span> <span class='ocrx_word' id='word_1_368' title='bbox 147 3422 287 3510; x_wconf 88' lang='lat' dir='ltr'>percipe</span> <span class='ocrx_word' id='word_1_369' title='bbox 302 3433 414 3503; x_wconf 87' lang='lat' dir='ltr'>terra,</span> <span class='ocrx_word' id='word_1_370' title='bbox 439 3442 501 3489; x_wconf 85' lang='lat' dir='ltr'>vae</span> <span class='ocrx_word' id='word_1_371' title='bbox 515 3419 612 3509; x_wconf 87' lang='lat' dir='ltr'>genti</span> <span class='ocrx_word' id='word_1_372' title='bbox 629 3419 809 3507; x_wconf 85' lang='lat' dir='ltr'>peccatrici</span> <span class='ocrx_word' id='word_1_373' title='bbox 825 3433 892 3489; x_wconf 90' lang='lat' dir='ltr'>etc.</span> <span class='ocrx_word' id='word_1_374' title='bbox 936 3413 1018 3487; x_wconf 88' lang='lat' dir='ltr'>Una&#39;</span> 
     </span>
     <span class='ocr_line' id='line_1_32' title="bbox 88 3517 1019 3611; baseline -0.003 -22"><span class='ocrx_word' id='word_1_375' title='bbox 88 3523 205 3591; x_wconf 84' lang='lat' dir='ltr'>‚euim</span> <span class='ocrx_word' id='word_1_376' title='bbox 226 3522 438 3592; x_wconf 83' lang='lat' dir='ltr'>concionum</span> <span class='ocrx_word' id='word_1_377' title='bbox 460 3519 744 3611; x_wconf 86' lang='lat' dir='ltr'>propheticarum</span> <span class='ocrx_word' id='word_1_378' title='bbox 762 3534 796 3589; x_wconf 88' lang='lat' dir='ltr'>et</span> <span class='ocrx_word' id='word_1_379' title='bbox 810 3517 1019 3610; x_wconf 86' lang='lat' dir='ltr'>apostolica·</span> 
     </span>
     <span class='ocr_line' id='line_1_33' title="bbox 88 3616 1019 3717; baseline -0.006 -24"><span class='ocrx_word' id='word_1_380' title='bbox 88 3644 114 3693; x_wconf 84' lang='lat' dir='ltr'>n</span> <span class='ocrx_word' id='word_1_381' title='bbox 130 3624 265 3709; x_wconf 87' lang='lat' dir='ltr'>lorma,</span> <span class='ocrx_word' id='word_1_382' title='bbox 290 3648 395 3716; x_wconf 86' lang='lat' dir='ltr'>quam</span> <span class='ocrx_word' id='word_1_383' title='bbox 411 3616 574 3694; x_wconf 86' lang='lat' dir='ltr'>Christus</span> <span class='ocrx_word' id='word_1_384' title='bbox 587 3622 788 3717; x_wconf 82' lang='lat' dir='ltr'>complexus</span> <span class='ocrx_word' id='word_1_385' title='bbox 802 3635 855 3692; x_wconf 89' lang='lat' dir='ltr'>est</span> <span class='ocrx_word' id='word_1_386' title='bbox 870 3617 924 3690; x_wconf 80' lang='lat' dir='ltr'>lais</span> <span class='ocrx_word' id='word_1_387' title='bbox 940 3641 1019 3688; x_wconf 84' lang='lat' dir='ltr'>rer-</span> 
     </span>
     <span class='ocr_line' id='line_1_34' title="bbox 88 3722 1019 3818; baseline -0.003 -27"><span class='ocrx_word' id='word_1_388' title='bbox 88 3750 107 3795; x_wconf 78' lang='lat' dir='ltr'>u</span> <span class='ocrx_word' id='word_1_389' title='bbox 133 3722 188 3796; x_wconf 92' lang='lat' dir='ltr'>lte</span> <span class='ocrx_word' id='word_1_390' title='bbox 202 3727 442 3816; x_wconf 85' lang='lat' dir='ltr'>praedicantes</span> <span class='ocrx_word' id='word_1_391' title='bbox 458 3723 712 3818; x_wconf 89' lang='lat' dir='ltr'>poenitentiam</span> <span class='ocrx_word' id='word_1_392' title='bbox 728 3737 763 3794; x_wconf 91' lang='lat' dir='ltr'>et</span> <span class='ocrx_word' id='word_1_393' title='bbox 779 3723 1019 3792; x_wconf 86' lang='lat' dir='ltr'>remissionem</span> 
     </span>
     <span class='ocr_line' id='line_1_35' title="bbox 88 3821 1019 3916; baseline -0.008 -19"><span class='ocrx_word' id='word_1_394' title='bbox 88 3839 257 3899; x_wconf 72' lang='lat' dir='ltr'>natorum</span> <span class='ocrx_word' id='word_1_395' title='bbox 273 3826 312 3896; x_wconf 93' lang='lat' dir='ltr'>in</span> <span class='ocrx_word' id='word_1_396' title='bbox 327 3828 474 3897; x_wconf 88' lang='lat' dir='ltr'>nomine</span> <span class='ocrx_word' id='word_1_397' title='bbox 487 3849 578 3898; x_wconf 86' lang='lat' dir='ltr'>meo.</span> <span class='ocrx_word' id='word_1_398' title='bbox 629 3822 680 3894; x_wconf 90' lang='lat' dir='ltr'>lta</span> <span class='ocrx_word' id='word_1_399' title='bbox 694 3822 825 3894; x_wconf 89' lang='lat' dir='ltr'>Paulus</span> <span class='ocrx_word' id='word_1_400' title='bbox 841 3849 920 3894; x_wconf 90' lang='lat' dir='ltr'>cum</span> <span class='ocrx_word' id='word_1_401' title='bbox 939 3821 1019 3916; x_wconf 92' lang='lat' dir='ltr'>qui-</span> 
     </span>
     <span class='ocr_line' id='line_1_36' title="bbox 88 3916 2049 4023; baseline -0.002 -24"><span class='ocrx_word' id='word_1_402' title='bbox 88 3952 118 3999; x_wconf 84' lang='grc' dir='ltr'>ιιι</span> <span class='ocrx_word' id='word_1_403' title='bbox 146 3929 366 4023; x_wconf 81' lang='lat' dir='ltr'>aptissimam</span> <span class='ocrx_word' id='word_1_404' title='bbox 393 3923 564 4021; x_wconf 78' lang='grc' dir='ltr'>μέθοδον</span> <span class='ocrx_word' id='word_1_405' title='bbox 591 3926 773 3997; x_wconf 89' lang='lat' dir='ltr'>doctrinae</span> <span class='ocrx_word' id='word_1_406' title='bbox 796 3922 1019 3998; x_wconf 82' lang='lat' dir='ltr'>Christianae</span> <span class='ocrx_word' id='word_1_407' title='bbox 1168 3916 1350 4009; x_wconf 81' lang='lat' dir='ltr'>Significat</span> <span class='ocrx_word' id='word_1_408' title='bbox 1370 3932 1488 3989; x_wconf 89' lang='lat' dir='ltr'>autern</span> <span class='ocrx_word' id='word_1_409' title='bbox 1516 3918 1678 4010; x_wconf 83' lang='lat' dir='ltr'>impietas</span> <span class='ocrx_word' id='word_1_410' title='bbox 1703 3923 1847 4014; x_wconf 90' lang='lat' dir='ltr'>proprie</span> <span class='ocrx_word' id='word_1_411' title='bbox 1870 3921 1958 3996; x_wconf 84' lang='lat' dir='ltr'>vitia</span> <span class='ocrx_word' id='word_1_412' title='bbox 1983 3948 2049 4016; x_wconf 93' lang='lat' dir='ltr'>pu-</span> 
     </span>
     <span class='ocr_line' id='line_1_37' title="bbox 88 4021 2048 4123; baseline -0.002 -22"><span class='ocrx_word' id='word_1_413' title='bbox 88 4030 217 4117; x_wconf 87' lang='lat' dir='ltr'>ttitnat,</span> <span class='ocrx_word' id='word_1_414' title='bbox 242 4032 396 4122; x_wconf 89' lang='lat' dir='ltr'>primum</span> <span class='ocrx_word' id='word_1_415' title='bbox 412 4030 516 4123; x_wconf 91' lang='lat' dir='ltr'>pouit</span> <span class='ocrx_word' id='word_1_416' title='bbox 533 4028 829 4122; x_wconf 83' lang='lat' dir='ltr'>propositionem,</span> <span class='ocrx_word' id='word_1_417' title='bbox 854 4053 945 4122; x_wconf 87' lang='lat' dir='ltr'>quae</span> <span class='ocrx_word' id='word_1_418' title='bbox 967 4039 1020 4097; x_wconf 89' lang='lat' dir='ltr'>est</span> <span class='ocrx_word' id='word_1_419' title='bbox 1068 4021 1211 4112; x_wconf 85' lang='lat' dir='ltr'>guantia</span> <span class='ocrx_word' id='word_1_420' title='bbox 1244 4045 1324 4090; x_wconf 90' lang='lat' dir='ltr'>curn</span> <span class='ocrx_word' id='word_1_421' title='bbox 1360 4021 1475 4112; x_wconf 90' lang='lat' dir='ltr'>prima</span> <span class='ocrx_word' id='word_1_422' title='bbox 1498 4021 1639 4107; x_wconf 88' lang='lat' dir='ltr'>tabula,</span> <span class='ocrx_word' id='word_1_423' title='bbox 1676 4022 1937 4111; x_wconf 77' lang='lat' dir='ltr'>ignorationem</span> <span class='ocrx_word' id='word_1_424' title='bbox 1967 4022 2048 4113; x_wconf 83' lang='lat' dir='ltr'>Dei,</span> 
     </span>
     <span class='ocr_line' id='line_1_38' title="bbox 88 4121 2048 4225; baseline -0.003 -21"><span class='ocrx_word' id='word_1_425' title='bbox 88 4134 198 4205; x_wconf 88' lang='lat' dir='ltr'>ctrina</span> <span class='ocrx_word' id='word_1_426' title='bbox 213 4134 470 4225; x_wconf 86' lang='lat' dir='ltr'>poenitentiae,</span> <span class='ocrx_word' id='word_1_427' title='bbox 493 4156 557 4203; x_wconf 88' lang='lat' dir='ltr'>seu</span> <span class='ocrx_word' id='word_1_428' title='bbox 577 4152 729 4220; x_wconf 84' lang='lat' dir='ltr'>arguens</span> <span class='ocrx_word' id='word_1_429' title='bbox 750 4146 899 4220; x_wconf 86' lang='lat' dir='ltr'>peccata.</span> <span class='ocrx_word' id='word_1_430' title='bbox 949 4125 1019 4199; x_wconf 90' lang='lat' dir='ltr'>Su·</span> <span class='ocrx_word' id='word_1_431' title='bbox 1069 4146 1191 4194; x_wconf 82' lang='lat' dir='ltr'>vacare</span> <span class='ocrx_word' id='word_1_432' title='bbox 1215 4135 1327 4206; x_wconf 89' lang='lat' dir='ltr'>metu,</span> <span class='ocrx_word' id='word_1_433' title='bbox 1351 4123 1560 4203; x_wconf 88' lang='lat' dir='ltr'>dilectione,</span> <span class='ocrx_word' id='word_1_434' title='bbox 1586 4123 1713 4193; x_wconf 86' lang='lat' dir='ltr'>fiducia</span> <span class='ocrx_word' id='word_1_435' title='bbox 1727 4123 1815 4211; x_wconf 88' lang='lat' dir='ltr'>Dei,</span> <span class='ocrx_word' id='word_1_436' title='bbox 1840 4121 1971 4197; x_wconf 86' lang='lat' dir='ltr'>habere</span> <span class='ocrx_word' id='word_1_437' title='bbox 1993 4150 2048 4200; x_wconf 85' lang='lat' dir='ltr'>se-</span> 
     </span>
     <span class='ocr_line' id='line_1_39' title="bbox 88 4220 2051 4323; baseline -0.002 -17"><span class='ocrx_word' id='word_1_438' title='bbox 88 4236 212 4306; x_wconf 84' lang='lat' dir='ltr'>renim</span> <span class='ocrx_word' id='word_1_439' title='bbox 227 4236 381 4306; x_wconf 84' lang='lat' dir='ltr'>absolvit</span> <span class='ocrx_word' id='word_1_440' title='bbox 395 4233 598 4319; x_wconf 80' lang='lat' dir='ltr'>exordium,</span> <span class='ocrx_word' id='word_1_441' title='bbox 622 4253 718 4301; x_wconf 92' lang='lat' dir='ltr'>nuuc</span> <span class='ocrx_word' id='word_1_442' title='bbox 734 4231 858 4323; x_wconf 88' lang='lat' dir='ltr'>incipit</span> <span class='ocrx_word' id='word_1_443' title='bbox 873 4243 1017 4301; x_wconf 88' lang='lat' dir='ltr'>contro·</span> <span class='ocrx_word' id='word_1_444' title='bbox 1068 4226 1253 4296; x_wconf 86' lang='lat' dir='ltr'>caritatem</span> <span class='ocrx_word' id='word_1_445' title='bbox 1284 4237 1319 4293; x_wconf 90' lang='lat' dir='ltr'>et</span> <span class='ocrx_word' id='word_1_446' title='bbox 1341 4237 1558 4296; x_wconf 89' lang='lat' dir='ltr'>contemtum</span> <span class='ocrx_word' id='word_1_447' title='bbox 1581 4220 1668 4309; x_wconf 90' lang='lat' dir='ltr'>Dei,</span> <span class='ocrx_word' id='word_1_448' title='bbox 1704 4225 1989 4318; x_wconf 83' lang='lat' dir='ltr'>indignationem</span> <span class='ocrx_word' id='word_1_449' title='bbox 2014 4245 2051 4304; x_wconf 89' lang='lat' dir='ltr'>et</span> 
     </span>
     <span class='ocr_line' id='line_1_40' title="bbox 88 4324 2049 4429; baseline -0.003 -22"><span class='ocrx_word' id='word_1_450' title='bbox 88 4338 189 4407; x_wconf 83' lang='lat' dir='ltr'>caiam</span> <span class='ocrx_word' id='word_1_451' title='bbox 206 4339 392 4429; x_wconf 81' lang='lat' dir='ltr'>explicare.</span> <span class='ocrx_word' id='word_1_452' title='bbox 440 4333 490 4407; x_wconf 85' lang='lat' dir='ltr'>Et</span> <span class='ocrx_word' id='word_1_453' title='bbox 512 4339 600 4406; x_wconf 90' lang='lat' dir='ltr'>duas</span> <span class='ocrx_word' id='word_1_454' title='bbox 622 4334 882 4425; x_wconf 89' lang='lat' dir='ltr'>propositiones</span> <span class='ocrx_word' id='word_1_455' title='bbox 903 4332 1021 4414; x_wconf 87' lang='lat' dir='ltr'>tradit,</span> <span class='ocrx_word' id='word_1_456' title='bbox 1067 4326 1248 4397; x_wconf 87' lang='lat' dir='ltr'>fremitum</span> <span class='ocrx_word' id='word_1_457' title='bbox 1270 4329 1438 4397; x_wconf 88' lang='lat' dir='ltr'>adversus</span> <span class='ocrx_word' id='word_1_458' title='bbox 1458 4324 1574 4395; x_wconf 88' lang='lat' dir='ltr'>Deum</span> <span class='ocrx_word' id='word_1_459' title='bbox 1598 4326 1635 4394; x_wconf 94' lang='lat' dir='ltr'>iu</span> <span class='ocrx_word' id='word_1_460' title='bbox 1654 4326 1924 4417; x_wconf 79' lang='lat' dir='ltr'>afflictionibus,</span> <span class='ocrx_word' id='word_1_461' title='bbox 1955 4333 2049 4402; x_wconf 90' lang='lat' dir='ltr'>lidu-</span> 
     </span>
     <span class='ocr_line' id='line_1_41' title="bbox 88 4427 2050 4528; baseline -0.005 -17"><span class='ocrx_word' id='word_1_462' title='bbox 88 4464 187 4511; x_wconf 86' lang='lat' dir='ltr'>arum</span> <span class='ocrx_word' id='word_1_463' title='bbox 201 4441 311 4510; x_wconf 87' lang='lat' dir='ltr'>altera</span> <span class='ocrx_word' id='word_1_464' title='bbox 327 4441 462 4509; x_wconf 88' lang='lat' dir='ltr'>aditum</span> <span class='ocrx_word' id='word_1_465' title='bbox 478 4440 521 4508; x_wconf 90' lang='lat' dir='ltr'>ad</span> <span class='ocrx_word' id='word_1_466' title='bbox 539 4438 686 4509; x_wconf 87' lang='lat' dir='ltr'>alteram</span> <span class='ocrx_word' id='word_1_467' title='bbox 700 4436 873 4525; x_wconf 81' lang='lat' dir='ltr'>patefacit.</span> <span class='ocrx_word' id='word_1_468' title='bbox 900 4433 1020 4504; x_wconf 85' lang='lat' dir='ltr'>Prima</span> <span class='ocrx_word' id='word_1_469' title='bbox 1068 4431 1156 4499; x_wconf 92' lang='lat' dir='ltr'>ciam</span> <span class='ocrx_word' id='word_1_470' title='bbox 1172 4429 1336 4519; x_wconf 87' lang='lat' dir='ltr'>propriae</span> <span class='ocrx_word' id='word_1_471' title='bbox 1349 4427 1561 4519; x_wconf 78' lang='lat' dir='ltr'>sapientiae,</span> <span class='ocrx_word' id='word_1_472' title='bbox 1587 4428 1763 4520; x_wconf 78' lang='lat' dir='ltr'>iusticias,</span> <span class='ocrx_word' id='word_1_473' title='bbox 1787 4455 1916 4525; x_wconf 90' lang='lat' dir='ltr'>opum,</span> <span class='ocrx_word' id='word_1_474' title='bbox 1939 4457 2050 4528; x_wconf 82' lang='lat' dir='ltr'>quae·</span> 
     </span>
     <span class='ocr_line' id='line_1_42' title="bbox 88 4526 2050 4634; baseline -0.003 -21"><span class='ocrx_word' id='word_1_475' title='bbox 88 4540 236 4634; x_wconf 88' lang='lat' dir='ltr'>opositio</span> <span class='ocrx_word' id='word_1_476' title='bbox 259 4555 327 4610; x_wconf 86' lang='lat' dir='ltr'>est:</span> <span class='ocrx_word' id='word_1_477' title='bbox 360 4539 595 4630; x_wconf 86' lang='lat' dir='ltr'>Evangelium</span> <span class='ocrx_word' id='word_1_478' title='bbox 617 4537 736 4628; x_wconf 86' lang='lat' dir='ltr'>arguit</span> <span class='ocrx_word' id='word_1_479' title='bbox 754 4560 878 4607; x_wconf 86' lang='lat' dir='ltr'>omues</span> <span class='ocrx_word' id='word_1_480' title='bbox 904 4530 1020 4606; x_wconf 84' lang='lat' dir='ltr'>ltomi-</span> <span class='ocrx_word' id='word_1_481' title='bbox 1068 4556 1145 4602; x_wconf 89' lang='lat' dir='ltr'>rere</span> <span class='ocrx_word' id='word_1_482' title='bbox 1161 4529 1334 4623; x_wconf 80' lang='lat' dir='ltr'>praesidia</span> <span class='ocrx_word' id='word_1_483' title='bbox 1352 4526 1506 4599; x_wconf 89' lang='lat' dir='ltr'>humane</span> <span class='ocrx_word' id='word_1_484' title='bbox 1523 4534 1644 4598; x_wconf 85' lang='lat' dir='ltr'>contra</span> <span class='ocrx_word' id='word_1_485' title='bbox 1659 4535 1864 4604; x_wconf 85' lang='lat' dir='ltr'>mandatum</span> <span class='ocrx_word' id='word_1_486' title='bbox 1880 4532 1959 4620; x_wconf 87' lang='lat' dir='ltr'>Dei,</span> <span class='ocrx_word' id='word_1_487' title='bbox 1983 4562 2050 4608; x_wconf 89' lang='lat' dir='ltr'>au·</span> 
     </span>
     <span class='ocr_line' id='line_1_43' title="bbox 88 4629 2050 4733; baseline -0.004 -18"><span class='ocrx_word' id='word_1_488' title='bbox 88 4668 121 4725; x_wconf 83' lang='lat' dir='ltr'>s,</span> <span class='ocrx_word' id='word_1_489' title='bbox 154 4668 196 4713; x_wconf 90' lang='lat' dir='ltr'>ac</span> <span class='ocrx_word' id='word_1_490' title='bbox 220 4643 431 4733; x_wconf 90' lang='lat' dir='ltr'>pronunciat</span> <span class='ocrx_word' id='word_1_491' title='bbox 452 4666 575 4712; x_wconf 88' lang='lat' dir='ltr'>ornnes</span> <span class='ocrx_word' id='word_1_492' title='bbox 600 4640 668 4710; x_wconf 89' lang='lat' dir='ltr'>sub</span> <span class='ocrx_word' id='word_1_493' title='bbox 689 4653 830 4729; x_wconf 88' lang='lat' dir='ltr'>peccato</span> <span class='ocrx_word' id='word_1_494' title='bbox 855 4662 948 4718; x_wconf 85' lang='lat' dir='ltr'>esse,</span> <span class='ocrx_word' id='word_1_495' title='bbox 983 4638 1019 4706; x_wconf 89' lang='lat' dir='ltr'>id</span> <span class='ocrx_word' id='word_1_496' title='bbox 1069 4635 1195 4703; x_wconf 82' lang='lat' dir='ltr'>telerre</span> <span class='ocrx_word' id='word_1_497' title='bbox 1211 4631 1385 4701; x_wconf 87' lang='lat' dir='ltr'>mandatis</span> <span class='ocrx_word' id='word_1_498' title='bbox 1399 4629 1465 4699; x_wconf 89' lang='lat' dir='ltr'>Dei</span> <span class='ocrx_word' id='word_1_499' title='bbox 1481 4631 1642 4699; x_wconf 79' lang='lat' dir='ltr'>fortunas</span> <span class='ocrx_word' id='word_1_500' title='bbox 1656 4646 1812 4720; x_wconf 89' lang='lat' dir='ltr'>nostras,</span> <span class='ocrx_word' id='word_1_501' title='bbox 1839 4632 2050 4729; x_wconf 68' lang='lat' dir='ltr'>voluptates,</span> 
     </span>
     <span class='ocr_line' id='line_1_44' title="bbox 88 4732 2050 4843; baseline -0.001 -30"><span class='ocrx_word' id='word_1_502' title='bbox 88 4798 109 4831; x_wconf 92' lang='lat'>.,</span> <span class='ocrx_word' id='word_1_503' title='bbox 138 4770 221 4816; x_wconf 86' lang='lat' dir='ltr'>reos</span> <span class='ocrx_word' id='word_1_504' title='bbox 248 4744 380 4843; x_wconf 88' lang='lat' dir='ltr'>peccati</span> <span class='ocrx_word' id='word_1_505' title='bbox 401 4759 438 4816; x_wconf 87' lang='lat' dir='ltr'>et</span> <span class='ocrx_word' id='word_1_506' title='bbox 459 4759 623 4814; x_wconf 88' lang='lat' dir='ltr'>aeternae</span> <span class='ocrx_word' id='word_1_507' title='bbox 647 4742 792 4825; x_wconf 78' lang='lat' dir='ltr'>urortis,</span> <span class='ocrx_word' id='word_1_508' title='bbox 824 4765 888 4810; x_wconf 91' lang='lat' dir='ltr'>uec</span> <span class='ocrx_word' id='word_1_509' title='bbox 921 4763 1020 4830; x_wconf 91' lang='lat' dir='ltr'>posse</span> <span class='ocrx_word' id='word_1_510' title='bbox 1069 4735 1383 4816; x_wconf 80' lang='lat' dir='ltr'>existimationem,</span> <span class='ocrx_word' id='word_1_511' title='bbox 1405 4732 1575 4820; x_wconf 84' lang='lat' dir='ltr'>gloriam,</span> <span class='ocrx_word' id='word_1_512' title='bbox 1601 4732 1722 4818; x_wconf 84' lang='lat' dir='ltr'>vitam,</span> <span class='ocrx_word' id='word_1_513' title='bbox 1743 4736 1834 4808; x_wconf 89' lang='lat' dir='ltr'>sicut</span> <span class='ocrx_word' id='word_1_514' title='bbox 1847 4733 1935 4809; x_wconf 87' lang='lat' dir='ltr'>haec</span> <span class='ocrx_word' id='word_1_515' title='bbox 1948 4754 2050 4816; x_wconf 81' lang='lat' dir='ltr'>sute-</span> 
     </span>
     <span class='ocr_line' id='line_1_45' title="bbox 88 4833 2050 4938; baseline -0.004 -18"><span class='ocrx_word' id='word_1_516' title='bbox 88 4848 182 4919; x_wconf 84' lang='lat' dir='ltr'>erari</span> <span class='ocrx_word' id='word_1_517' title='bbox 214 4872 236 4917; x_wconf 88' lang='lat' dir='ltr'>a</span> <span class='ocrx_word' id='word_1_518' title='bbox 264 4862 404 4938; x_wconf 91' lang='lat' dir='ltr'>peccato</span> <span class='ocrx_word' id='word_1_519' title='bbox 436 4861 472 4918; x_wconf 91' lang='lat' dir='ltr'>et</span> <span class='ocrx_word' id='word_1_520' title='bbox 500 4860 642 4917; x_wconf 89' lang='lat' dir='ltr'>aeterua</span> <span class='ocrx_word' id='word_1_521' title='bbox 668 4842 720 4914; x_wconf 86' lang='lat' dir='ltr'>ira</span> <span class='ocrx_word' id='word_1_522' title='bbox 753 4867 815 4934; x_wconf 90' lang='lat' dir='ltr'>per</span> <span class='ocrx_word' id='word_1_523' title='bbox 837 4842 1021 4931; x_wconf 86' lang='lat' dir='ltr'>propriam</span> <span class='ocrx_word' id='word_1_524' title='bbox 1068 4839 1206 4914; x_wconf 85' lang='lat' dir='ltr'>lerum,</span> <span class='ocrx_word' id='word_1_525' title='bbox 1226 4834 1287 4927; x_wconf 88' lang='lat' dir='ltr'>qui</span> <span class='ocrx_word' id='word_1_526' title='bbox 1309 4834 1449 4923; x_wconf 81' lang='lat' dir='ltr'>lugiunt</span> <span class='ocrx_word' id='word_1_527' title='bbox 1473 4833 1631 4932; x_wconf 89' lang='lat' dir='ltr'>pericula</span> <span class='ocrx_word' id='word_1_528' title='bbox 1650 4838 1902 4927; x_wconf 80' lang='lat' dir='ltr'>confessionis,</span> <span class='ocrx_word' id='word_1_529' title='bbox 1927 4839 2050 4913; x_wconf 85' lang='lat' dir='ltr'>ludere</span> 
     </span>
     <span class='ocr_line' id='line_1_46' title="bbox 88 4935 2051 5039; baseline -0.006 -20"><span class='ocrx_word' id='word_1_530' title='bbox 88 4951 228 5023; x_wconf 79' lang='lat' dir='ltr'>¹titiam.</span> <span class='ocrx_word' id='word_1_531' title='bbox 277 4950 321 5019; x_wconf 89' lang='lat' dir='ltr'>lu</span> <span class='ocrx_word' id='word_1_532' title='bbox 343 4946 411 5018; x_wconf 88' lang='lat' dir='ltr'>hoc</span> <span class='ocrx_word' id='word_1_533' title='bbox 433 4946 675 5039; x_wconf 88' lang='lat' dir='ltr'>propositione</span> <span class='ocrx_word' id='word_1_534' title='bbox 698 4959 939 5017; x_wconf 88' lang='lat' dir='ltr'>commoratur</span> <span class='ocrx_word' id='word_1_535' title='bbox 963 4967 1025 5031; x_wconf 89' lang='lat' dir='ltr'>per</span> <span class='ocrx_word' id='word_1_536' title='bbox 1069 4937 1242 5024; x_wconf 81' lang='lat' dir='ltr'>lingendis</span> <span class='ocrx_word' id='word_1_537' title='bbox 1281 4935 1513 5025; x_wconf 88' lang='lat' dir='ltr'>opinionibus</span> <span class='ocrx_word' id='word_1_538' title='bbox 1544 4936 1642 5004; x_wconf 85' lang='lat' dir='ltr'>salsis</span> <span class='ocrx_word' id='word_1_539' title='bbox 1667 4939 1712 5006; x_wconf 91' lang='lat' dir='ltr'>de</span> <span class='ocrx_word' id='word_1_540' title='bbox 1744 4937 1845 5026; x_wconf 86' lang='lat' dir='ltr'>Deo,</span> <span class='ocrx_word' id='word_1_541' title='bbox 1882 4942 2051 5015; x_wconf 86' lang='lat' dir='ltr'>delectari</span> 
     </span>
    </p>
   </div>
   <div class='ocr_carea' id='block_1_11' title="bbox 1067 3364 2051 3869">
    <p class='ocr_par' dir='ltr' id='par_1_12' title="bbox 1067 3364 2051 3869">
     <span class='ocr_line' id='line_1_47' title="bbox 1070 3364 2051 3453; baseline 0.012 -22"><span class='ocrx_word' id='word_1_542' title='bbox 1070 3387 1190 3433; x_wconf 83' lang='lat' dir='ltr'>versus</span> <span class='ocrx_word' id='word_1_543' title='bbox 1205 3388 1346 3434; x_wconf 89' lang='lat' dir='ltr'>omnem</span> <span class='ocrx_word' id='word_1_544' title='bbox 1361 3364 1574 3453; x_wconf 90' lang='lat' dir='ltr'>impietatem</span> <span class='ocrx_word' id='word_1_545' title='bbox 1599 3379 1633 3435; x_wconf 90' lang='lat' dir='ltr'>et</span> <span class='ocrx_word' id='word_1_546' title='bbox 1655 3366 1832 3438; x_wconf 88' lang='lat' dir='ltr'>iusticiam</span> <span class='ocrx_word' id='word_1_547' title='bbox 1852 3365 2051 3443; x_wconf 87' lang='lat' dir='ltr'>hominum.</span> 
     </span>
     <span class='ocr_line' id='line_1_48' title="bbox 1069 3462 2049 3558; baseline 0.006 -21"><span class='ocrx_word' id='word_1_548' title='bbox 1069 3464 1276 3537; x_wconf 81' lang='lat' dir='ltr'>Ebraismus</span> <span class='ocrx_word' id='word_1_549' title='bbox 1298 3479 1368 3546; x_wconf 88' lang='lat' dir='ltr'>est,</span> <span class='ocrx_word' id='word_1_550' title='bbox 1407 3462 1618 3556; x_wconf 87' lang='lat' dir='ltr'>transposita</span> <span class='ocrx_word' id='word_1_551' title='bbox 1642 3468 1833 3558; x_wconf 88' lang='lat' dir='ltr'>particula,</span> <span class='ocrx_word' id='word_1_552' title='bbox 1874 3466 2049 3543; x_wconf 88' lang='lat' dir='ltr'>Omnem:</span> 
     </span>
     <span class='ocr_line' id='line_1_49' title="bbox 1069 3567 2050 3660; baseline 0.01 -24"><span class='ocrx_word' id='word_1_553' title='bbox 1069 3593 1149 3638; x_wconf 90' lang='lat' dir='ltr'>cum</span> <span class='ocrx_word' id='word_1_554' title='bbox 1164 3568 1209 3638; x_wconf 88' lang='lat' dir='ltr'>sit</span> <span class='ocrx_word' id='word_1_555' title='bbox 1225 3567 1410 3653; x_wconf 88' lang='lat' dir='ltr'>sententia,</span> <span class='ocrx_word' id='word_1_556' title='bbox 1437 3592 1543 3659; x_wconf 90' lang='lat' dir='ltr'>super</span> <span class='ocrx_word' id='word_1_557' title='bbox 1557 3569 1771 3660; x_wconf 88' lang='lat' dir='ltr'>impietatem</span> <span class='ocrx_word' id='word_1_558' title='bbox 1784 3587 1817 3643; x_wconf 88' lang='lat' dir='ltr'>et</span> <span class='ocrx_word' id='word_1_559' title='bbox 1833 3573 2050 3647; x_wconf 79' lang='lat' dir='ltr'>iniustitiam</span> 
     </span>
     <span class='ocr_line' id='line_1_50' title="bbox 1067 3664 2049 3760; baseline 0.01 -21"><span class='ocrx_word' id='word_1_560' title='bbox 1067 3669 1228 3739; x_wconf 90' lang='lat' dir='ltr'>omnium</span> <span class='ocrx_word' id='word_1_561' title='bbox 1253 3664 1466 3739; x_wconf 84' lang='lat' dir='ltr'>homiuum:</span> <span class='ocrx_word' id='word_1_562' title='bbox 1506 3683 1625 3760; x_wconf 88' lang='lat' dir='ltr'>postea</span> <span class='ocrx_word' id='word_1_563' title='bbox 1650 3671 1746 3741; x_wconf 89' lang='lat' dir='ltr'>euim</span> <span class='ocrx_word' id='word_1_564' title='bbox 1778 3674 1908 3746; x_wconf 86' lang='lat' dir='ltr'>diserte</span> <span class='ocrx_word' id='word_1_565' title='bbox 1934 3691 1970 3748; x_wconf 89' lang='lat' dir='ltr'>et</span> <span class='ocrx_word' id='word_1_566' title='bbox 1989 3702 2049 3748; x_wconf 81' lang='lat' dir='ltr'>ex-</span> 
     </span>
     <span class='ocr_line' id='line_1_51' title="bbox 1067 3770 1851 3869; baseline 0.01 -29"><span class='ocrx_word' id='word_1_567' title='bbox 1067 3794 1184 3863; x_wconf 83' lang='lat' dir='ltr'>presse</span> <span class='ocrx_word' id='word_1_568' title='bbox 1198 3773 1290 3843; x_wconf 89' lang='lat' dir='ltr'>dicet</span> <span class='ocrx_word' id='word_1_569' title='bbox 1304 3795 1345 3869; x_wconf 37' lang='lat' dir='ltr'>sel</span> <span class='ocrx_word' id='word_1_570' title='bbox 1355 3793 1518 3841; x_wconf 89' lang='lat' dir='ltr'>accusare</span> <span class='ocrx_word' id='word_1_571' title='bbox 1536 3796 1660 3843; x_wconf 89' lang='lat' dir='ltr'>omues</span> <span class='ocrx_word' id='word_1_572' title='bbox 1678 3770 1851 3848; x_wconf 84' lang='lat' dir='ltr'>honrioes.</span> 
     </span>
    </p>
   </div>
   <div class='ocr_carea' id='block_1_12' title="bbox 88 5034 2178 5534">
    <p class='ocr_par' dir='ltr' id='par_1_13' title="bbox 88 5034 2178 5534">
     <span class='ocr_line' id='line_1_52' title="bbox 88 5034 2051 5144; baseline -0.006 -19"><span class='ocrx_word' id='word_1_573' title='bbox 88 5034 259 5144; x_wconf 68' lang='lat' dir='ltr'>cispite</span> <span class='ocrx_word' id='word_1_574' title='bbox 328 5048 413 5121; x_wconf 83' lang='lat' dir='ltr'>Vult</span> <span class='ocrx_word' id='word_1_575' title='bbox 437 5050 533 5120; x_wconf 88' lang='lat' dir='ltr'>enim</span> <span class='ocrx_word' id='word_1_576' title='bbox 558 5070 682 5117; x_wconf 89' lang='lat' dir='ltr'>omues</span> <span class='ocrx_word' id='word_1_577' title='bbox 701 5049 746 5116; x_wconf 90' lang='lat' dir='ltr'>ad</span> <span class='ocrx_word' id='word_1_578' title='bbox 771 5044 1023 5136; x_wconf 88' lang='lat' dir='ltr'>poeniteutiam</span> <span class='ocrx_word' id='word_1_579' title='bbox 1068 5037 1253 5129; x_wconf 82' lang='lat' dir='ltr'>Epicureis</span> <span class='ocrx_word' id='word_1_580' title='bbox 1275 5052 1335 5107; x_wconf 91' lang='lat' dir='ltr'>aut</span> <span class='ocrx_word' id='word_1_581' title='bbox 1349 5035 1571 5107; x_wconf 79' lang='lat' dir='ltr'>Academicis</span> <span class='ocrx_word' id='word_1_582' title='bbox 1593 5038 1791 5125; x_wconf 91' lang='lat' dir='ltr'>erroribus,</span> <span class='ocrx_word' id='word_1_583' title='bbox 1818 5057 1852 5113; x_wconf 91' lang='lat' dir='ltr'>et</span> <span class='ocrx_word' id='word_1_584' title='bbox 1873 5066 1947 5113; x_wconf 89' lang='lat' dir='ltr'>nou</span> <span class='ocrx_word' id='word_1_585' title='bbox 1965 5066 2051 5114; x_wconf 79' lang='lat' dir='ltr'>rere</span> 
     </span>
     <span class='ocr_line' id='line_1_53' title="bbox 88 5137 2178 5241; baseline -0.005 -14"><span class='ocrx_word' id='word_1_586' title='bbox 88 5180 179 5227; x_wconf 86' lang='lat' dir='ltr'>care:</span> <span class='ocrx_word' id='word_1_587' title='bbox 200 5154 453 5225; x_wconf 82' lang='lat' dir='ltr'>vultuoscere</span> <span class='ocrx_word' id='word_1_588' title='bbox 469 5171 695 5241; x_wconf 81' lang='lat' dir='ltr'>expavescere</span> <span class='ocrx_word' id='word_1_589' title='bbox 711 5146 1024 5231; x_wconf 89' lang='lat' dir='ltr'>iudiciumDei,ut</span> <span class='ocrx_word' id='word_1_590' title='bbox 1068 5140 1355 5231; x_wconf 69' lang='lat' dir='ltr'>assesniriyerbo</span> <span class='ocrx_word' id='word_1_591' title='bbox 1375 5137 1454 5211; x_wconf 85' lang='lat' dir='ltr'>Dei.</span> <span class='ocrx_word' id='word_1_592' title='bbox 1504 5138 1672 5233; x_wconf 88' lang='lat' dir='ltr'>Denique</span> <span class='ocrx_word' id='word_1_593' title='bbox 1686 5143 1858 5214; x_wconf 92' lang='lat' dir='ltr'>immensa</span> <span class='ocrx_word' id='word_1_594' title='bbox 1873 5158 1925 5215; x_wconf 90' lang='lat' dir='ltr'>est</span> <span class='ocrx_word' id='word_1_595' title='bbox 1937 5146 2059 5216; x_wconf 88' lang='lat' dir='ltr'>rnoles·</span> <span class='ocrx_word' id='word_1_596' title='bbox 2163 5162 2178 5175; x_wconf 82' lang='lat'><strong><em>‘</em></strong></span> 
     </span>
     <span class='ocr_line' id='line_1_54' title="bbox 88 5242 2052 5343; baseline -0.005 -14"><span class='ocrx_word' id='word_1_597' title='bbox 88 5280 250 5330; x_wconf 84' lang='lat' dir='ltr'>seramus</span> <span class='ocrx_word' id='word_1_598' title='bbox 270 5256 440 5341; x_wconf 86' lang='lat' dir='ltr'>salutern,</span> <span class='ocrx_word' id='word_1_599' title='bbox 473 5275 514 5324; x_wconf 88' lang='lat' dir='ltr'>ac</span> <span class='ocrx_word' id='word_1_600' title='bbox 536 5272 766 5340; x_wconf 87' lang='lat' dir='ltr'>agnoscamus</span> <span class='ocrx_word' id='word_1_601' title='bbox 789 5249 1026 5330; x_wconf 86' lang='lat' dir='ltr'>liberatorem,</span> <span class='ocrx_word' id='word_1_602' title='bbox 1069 5242 1238 5311; x_wconf 81' lang='lat' dir='ltr'>vitiorum</span> <span class='ocrx_word' id='word_1_603' title='bbox 1271 5242 1506 5334; x_wconf 82' lang='lat' dir='ltr'>pugnantium</span> <span class='ocrx_word' id='word_1_604' title='bbox 1537 5264 1618 5310; x_wconf 91' lang='lat' dir='ltr'>cum</span> <span class='ocrx_word' id='word_1_605' title='bbox 1646 5244 1758 5332; x_wconf 87' lang='lat' dir='ltr'>prima</span> <span class='ocrx_word' id='word_1_606' title='bbox 1783 5246 1923 5332; x_wconf 85' lang='lat' dir='ltr'>tabula,</span> <span class='ocrx_word' id='word_1_607' title='bbox 1959 5270 2052 5343; x_wconf 78' lang='lat' dir='ltr'>quse</span> 
     </span>
     <span class='ocr_line' id='line_1_55' title="bbox 88 5340 2053 5455; baseline -0.004 -23"><span class='ocrx_word' id='word_1_608' title='bbox 88 5383 225 5455; x_wconf 77' lang='lat' dir='ltr'>rquem</span> <span class='ocrx_word' id='word_1_609' title='bbox 240 5358 412 5451; x_wconf 86' lang='lat' dir='ltr'>promissa</span> <span class='ocrx_word' id='word_1_610' title='bbox 431 5350 739 5429; x_wconf 86' lang='lat' dir='ltr'>estrecouciliatio</span> <span class='ocrx_word' id='word_1_611' title='bbox 755 5350 910 5425; x_wconf 78' lang='lat' dir='ltr'>ettalus.</span> <span class='ocrx_word' id='word_1_612' title='bbox 958 5346 1024 5421; x_wconf 59' lang='lat' dir='ltr'>se</span> <span class='ocrx_word' id='word_1_613' title='bbox 1069 5344 1191 5416; x_wconf 86' lang='lat' dir='ltr'>omnia</span> <span class='ocrx_word' id='word_1_614' title='bbox 1205 5342 1451 5436; x_wconf 87' lang='lat' dir='ltr'>complectitur</span> <span class='ocrx_word' id='word_1_615' title='bbox 1467 5340 1611 5411; x_wconf 86' lang='lat' dir='ltr'>nornine</span> <span class='ocrx_word' id='word_1_616' title='bbox 1627 5343 1837 5437; x_wconf 87' lang='lat' dir='ltr'>impietatis:</span> <span class='ocrx_word' id='word_1_617' title='bbox 1871 5347 2053 5425; x_wconf 78' lang='lat' dir='ltr'>iniustitia</span> 
     </span>
     <span class='ocr_line' id='line_1_56' title="bbox 88 5443 1430 5534; baseline -0.012 -1"><span class='ocrx_word' id='word_1_618' title='bbox 88 5466 270 5534; x_wconf 78' lang='lat' dir='ltr'>llrsasrn.</span> <span class='ocrx_word' id='word_1_619' title='bbox 297 5462 401 5532; x_wconf 81' lang='lat' dir='ltr'>Orsa.</span> <span class='ocrx_word' id='word_1_620' title='bbox 440 5462 524 5528; x_wconf 80' lang='lat' dir='ltr'>Vos..</span> <span class='ocrx_word' id='word_1_621' title='bbox 548 5456 627 5526; x_wconf 79' lang='lat' dir='ltr'>XV.</span> <span class='ocrx_word' id='word_1_622' title='bbox 1379 5443 1430 5517; x_wconf 71' lang='grc'>80</span> 
     </span>
    </p>
   </div>
   <div class='ocr_carea' id='block_1_13' title="bbox 1068 3056 2151 3369">
    <p class='ocr_par' dir='ltr' id='par_1_14' title="bbox 1068 3056 2151 3369">
     <span class='ocr_line' id='line_1_57' title="bbox 1068 3056 2132 3152; baseline 0.01 -24"><span class='ocrx_word' id='word_1_623' title='bbox 1068 3059 1331 3130; x_wconf 87' lang='lat' dir='ltr'>immunditiem</span> <span class='ocrx_word' id='word_1_624' title='bbox 1347 3059 1464 3128; x_wconf 90' lang='lat' dir='ltr'>cordis</span> <span class='ocrx_word' id='word_1_625' title='bbox 1478 3057 1517 3127; x_wconf 92' lang='lat' dir='ltr'>iu</span> <span class='ocrx_word' id='word_1_626' title='bbox 1532 3060 1698 3132; x_wconf 89' lang='lat' dir='ltr'>omuibus</span> <span class='ocrx_word' id='word_1_627' title='bbox 1718 3056 1945 3152; x_wconf 91' lang='lat' dir='ltr'>hominibus,</span> <span class='ocrx_word' id='word_1_628' title='bbox 1969 3068 2049 3138; x_wconf 86' lang='lat' dir='ltr'>ideo</span> <span class='ocrx_word' id='word_1_629' title='bbox 2128 3102 2132 3107; x_wconf 95' lang='lat'>·</span> 
     </span>
     <span class='ocr_line' id='line_1_58' title="bbox 1069 3158 2050 3255; baseline 0.008 -24"><span class='ocrx_word' id='word_1_630' title='bbox 1069 3162 1119 3231; x_wconf 91' lang='lat' dir='ltr'>sic</span> <span class='ocrx_word' id='word_1_631' title='bbox 1138 3161 1242 3230; x_wconf 88' lang='lat' dir='ltr'>dicit:</span> <span class='ocrx_word' id='word_1_632' title='bbox 1282 3158 1476 3232; x_wconf 85' lang='lat' dir='ltr'>Revelatur</span> <span class='ocrx_word' id='word_1_633' title='bbox 1498 3161 1547 3231; x_wconf 90' lang='lat' dir='ltr'>ita</span> <span class='ocrx_word' id='word_1_634' title='bbox 1568 3158 1634 3230; x_wconf 88' lang='lat' dir='ltr'>Dei</span> <span class='ocrx_word' id='word_1_635' title='bbox 1663 3164 1708 3233; x_wconf 92' lang='lat' dir='ltr'>de</span> <span class='ocrx_word' id='word_1_636' title='bbox 1737 3165 1855 3249; x_wconf 87' lang='lat' dir='ltr'>coelo,</span> <span class='ocrx_word' id='word_1_637' title='bbox 1897 3163 1965 3236; x_wconf 89' lang='lat' dir='ltr'>hoc</span> <span class='ocrx_word' id='word_1_638' title='bbox 1986 3184 2050 3255; x_wconf 88' lang='lat' dir='ltr'>est,</span> 
     </span>
     <span class='ocr_line' id='line_1_59' title="bbox 1068 3255 2151 3369; baseline 0.009 -37"><span class='ocrx_word' id='word_1_639' title='bbox 1068 3262 1292 3355; x_wconf 87' lang='lat' dir='ltr'>praedicatur</span> <span class='ocrx_word' id='word_1_640' title='bbox 1315 3263 1352 3330; x_wconf 92' lang='lat' dir='ltr'>iu</span> <span class='ocrx_word' id='word_1_641' title='bbox 1376 3258 1571 3353; x_wconf 79' lang='lat' dir='ltr'>Evangelio</span> <span class='ocrx_word' id='word_1_642' title='bbox 1593 3262 1766 3336; x_wconf 84' lang='lat' dir='ltr'>divinitus</span> <span class='ocrx_word' id='word_1_643' title='bbox 1788 3269 1945 3355; x_wconf 91' lang='lat' dir='ltr'>tradito,</span> <span class='ocrx_word' id='word_1_644' title='bbox 1985 3264 2050 3341; x_wconf 86' lang='lat' dir='ltr'>ad·</span> <span class='ocrx_word' id='word_1_645' title='bbox 2084 3352 2089 3369; x_wconf 30' lang='grc'>,</span> <span class='ocrx_word' id='word_1_646' title='bbox 2148 3255 2151 3259; x_wconf 40' lang='grc'><strong>’</strong></span> 
     </span>
    </p>
   </div>
   <div class='ocr_carea' id='block_1_14' title="bbox 2144 134 2150 146">
    <p class='ocr_par' dir='ltr' id='par_1_15' title="bbox 2144 134 2150 146">
     <span class='ocr_line' id='line_1_60' title="bbox 2144 134 2150 146; baseline 0 0"><span class='ocrx_word' id='word_1_647' title='bbox 2144 134 2150 146; x_wconf 78' lang='grc'><strong><em>1</em></strong></span> 
     </span>
    </p>
   </div>
   <div class='ocr_carea' id='block_1_15' title="bbox 0 0 2266 5782">
    <p class='ocr_par' dir='ltr' id='par_1_16' title="bbox 0 0 2266 5782">
     <span class='ocr_line' id='line_1_61' title="bbox 0 0 2266 5782; baseline 0 0"><span class='ocrx_word' id='word_1_648' title='bbox 0 0 2266 5782; x_wconf 95' lang='lat' dir='ltr'> </span> 
     </span>
    </p>
   </div>
  </div>
 </body>
</html>
