4522 5782
109 148 191 263 'ssa
280 172 516 243 .:a:.:.·-
571 227 607 243 .-
662 107 1560 256 ···-ιιιιιιιιιι.ιιιιιινιιιιιιιιιιιι
1615 226 1664 247 ..
1878 178 1980 251 ,ιι-ι

117 382 121 409 ³
166 404 170 411 ·
216 352 466 449 Quodautm'
488 348 652 423 nomint
671 350 767 421 tilios
791 350 997 441 adoptatos,
1025 348 1105 420 tlis·
1158 350 1209 421 de
1236 347 1512 437 glorificatione,
1545 374 1638 442 quae
1665 351 1828 445 sequitur
1849 351 2048 429 taedentia

116 462 272 536 semita
293 454 439 539 Christo
457 455 620 548 reliquos
645 466 804 537 sanctos,
842 451 951 544 idque
978 450 1107 523 discri-
1157 447 1207 521 Et
1221 445 1406 521 buicloco
1428 451 1600 524 admiscet
1619 454 1901 544 propositionem
1921 457 1970 525 ds
1987 456 2048 527 affl

117 589 199 635 men
215 562 410 634 tenendum
432 570 504 642 est,
538 569 578 626 ιιι
600 555 752 626 adamus
770 549 955 625 Christum
977 566 1106 624 natura
1158 554 1284 639 nibus,
1321 554 1417 644 quod
1441 553 1504 623 illa
1528 579 1619 623 nova
1645 556 1849 631 obedientia
1874 570 2048 649 versetur,

116 660 231 736 blinm¹
247 660 315 734 Dei
324 658 418 745 esse,
443 670 479 729 et
492 657 674 752 aequalem
688 656 799 745 patri,
823 670 858 725 et
873 658 1107 726 consubstan-
1158 652 1378 738 afflictiones,
1395 650 1478 747 quia
1493 663 1666 748 repugnat
1681 659 1791 738 carnai,
1808 656 2048 731 diabuloetrdi

115 762 255 850 tiilem,
273 761 551 853 ·sicutscriptom
565 772 632 830 est:
668 756 836 828 Vidimus
860 756 1009 845 gloriam
1030 756 1107 827 eius
1160 750 1228 827 boc
1245 757 1411 840 est,-toti
1429 779 1538 847 regno
1556 759 1701 850 peccati.
1962 842 1965 849 Ι
2009 772 2025 827 ,·

116 866 286 961 ιιιιιιιιιιι
306 862 485 953 unigeniti
506 885 527 931 a
551 874 650 952 patre
672 872 737 930 etc.
794 857 868 930 Sed
889 858 1107 929 sanctisunt
1260 855 1368 947 Quod
1383 872 1501 929 autern
1515 859 1622 946 dicit,
1636 856 2048 950 cohaeredestristi,si

116 969 310 1060 adoptione
324 967 402 1048 lilii,
415 963 500 1058 quia
516 957 850 1054 propteerristum
863 960 996 1050 recepti
1013 973 1107 1045 sunt,
1158 960 1240 1031 dem
1255 959 1363 1030 simul
1386 960 1594 1051 affligimur.
1644 960 1742 1034 Haec
1765 966 1962 1056 propositio
1983 967 2048 1035 des

116 1070 151 1143 ιι
164 1076 345 1141 donantur
358 1061 495 1138 Christi
510 1065 633 1147 donis,
646 1063 778 1134 scilicet
786 1061 939 1154 spiritu,
960 1074 997 1132 ιι
1010 1084 1105 1133 nora
1158 1061 1418 1143 necessitatem,
1453 1064 1553 1157 quasi
1570 1064 1690 1136 dicat:¹
1714 1063 1864 1136 Necesse
1879 1081 1931 1139 est
1947 1067 2041 1159 pati,

118 1168 214 1261 sits,
237 1170 410 1264 sapientia
427 1181 461 1238 et
478 1165 617 1236 iusticia
633 1178 699 1240 etc
843 1222 846 1229 .
1159 1176 1195 1234 et
1209 1159 1374 1235 Christus
1395 1189 1517 1257 passus
1540 1166 1598 1241 sit.
1656 1163 1705 1239 Et
1727 1168 1791 1238 illo
1815 1172 1922 1238 verbo
1946 1193 2048 1262 comp

141 1272 147 1279 '
1159 1280 1220 1338 tor
1250 1280 1362 1338 totam
1394 1291 1525 1338 noram
1547 1268 1805 1356 obedientiam,
1837 1284 2047 1342 versantem¹

1020 1412 1027 1421 -
1161 1367 1381 1439 afflictiones.
1430 1366 1504 1440 Nec
1525 1370 1705 1465 sequitur:
1743 1371 1782 1444 Si
1796 1372 2048 1464 ,priimum-gl

5 1560 11 1569 ι
119 1518 123 1531 ·
221 1474 344 1547 Donec
357 1469 575 1543 conscientie
590 1470 667 1539 sine
683 1467 837 1552 bdeest,
862 1467 902 1537 io
918 1465 1109 1561 peroribus
1161 1471 1342 1552 cabimur‚
1368 1467 1464 1562 Ergo
1487 1487 1628 1545 nostrae
1650 1474 1861 1546 afflictiones
1885 1489 1971 1547 sunt
1996 1498 2048 1566 pst

117 1576 408 1670 tlesperiibu'ndt,
438 1573 541 1661 .iugit
564 1570 715 1653 Deum,
739 1570 898 1654 dubitat,
933 1593 981 1641 an
1002 1592 1110 1638 exau·
1164 1572 1219 1642 vel
1237 1574 1404 1642 meritum
1426 1575 1518 1645 ritae
1543 1589 1718 1651 aeternae.
1768 1577 1830 1649 Sic
1853 1579 1951 1647 enim
1974 1578 2048 1648 liert

114 1678 216 1766 dist,¹
236 1704 281 1767 an
300 1675 539 1766 respiciatetc.
592 1670 676 1742 Non
690 1672 832 1742 invocat
846 1675 971 1742 Deum.
1023 1668 1109 1741 ideo
1163 1684 1257 1744 certa
1274 1675 1477 1767 promissio,
1492 1676 1576 1771 quia
1593 1700 1699 1761 nemo
1716 1692 1767 1749 est
1783 1679 1868 1749 satis
1882 1680 2048 1769 patienef

120 1784 253 1858 Paulus
269 1776 548 1850 consolationem
573 1787 611 1845 et
632 1773 892 1845 invocationem
913 1772 1110 1861 coniungit,
1162 1775 1330 1847 ιιιίιιιιίι
1352 1777 1434 1867 legi.
1485 1776 1576 1850 ltem
1592 1776 1726 1850 Paulus
1748 1781 1842 1851 clare
1863 1778 2048 1874 ioquin(

120 1876 167 1961 et'
185 1884 323 1957 tan'tnm
345 1875 403 1950 bis
428 1877 576 1957 tribuit,
612 1875 675 1969 qui
696 1876 768 1945 iam
792 1898 855 1965 per
875 1869 1111 1966 Evangelium
1163 1877 1287 1949 salvati
1308 1879 1401 1951 estis.
1452 1875 1502 1951 Et
1517 1875 1699 1953 Christus:
1725 1878 1860 1967 Dicite,
1886 1883 1984 1953 servi
2007 1883 2048 1953 in

119 1986 190 2061 bde'
208 1985 407 2071 eriguntur.
463 1977 556 2050 Nam
580 2001 662 2047 cum
680 1979 749 2047 ait:
783 1975 984 2050 Glamcmus
1006 1974 1111 2048 Abba
1162 2002 1296 2053 sumus.
1347 1977 1396 2052 Et
1408 1974 1484 2050 bic:
1516 1981 1599 2053 Non
1613 1996 1697 2053 sunt
1720 1985 1848 2073 dignae
1871 1985 2048 2056 aliliction

120 2088 244 2166 Pater,
267 2081 336 2154 boc
350 2081 544 2171 significat,
571 2079 647 2152 lam
662 2078 889 2169 agnoscimus
901 2076 1018 2151 Deum
1037 2100 1112 2148 esse
1162 2082 1318 2152 futurum
1332 2081 1482 2172 gloriam
1497 2097 1562 2158 etc.
1613 2080 1662 2156 Et
1676 2086 1899 2174 Augustinus
1914 2087 2048 2180 inquit:

121 2208 298 2287 patrm,-
311 2200 345 2256 et
356 2194 444 2255 'vere
459 2205 526 2253 nos
541 2182 728 2266 exaudire,
761 2195 795 2251 et
815 2174 883 2251 bac
902 2181 971 2252 lide
991 2180 1111 2252 couci·
1162 2199 1304 2255 aeterna
1321 2184 1431 2255 nullis
1447 2177 1614 2256 humanis
1635 2188 1771 2259 meritis
1793 2190 1975 2269 redditur,
2001 2211 2048 2259 ιιι

121 2296 240 2390 pimus
254 2284 554 2370 consolationem,
576 2296 610 2353 et
625 2283 832 2354 invocamus
847 2281 975 2354 Deum.
1162 2285 1330 2357 donantis
1345 2286 1456 2377 gratia
1472 2287 1643 2379 largiente
1657 2291 1822 2364 donatur.
1872 2287 2048 2362 Retinene

224 2390 321 2461 Haec
336 2389 423 2457 fides
444 2399 479 2457 et
504 2385 639 2475 agnitio
659 2383 921 2455 misericordiae
935 2382 1004 2457 Dei
1028 2383 1111 2454 iacit
1162 2388 1273 2479 igitur
1287 2383 1577 2471 baecsententia,
1609 2393 1705 2484 quod
1732 2405 1850 2461 nostra
1873 2393 2048 2464 obedienti

122 2494 268 2594 proprie
298 2489 489 2561 discrimen
522 2488 616 2557 iuter
644 2481 867 2557 Christianos
901 2498 949 2558 ιιι
971 2486 1111 2577 impios,
1162 2489 1459 2560 sillictioncsnon
1477 2507 1561 2564 sunt
1577 2493 1763 2578 meritum,
1796 2494 1853 2563 vel
1878 2495 2036 2584 pretium

113 2598 207 2699 φὶ,
223 2597 262 2665 in
277 2591 397 2685 impiis
410 2605 557 2660 manent
569 2587 744 2659 dubitatio
761 2600 797 2659 et
822 2588 1029 2679 indignatio·
1047 2591 1110 2657 ad·
1162 2602 1337 2663 aeternae.
1386 2590 1458 2663 Sed
1475 2595 1572 2685 qood
1591 2594 1659 2664 fide
1676 2594 1785 2684 gratis
1806 2610 1951 2687 propter
1964 2591 2048 2667 Clari

124 2721 245 2772 verstrs
260 2694 388 2766 Deum.
440 2690 510 2763 Sed
533 2691 570 2758 in
592 2690 817 2760 credentibus
838 2691 924 2761 lides
945 2706 997 2762 ιιι
1018 2715 1110 2761 nova
1162 2693 1355 2765 efficiamur
1369 2693 1434 2763 filii
1448 2708 1481 2766 et
1499 2690 1666 2768 haeredes
1681 2697 1774 2769 vitae
1786 2713 1968 2782 aeternae,
1999 2699 2048 2770 ita

122 2802 256 2901 agnitio
275 2793 536 2866 misericordiae
547 2790 630 2877 Dei,
651 2804 684 2861 et
699 2806 872 2882 repugnat
886 2792 1112 2877 dubitationi,
1163 2809 1223 2867 net
1236 2794 1421 2866 certitudo.

113 2919 159 2976 et
186 2900 312 2974 statuit
339 2918 406 2967 nos
436 2918 517 2966 rere
549 2906 695 2986 propter
721 2889 904 2965 Christum
940 2894 1111 2969 exaudiri.
1264 2895 1362 2987 Quid
1379 2897 1488 2987 igitur
1504 2897 1604 2989 ponit
1623 2900 1799 2971 conditio:
1826 2899 1866 2972 Si
1887 2901 2048 2994 compati

123 3004 221 3077 Haeo
236 3003 312 3094 ipsa
328 3000 415 3070 lisles
430 3009 482 3069 ιιι
493 2997 689 3069 consolatio
709 3009 743 3067 ιι
758 2995 967 3075 vivificatio,
1000 3009 1037 3066 et
1057 3010 1111 3066 te-
1162 2996 1396 3091 Respondeo:
1430 2996 1514 3069 Non
1532 3000 1685 3090 pretium
1700 3015 1761 3073 aut
1781 3004 1968 3086 meritum,
1999 3028 2048 3075 ιιι

123 3105 332 3181 stimonium
347 3101 504 3194 Spiritus
518 3098 632 3172 sancti
646 3098 687 3168 in
699 3099 889 3182 cordibus,
906 3101 950 3167 de
965 3121 1036 3192 quo
1051 3092 1111 3169 bic
1161 3103 1377 3193 cessitatem,
1407 3101 1491 3194 quia
1507 3101 1569 3170 illa
1583 3102 1786 3174 obedientia
1802 3118 1853 3175 est
1871 3104 1933 3174 illa
1950 3106 2025 3197 ipsa

124 3210 300 3304 loquitur:
336 3203 493 3295 Spiritus
521 3204 584 3273 dat
601 3201 845 3273 testimouium
868 3200 1011 3293 spiritui
1043 3224 1109 3270 no·
1163 3216 1234 3287 tas,
1276 3228 1345 3293 qua
1378 3203 1542 3273 incoatur
1570 3203 1608 3272 in
1639 3206 1866 3276 credentibus
1897 3206 1968 3276 vita
1998 3221 2048 3280 aet

123 3328 220 3400 stro,
244 3311 368 3391 idest,
400 3303 554 3395 Spiritus
576 3316 720 3373 sanctus
741 3328 804 3395 per
827 3305 974 3374 verbum
988 3298 1109 3374 Eran-
1161 3305 1257 3377 iusta
1272 3305 1385 3384 illud,
1412 3306 1450 3380 2.
1464 3299 1628 3376 Corintb.
1646 3301 1770 3391 5.:,si
1787 3332 1861 3377 non
1882 3308 1971 3379 nudi
1991 3308 2048 3378 ins

124 3412 206 3506 gelii
223 3409 330 3481 elficit
344 3405 623 3477 consolationem
640 3405 679 3473 in
693 3406 786 3475 veris
802 3406 1008 3504 peroribus.
1162 3430 1253 3478 mur.
1308 3403 1376 3475 Vel
1393 3420 1445 3476 est
1458 3407 1671 3491 necessaria,
1686 3419 1854 3502 tanquam
1870 3408 2048 3483 effectuae

225 3509 357 3581 Doridi
371 3521 511 3599 peccata
525 3506 671 3577 luerunt
682 3506 846 3586 remissa,
872 3529 954 3596 ergo
969 3507 1109 3577 nullum
1161 3507 1254 3580 sario
1268 3530 1419 3601 sequens
1435 3507 1733 3588 iustificationem.

124 3613 253 3687 babuit
265 3611 414 3680 mortale
430 3621 620 3700 peccatum.
647 3606 756 3692 ltem,
770 3605 887 3679 David
904 3611 950 3678 ab
966 3623 1109 3681 aeterno

123 3714 407 3794 initordinatus,
438 3710 734 3802 praedestinatus,
767 3709 1004 3801 Ergoomnia
1030 3737 1110 3803 pec·

124 3833 201 3891 cata
222 3818 368 3888 luerunt
388 3814 421 3882 ei
443 3811 612 3895 venialia,
645 3825 680 3882 ιι
700 3813 840 3882 nullum
865 3806 990 3884 babuit
1013 3838 1109 3883 mor-

123 3924 207 3995 tale.
263 3915 497 4008 Respondent
529 3911 614 3983 Non
641 3926 693 3983 est
724 3914 954 3985 iudicandum
984 3938 1110 3985 secun·
1266 3913 1425 3986 Instituit
1442 3930 1558 3987 autem
1574 3918 1827 4008 amplissimam
1843 3933 1876 3991 et
1888 3923 2048 3994 ornatissi

124 4028 211 4095 dom
240 4020 449 4092 electionem
480 4018 535 4085 acl
560 4017 938 4107 praedestinationem,
971 4021 1032 4086 sed
1055 4043 1108 4088 se·
1162 4017 1461 4102 consolationem,
1502 4042 1608 4110 quam
1637 4021 1769 4111 poteris
1790 4022 2047 4112 distinguerei

125 4126 282 4197 cundum
303 4142 468 4212 praeseus
486 4119 646 4188 verbum.
695 4116 775 4188 Hoc
798 4121 901 4188 docet
921 4119 1111 4202 Davidem,
1163 4132 1383 4210 argumenta.

125 4230 223 4319 quod
253 4223 467 4293 adulterium
497 4221 543 4289 sit
571 4230 750 4308 peccatum
782 4221 949 4299 mortale,
982 4233 1018 4291 et
1040 4222 1110 4291 nisi
1265 4219 1426 4291 Primum
1458 4233 1612 4292 sumtum
1644 4237 1695 4294 cst
1722 4225 1768 4294 ab
1788 4224 1884 4296 exitu
1905 4225 2048 4299 amicata

125 4343 204 4416 agat
225 4323 495 4417 poenitentiam,
534 4345 607 4389 non
633 4321 827 4391 remittitur
848 4321 892 4393 ei.
954 4321 1006 4393 De
1031 4349 1110 4411 pec·
1164 4337 1285 4416 estque
1304 4322 1546 4394 similelocoa
1571 4327 1747 4414 praemiis.
1792 4325 1925 4416 lugens
1950 4330 2048 4418 gloria

125 4445 203 4501 esto
232 4450 314 4516 ergo
347 4440 381 4494 ιι
413 4423 553 4494 iusticia
582 4436 634 4492 est
665 4423 894 4493 iudicandum
917 4426 1111 4495 secundum
1165 4425 1219 4494 bis
1236 4426 1407 4495 reddetur
1424 4447 1488 4516 pro
1514 4421 1568 4494 bis
1590 4427 1860 4514 afflictionibus,
1889 4428 1989 4522 Rego
2016 4457 2048 4525 pa

125 4552 291 4624 praesens
319 4528 484 4605 verbum,
528 4548 602 4593 non
629 4525 823 4594 secundum
846 4525 1053 4595 electionem
1077 4542 1111 4598 et
1164 4541 1218 4597 ter
1233 4539 1452 4618 expectemus
1469 4526 1600 4596 exitum
1618 4542 1652 4598 et
1667 4529 1926 4608 liberationem.

126 4634 345 4704 voluntatem
361 4651 435 4697 non
454 4627 654 4697 revelatam.
703 4627 791 4697 lllae
814 4627 1043 4716 cogitationes
1069 4632 1112 4699 de

126 4730 449 4828 praedestinatione
486 4743 569 4797 saint
606 4730 863 4816 removendae,
914 4753 986 4798 uon
1026 4754 1111 4800 con·

127 4848 262 4929 gruem
277 4834 323 4905 ad
341 4831 551 4919 sententiam
568 4828 692 4909 Pauli,
723 4831 785 4922 qaii
806 4831 1017 4921 pronunciat
1041 4852 1113 4903 esse
1269 4827 1475 4900 Secundum
1498 4847 1763 4920 argumentum,
1796 4837 1842 4907 ab
1869 4843 2048 4932 exemplo*

126 4940 321 5011 secondum
336 4935 438 5005 istam
454 4931 653 5002 doctrinam
672 4931 902 5003 iudicandum
919 4946 983 5003 etc.
1168 4945 1339 5001 turarum.
1399 4930 1492 5002 Tota
1510 4957 1626 5002 rerum
1650 4953 1773 5006 natura
1789 4939 1943 5010 subiecta
1960 4958 2048 5017 esto

1169 5032 1304 5123 ptioni,
1327 5047 1362 5104 ιι
1378 5033 1504 5104 abusui
1523 5035 1712 5127 impiorum
1730 5041 1862 5109 interea
1885 5042 2001 5117 donec
2024 5048 2048 5119 li

1168 5135 1284 5218 bitur,
1309 5134 1403 5225 Ergo
1421 5150 1454 5205 et
1472 5159 1538 5205 nos
1554 5155 1773 5229 expectemus
1789 5141 2048 5222 liberationem.

230 5240 422 5335 Postquam
439 5237 586 5307 tradidit
598 5235 820 5320 doctrinam,
845 5237 940 5328 quod
956 5247 1116 5327 oporteat
1267 5232 1402 5331 Estque
1421 5232 1479 5308 hic
1497 5239 1659 5308 sublimis
1683 5243 1811 5335 aliquis
1835 5244 1872 5313 iu
1888 5244 2002 5321 Paulo
2026 5277 2048 5321 n

130 5347 275 5417 existere
292 5365 421 5415 novam
436 5336 696 5425 obedientiam,
729 5337 851 5410 attexit
872 5338 1114 5428 gradationem
1169 5362 1239 5435 quo
1258 5339 1402 5412 intuens
1420 5335 1629 5412 horribilem
1645 5344 2001 5433 confusionem.ritae
2025 5348 2048 5425 h

118 1304 125 1421 f
185 1326 222 1385 -’
260 1406 265 1415 ,
297 1331 349 1417 la
364 1292 437 1436 paco
452 1328 660 1406 clamamus
677 1326 785 1403 Abba
800 1312 929 1407 Poter.

1164 3674 1358 3751 Existimo
1375 3685 1516 3764 autem,
1536 3673 1639 3775 quod
1649 3703 1721 3749 non
1738 3689 1825 3750 sunt
1843 3675 2048 3780 condignae

1402 3778 1523 3854 aiones
1538 3773 1651 3851 buius
1666 3782 1836 3878 temporis
1849 3792 1911 3856 etc.

1165 4689 1310 4764 Scimus
1325 4691 1434 4775 enim,
1451 4688 1554 4792 quod
1559 4695 1678 4767 omnis
1694 4707 1861 4770 creatura
1878 4699 2048 4797 ingemisi

317 5098 365 5173 Si
377 5107 497 5170 aulem
504 5092 607 5190 filii,
632 5105 664 5168 el
678 5092 851 5169 haeredes
866 5107 929 5175 etc.
