4522 5782
181 214 313 304 σῃ,
438 262 441 267 f
765 204 1608 291 eunounscssurrsxuuerrca.
1885 220 1889 227 ·
2132 184 2209 289 aas

90 378 99 395 “’
184 416 323 490 semper
337 384 436 481 sequi
452 383 559 456 debet
573 405 665 454 nova
681 378 898 458 obedientia.
930 379 1039 471 Quod
1055 394 1173 455 autem
1220 386 1479 476 berepecesta,
1505 395 1676 456 ettamen
1704 380 1828 455 statuit
1844 403 1883 455 se
1899 376 2132 474 plaeereDeo
2155 404 2216 474 per

185 497 299 576 sancti
321 515 396 563 uon
419 485 635 560 satisfaciant
657 484 747 574 legi.
773 498 808 555 et
830 486 926 579 quod
943 498 1111 557 maneant
1133 485 1173 557 in
1223 487 1524 572 misericordiam,
1551 499 1587 557 et
1609 498 1767 578 expectat
1789 485 1960 571 salutern,
1992 483 2079 555 ideo
2094 484 2213 558 'addite

187 605 238 677 eis
251 607 410 693 peccata,
434 599 608 662 testantur
622 599 808 681 sequentes
823 587 1030 664 sententiae.
1225 588 1404 663 Sustinuit
1427 589 1546 658 anima
1571 613 1648 660 mea
1666 590 1705 658 in
1722 589 1832 659 verbo
1855 586 1953 673 eius,
1977 585 2016 657 id
2032 599 2109 672 eat,
2132 610 2214 678 pro·
2251 644 2255 651 .

144 702 151 711 “
289 697 420 771 Psaim.
443 690 545 766 142:
581 688 664 761 Non
685 690 796 761 intres
823 690 861 758 in
892 689 1066 761 iudicium
1094 712 1176 759 cum
1226 692 1395 762 missione
1409 690 1532 761 divina
1547 714 1605 761 me
1620 703 1803 776 sustento,
1827 689 2135 775 accedoadeurn,
2157 712 2215 759 er-

189 827 291 880 servo
314 814 396 882 tuo,
432 795 617 889 quianon
647 791 895 864 iustificabitur
922 791 962 861 iu
988 802 1178 884 conspectu
1227 807 1328 886 pecto
1369 793 1536 883 salutem,
1578 806 1615 864 et
1645 793 1685 864 in
1716 816 1758 864 eo
1790 791 2000 886 acquiesco,
2038 790 2214 863 confidens

189 924 253 983 tuo
269 901 387 976 omnis
407 897 542 968 vivens.
1228 896 1339 996 ipsius
1362 896 1522 966 bonitate
1543 897 1639 989 quod
1659 920 1716 966 me
1735 910 1937 966 servaturus
1956 894 2013 964 sit.

293 1007 327 1077 1.
349 1001 448 1076 loan.
470 999 521 1070 1.;
563 993 603 1067 Si
630 994 842 1081 dixerimus,
875 996 973 1089 quod
995 1006 1179 1095 peccaturo
1333 997 1548 1073 Psalm18.:
1574 995 1712 1069 Delicta
1728 997 1808 1092 quis
1822 994 2014 1084 iutelligit?
2039 993 2087 1065 ab
2101 992 2214 1065 occul-
2256 1054 2259 1061 .

191 1134 268 1186 nou
280 1106 494 1187 habeamus,
517 1098 586 1190 ipsi
606 1122 672 1169 nos
686 1097 907 1186 seducimus,
931 1111 966 1170 et
989 1097 1120 1170 veritas
1142 1095 1181 1165 in
1230 1100 1275 1172 tis
1288 1100 1423 1175 munda
1441 1122 1509 1173 me.
1559 1097 1709 1172 Constat
1722 1112 1839 1170 autem
1856 1098 1907 1168 ibi
1922 1093 2161 1188 Prophetanr,
2180 1108 2215 1168 ot

192 1213 299 1287 nobis
313 1230 388 1279 nou
403 1217 465 1276 est.
1230 1203 1337 1286 alibi,
1362 1204 1463 1274 etde
1488 1201 1624 1292 seipso,
1649 1215 1683 1272 et
1712 1205 1757 1272 de
1781 1200 1927 1271 caeteris
1949 1200 2083 1269 sanctis
2104 1196 2214 1292 loqui:

294 1308 401 1383 Rom.
426 1302 480 1380 7.:
506 1299 624 1370 Video
654 1300 762 1371 aliam
793 1300 905 1390 legem
938 1299 978 1370 in
1011 1298 1182 1369 membris
1232 1303 1291 1374 llli
1315 1305 1383 1396 ipsi
1412 1326 1502 1397 qnos
1529 1316 1632 1375 vocat
1660 1326 1781 1376 servos
1803 1303 1891 1388 Dei,
1927 1299 2136 1372 sanctificati
2161 1322 2217 1392 per
2256 1364 2259 1369 .

193 1416 302 1499 mais,
329 1417 586 1499 repugnantem
610 1403 681 1492 legi
703 1402 831 1476 mentis
854 1425 971 1487 meae,
1012 1415 1047 1473 et
1070 1401 1181 1493 capti·
1232 1406 1405 1498 Spiritum
1439 1419 1629 1491 sanctum,
1669 1408 1787 1477 ornati
1822 1404 2077 1476 excellentibus
2106 1400 2216 1482 donis

193 1531 335 1592 vantem
358 1534 414 1581 me
438 1509 477 1577 iu
499 1507 574 1596 lege
595 1503 738 1595 peccati.
786 1502 839 1574 Ac
858 1506 961 1594 saepe
983 1504 1035 1574 ibi
1055 1503 1181 1593 repetit
1231 1521 1411 1579 versantes
1424 1507 1460 1577 in
1478 1507 1562 1578 fidei
1576 1509 1760 1594 exercitiis,
1783 1509 1820 1579 in
1838 1506 2097 1599 gubernatione
2112 1503 2217 1574 masi-
2257 1558 2259 1569 .

193 1619 326 1694 Paulus
344 1636 466 1683 vocem
493 1607 642 1699 peccati,
665 1606 867 1704 significans
891 1607 995 1676 illum
1014 1607 1180 1676 morbum
1233 1634 1370 1682 marum
1392 1633 1532 1691 rerum,
1572 1623 1612 1680 ut
1636 1606 1841 1690 Abraham,
1886 1604 2031 1700 loseph,
2074 1604 2216 1690 Moises,
2256 1650 2259 1705 2

193 1746 267 1795 esse
290 1717 416 1788 vitium
442 1736 524 1780 vere
551 1730 714 1800 pugnans
739 1732 820 1778 cum
850 1708 924 1797 lege
951 1707 1039 1794 Dei,
1068 1721 1104 1778 et
1125 1707 1183 1776 di·
1232 1711 1398 1800 Samuel,
1421 1708 1560 1798 David,
1584 1708 1727 1799 Esaias,
1751 1736 1823 1785 uua
1841 1735 1926 1782 voce
1950 1712 2001 1780 sic
2022 1709 2219 1780 ctamirme
2256 1710 2259 1777 ἑ

194 1845 305 1916 gnum
328 1828 442 1888 morte
464 1827 626 1896 aeterna,
659 1809 730 1879 nisi
752 1810 822 1880 fide
846 1824 976 1900 peteret
999 1811 1182 1882 condona-
1232 1813 1370 1886 Delicta
1402 1814 1483 1908 quis
1508 1814 1707 1904 intelligit?
1748 1816 1794 1886 ab
1818 1812 1966 1885 occultis
1990 1811 2130 1901 munda
2156 1832 2219 1879 roe.
2256 1796 2259 1865 ἕ

194 1927 342 1999 tionem.
394 1913 623 2009 Acloquitur
639 1936 713 1981 noo
730 1913 774 1983 de
790 1911 859 1980 levi
875 1912 1183 2004 tantumcorporis
1233 1915 1354 2006 Quare
1367 1917 1572 1987 detestanda
1587 1930 1638 1988 est
1652 1917 1850 2007 arrogantia
1867 1910 2219 2010 hypocritarumqoi
2256 1968 2259 2005 :

148 2066 152 2073 ·
196 2024 425 2101 titillatione,
450 2019 512 2086 sed
528 2018 571 2085 de
586 2014 767 2084 acerrimis
788 2014 945 2084 motibus
966 2014 1099 2100 animi,
1124 2028 1183 2085 tu·
1234 2019 1394 2091 iactitant
1417 2041 1454 2088 se
1474 2019 1549 2091 suis
1563 2020 1730 2108 operibus
1748 2018 1876 2090 mereri
1897 2017 2009 2088 vitam
2034 2028 2218 2098 aeternam,
2257 2040 2259 2047 ·

195 2125 343 2203 bitantis
359 2125 402 2191 de
418 2120 601 2190 voluntate
612 2113 694 2197 Dei,
719 2109 916 2187 abhorrens
933 2141 953 2188 a
969 2140 1083 2203 crure,
1108 2139 1184 2186 non
1234 2134 1269 2192 et
1287 2121 1451 2217 quidem,
1473 2136 1515 2193 ut
1547 2120 1617 2212 ipsi
1631 2122 1829 2215 loquuntur
1842 2123 1887 2190 de
1900 2118 2095 2208 condigno.

195 2229 303 2303 erecti
319 2223 446 2296 fiducia
463 2234 497 2291 et
512 2219 643 2291 laetitia
657 2220 696 2288 in
712 2218 806 2290 Deo:
834 2232 873 2290 ut
889 2218 1059 2309 erigimur
1080 2218 1183 2289 laeti·
1337 2221 1467 2293 Psalm.
1489 2223 1570 2295 db:
1612 2224 1695 2296 Dixi
1723 2224 1920 2295 confitebor
1952 2221 2146 2291 adversum
2168 2238 2219 2287 nse
2253 2214 2259 2253 ’-

195 2335 264 2413 tia,
304 2341 340 2398 et
367 2322 648 2418 acquiestlmuts
688 2344 769 2390 cum
797 2320 958 2392 videmus
986 2320 1183 2413 corporalis
1236 2324 1412 2397 iusticiam
1429 2348 1541 2397 meam
1559 2321 1735 2407 Domino,
1759 2339 1847 2398 etto
1871 2322 2023 2393 remittis
2044 2333 2219 2414 peccatum
2247 2320 2259 2393 .“

196 2430 383 2527 praesidia.
436 2422 485 2496 Et
507 2447 548 2494 ex
570 2415 637 2492 hac
660 2422 858 2495 diffidentia
881 2424 1048 2494 oriuntur
1071 2423 1184 2493 multa
1236 2450 1374 2499 meum:
1400 2424 1455 2496 De
1469 2423 1537 2498 hoc
1551 2428 1668 2499 orabit
1683 2430 1726 2498 ad
1745 2441 1780 2499 te
1795 2428 1912 2498 omnis
1926 2423 2124 2494 sanctusiu
2137 2434 2219 2494 teu-

195 2558 305 2631 prava
330 2529 478 2603 consilia
502 2539 568 2598 etr.
621 2522 706 2593 Ideo
728 2546 812 2595 usus
835 2539 886 2595 est
909 2525 1050 2595 duobus
1065 2526 1185 2595 verbis
1237 2553 1324 2623 pore
1339 2542 1531 2620 oportuno.
1584 2528 1706 2601 Palam
1731 2543 1879 2601 testatur
1901 2539 2043 2597 sanctos
2063 2537 2220 2618 oportere

196 2635 388 2710 admodum
413 2628 632 2706 illustribus,
663 2619 1064 2719 ἀντιστρατευόμενον,
1099 2627 1187 2698 dicit
1238 2646 1356 2724 petere
1391 2631 1690 2704 condonationem
1726 2631 1966 2726 praesentium
1994 2627 2167 2701 vitiorum
2188 2634 2219 2697 et

196 2738 364 2812 morbum
387 2729 510 2801 hostili
534 2751 634 2799 more
660 2728 829 2817 grassari,
853 2730 1009 2800 sauciare
1031 2744 1185 2799 mentem
1237 2749 1447 2807 erratorum.

196 2835 416 2926 diffidentia,
433 2832 648 2914 terroribus,
670 2830 855 2920 superbia,
878 2832 1006 2901 fiducia
1023 2832 1186 2924 propriae
1337 2835 1414 2909 Iob.
1430 2835 1482 2906 9.:
1508 2834 1668 2908 Verebar
1680 2835 1802 2905 omnia
1818 2855 1925 2925 opera
1941 2855 2033 2906 meo.

196 2938 390 3035 sapientiae
420 2959 460 3006 ac
481 2933 658 3016 iusticiae,
698 2933 912 3018 securitate,
935 2947 969 3004 et
997 2934 1187 3004 incendere
1335 2933 1452 3008 Erodi
1468 2935 1546 3012 db:
1571 2935 1619 3009 Et
1633 2937 1807 3008 innocens
1823 2960 1896 3006 non
1913 2948 1965 3006 est
1983 2954 2105 3004 coram
2122 2943 2156 3003 te
2169 2928 2217 2999 iu·

196 3046 359 3115 flammas
374 3038 543 3108 varietate
561 3035 808 3124 cupiditatum.
860 3035 1002 3106 Aenon
1021 3036 1209 3106 videatur·
1237 3060 1389 3124 nocens,
1420 3039 1549 3126 idest,
1584 3040 1649 3111 etsi
1672 3034 1831 3111 humano
1855 3037 1989 3109 iudicio
2012 3057 2088 3105 non
2116 3041 2217 3126 potest

196 3144 311 3218 hostis
334 3139 626 3212 contemnendus.
692 3132 1035 3230 αἰχμαλωτίζοντα,
1063 3136 1186 3230 oppri-
1238 3140 1412 3225 accusari,
1437 3154 1556 3211 tamen
1572 3164 1592 3213 a
1611 3156 1645 3214 te
1660 3140 1817 3212 accusari
1832 3152 1959 3233 potest.

197 3250 264 3318 mit
278 3246 438 3314 infirmos
454 3241 613 3322 animos,
639 3250 673 3308 et
690 3240 803 3330 capit,
831 3241 895 3309 etsi
911 3240 1003 3332 capti
1030 3239 1187 3308 libcran·
1342 3241 1431 3314 Tibi
1447 3241 1602 3315 Domine
1618 3244 1777 3329 iusticia,
1799 3242 1906 3313 nobis
1927 3253 2049 3312 autem
2067 3232 2218 3309 consun'o

199 3366 258 3423 tur
273 3369 336 3439 per
351 3340 556 3431 Christum,
581 3354 623 3409 ut
638 3337 773 3410 Moises
788 3356 909 3433 captus
925 3354 1020 3427 erat,
1046 3365 1127 3412 cum
1142 3340 1187 3409 ad
1239 3344 1361 3430 faciei,
1402 3345 1534 3431 idest,
1574 3368 1726 3437 agnosco
1752 3368 1820 3415 nos
1844 3340 1977 3414 habere
1998 3353 2160 3434 peccata,
2187 3347 2217 3409 et

199 3472 323 3541 rupem
339 3443 527 3517 haesitaret
542 3464 582 3511 ac
598 3441 782 3513 diffideret.
832 3439 950 3514 David
966 3456 1088 3533 captus
1105 3453 1190 3527 erat,
1241 3447 1332 3517 iuste
1350 3447 1461 3518 abste
1479 3447 1613 3538 puniri.
1665 3444 1805 3517 Deinde
1820 3446 1936 3517 addit:
1967 3443 2084 3514 Nobis
2102 3438 2217 3512 conlu-

199 3576 280 3625 com
306 3549 445 3619 iuberet
467 3543 648 3614 numerari
671 3545 865 3636 populum,
889 3545 1010 3638 aliquo
1031 3537 1188 3615 hnmano
1240 3548 1313 3632 sio,
1339 3548 1407 3619 tibi
1422 3563 1539 3619 autem
1554 3549 1796 3619 misericordia
1813 3563 1848 3619 et
1864 3544 2088 3639 propiciatio,
2114 3543 2150 3614 id
2164 3552 2217 3619 etl.

200 3675 338 3726 errore:
365 3649 421 3718 sel
437 3647 518 3740 quia
537 3644 649 3736 gloria
668 3648 895 3729 movebatur,
930 3647 1025 3741 quod
1043 3648 1118 3717 sois
1133 3671 1189 3715 re·
1240 3672 1392 3739 agnosco
1408 3673 1474 3722 nos
1488 3674 1562 3723 esse
1585 3663 1803 3741 peccatores,
1830 3652 1891 3720 sed
1915 3662 1955 3719 tu
1978 3659 2127 3739 propter
2144 3666 2217 3738 pro·

199 3759 267 3828 ltus
289 3751 393 3845 gestis
416 3771 564 3839 reguum
589 3746 761 3838 auxisset,
796 3748 851 3818 vel
874 3751 921 3819 ob
949 3749 1041 3821 alias'
1058 3770 1191 3821 causas.
1241 3753 1382 3823 missam
1408 3753 1708 3843 misericordiam,
1738 3774 1862 3824 rursus
1883 3750 2031 3830 exaudi,
2057 3762 2095 3818 et
2117 3748 2217 3818 libem

200 3858 271 3932 Sed
286 3855 414 3926 omitto
432 3850 607 3941 exempla:
635 3872 709 3920 non
727 3851 823 3920 enim
840 3853 967 3923 desunt
989 3851 1057 3942 piis
1078 3851 1190 3920 multa
1241 3877 1317 3925 nos.
1368 3849 1530 3925 Eandem
1551 3854 1764 3925 sententiam
1786 3854 1970 3947 aliquanto
1989 3863 2072 3941 post
2092 3843 2218 3942 repetit

200 3957 392 4031 domestica
407 3951 588 4043 exempla,
614 3952 681 4042 ipsi
696 3954 918 4043 experimur,
944 3976 1050 4046 quam
1067 3954 1113 4025 sit
1134 3974 1191 4022 as-
1242 3980 1281 4026 ac
1299 3955 1403 4025 nobis
1419 3956 1622 4054 exemplum
1637 3957 1719 4026 fidei
1736 3969 1770 4026 et
1787 3954 2023 4027 invocationis
2039 3948 2217 4044 proponit:

201 4063 325 4132 siduus
345 4053 477 4140 hostis,
514 4066 548 4123 et
575 4078 681 4146 quam
713 4079 817 4147 saepe
845 4055 1024 4145 opprimat
1054 4055 1192 4125 animos
1243 4055 1324 4128 Non
1343 4070 1487 4149 propter
1507 4058 1681 4128 iusticiam
1696 4073 1853 4129 nostram
1871 4058 2045 4149 petimus,
2067 4055 2133 4125 sed
2146 4075 2218 4146 pro·

201 4177 340 4257 praeter
368 4158 575 4251 opinionem
611 4169 781 4231 nostram.
853 4155 943 4227 Nam
969 4170 1003 4228 et
1029 4157 1192 4227 diabolus
1242 4173 1321 4251 pter
1337 4158 1616 4230 misericordiam
1633 4173 1730 4231 tuam
1756 4183 1930 4251 magnam.
1983 4155 2062 4229 Hae
2087 4153 2219 4228 concio·

202 4263 310 4335 simul
328 4272 510 4352 oppugnat
527 4258 617 4347 pios.
1242 4284 1306 4331 nes
1325 4284 1455 4352 magno
1482 4285 1657 4333 consensu
1685 4276 1894 4352 repetuntur
1917 4262 1957 4329 io
1979 4259 2089 4332 sacris
2118 4254 2220 4336 libris,

307 4356 508 4435 1Corinth.
526 4358 581 4430 4.;
609 4353 709 4429 Nihil
725 4354 813 4428 mihi
830 4359 991 4430 conscius
1007 4384 1106 4446 ssrm,
1132 4362 1190 4432 sed
1243 4385 1382 4454 semper
1407 4377 1589 4435 accusatur
1619 4377 1739 4434 nostra
1764 4364 1975 4449 infirmitas,
2007 4376 2043 4433 et
2065 4360 2220 4434 iubemur

85 4490 87 4494 “
202 4467 241 4536 iu
262 4460 331 4534 hoc
359 4487 433 4532 uon
464 4461 670 4532 iustificatos
694 4485 795 4550 sum,
830 4462 930 4555 qnasi
958 4464 1071 4533 dicat:
1113 4459 1192 4532 Etsi
1243 4464 1889 4554 fideconl'ugereadmisericordiam,
1915 4478 2063 4565 propter
2080 4459 2222 4555 promis·
2256 4510 2259 4529 .

201 4567 341 4640 iusticia
363 4567 478 4635 bonae
502 4563 739 4634 conscientiae
763 4577 813 4635 est
830 4567 1045 4646 necessaria,
1073 4579 1192 4637 tamen
1244 4588 1324 4637 sum
1349 4567 1582 4639 mediatorem
1605 4567 1718 4638 lilium
1734 4567 1813 4642 Dei.
1865 4565 1926 4638 sic
1945 4579 1981 4638 et
2002 4564 2139 4639 Paulus
2157 4581 2221 4633 non

202 4684 348 4764 propter
376 4689 451 4736 eam
480 4689 553 4736 non
584 4689 663 4735 sum
689 4667 821 4750 iustus,
853 4668 890 4736 id
920 4679 990 4752 est,
1031 4679 1193 4759 acceptus
1243 4668 1401 4762 aliquam
1422 4683 1559 4759 partem
1585 4662 1774 4741 hominum
1793 4683 1950 4749 accusat,
1976 4668 2038 4738 sed
2058 4662 2222 4759 simplici·

202 4796 320 4844 coram
349 4764 426 4840 Deo
467 4770 513 4839 ad
553 4766 662 4838 vitam
701 4781 905 4854 aeternam,
948 4770 1009 4840 sed
1043 4770 1112 4839 fide
1154 4769 1192 4838 in
1244 4771 1466 4842 teralfirmat
1486 4764 2222 4863 omneshominespraeterChristumesse

202 4870 397 4949 Christum.
1245 4894 1324 4942 reos
1347 4893 1466 4942 coram
1481 4868 1569 4946 Deo.
1620 4870 1705 4944 Ideo
1729 4874 1865 4966 inquit:
1897 4871 1951 4946 Ut
1973 4896 2082 4944 omne
2105 4895 2146 4944 os
2166 4870 2229 4948 oli-t

299 4969 463 5046 Christus
492 4971 591 5042 iubet
620 4983 760 5044 sanctos
799 4985 918 5066 petere
947 4972 1192 5043 remissionem
1244 4987 1419 5056 umatus,
1459 4987 1493 5045 et
1516 4987 1611 5046 totus
1644 4978 1799 5047 mundus
1820 4975 1867 5046 sit
1886 4998 1968 5046 reus
1996 4997 2120 5045 coram
2143 4973 2226 5047 Deo.

202 5089 441 5172 peccatorum:
468 5069 516 5145 Et
531 5070 671 5146 dimitte
687 5075 792 5145 nobis
810 5073 929 5145 debita
944 5087 1075 5147 nostra.
1105 5072 1194 5146 Item
1247 5072 1350 5146 ltem:
1378 5071 1560 5148 Conclusit
1578 5100 1701 5147 omues
1715 5080 1782 5148 sub
1796 5090 1990 5168 peccatum,
2012 5088 2057 5147 ut
2070 5076 2227 5148 omnium

203 5180 337 5273 inquit:
360 5175 497 5259 Dicite,
524 5174 616 5245 servi
633 5176 777 5246 inutiles
792 5197 914 5246 sumus
930 5186 994 5245 etc.
1028 5189 1029 5192 ’
1244 5176 1463 5247 misereatur.
1522 5176 1627 5249 ltem:
1668 5176 1743 5268 Qui
1777 5179 1968 5272 gloriatur,
2005 5176 2047 5248 in
2077 5176 2229 5251 Domino

303 5277 552 5352 psalmita:
580 5274 620 5347 Si
635 5276 839 5375 iniquitates
860 5273 1103 5348 observaveris
1117 5270 1194 5348 Do·
1245 5279 1426 5369 glorietur.
1477 5275 1553 5350 Has
1567 5283 1758 5354 sententias
1778 5281 1831 5375 pii
1853 5281 1922 5352 sibi
1944 5294 2173 5374 proponant,
2193 5289 2232 5351 ut

204 5380 317 5466 mine,
348 5378 506 5452 Domine
530 5376 610 5473 quis
637 5378 851 5453 sustinebit?
883 5374 1055 5472 Agnoscit
1073 5399 1111 5449 se
1130 5372 1194 5451 ha·
1246 5395 1439 5476 agnoscant
1470 5380 1715 5456 infirmitatem
1744 5396 1904 5457 nostram
1938 5406 2024 5455 rere
2049 5396 2232 5480 peccatum
