4522 5782
81 202 136 287 ιε
268 202 374 287 ιιιι
421 207 459 280 ε
486 179 851 281 munumina
875 194 930 275 ιιι
953 160 1111 275 mim.
1134 188 1286 271 esum
1310 186 1381 264 ao
1407 181 1674 269 nouenos.
1725 188 1831 275 cte.
1857 196 1904 280 v.
2021 196 2114 282 aso.

81 380 150 457 deo
168 380 347 455 inclusive
361 380 585 472 intelligatur
599 373 669 449 hoc
685 378 839 448 dictums
865 372 987 470 Usque
1011 373 1054 440 ad

81 511 173 578 egem
200 499 385 579 peccatum
413 498 489 553 erat
518 484 556 552 in
587 482 746 560 mundo,
777 479 815 548 id
845 491 916 562 est,
949 478 1054 547 etiam

81 614 139 659 um
156 588 228 658 lata
254 602 304 656 est
329 587 384 655 lex
400 584 543 680 Moysi,
569 597 688 652 tamen
710 581 840 652 mansit
863 593 1054 672 peecatum.

80 707 109 761 ta
127 690 286 760 breviter
302 692 487 771 admonet,
512 685 607 775 Lege
624 709 698 756 uon
713 684 792 754 tolli
815 697 996 774 peccatum
1020 695 1054 749 et

80 806 231 877 mrtem,
257 791 342 885 quia
368 790 432 861 itta
457 800 601 859 externa
623 787 761 857 iusticia
786 784 873 874 legis
893 785 1052 853 nondum

81 896 221 967 tensa
239 905 401 984 peccato,
428 913 495 960 nec
516 903 569 961 est
589 888 744 960 incoatio
769 902 931 959 aeternae
948 885 1052 963 vitae,

80 999 118 1067 ed
143 997 319 1090 quaedam
354 1006 496 1063 esterna
527 991 722 1084 corporalis
753 988 953 1078 disciplina.
1005 981 1052 1055 Et

80 1123 138 1171 nm
156 1096 371 1167 conscientia
385 1096 540 1184 angitur,
562 1108 597 1165 ει
613 1092 751 1186 quaerit
769 1090 1050 1161 iustificationem

80 1212 100 1270 ιι
128 1199 233 1289 lege,
277 1212 364 1267 tnnc
394 1197 450 1265 lex
484 1191 589 1265 habet
621 1194 848 1285 praecipuum
881 1190 1055 1273 effectum,

80 1316 198 1373 censat
227 1313 262 1371 ει
292 1299 437 1370 coniicit
467 1297 701 1368 conscientias
734 1296 774 1363 in
807 1308 977 1376 terrores,
1017 1307 1050 1361 et

80 1403 352 1494 asperationem.
426 1397 507 1471 llos
545 1400 625 1471 vult
665 1396 819 1482 Paulus,
868 1419 951 1467 cum
991 1388 1050 1463 hic

80 1506 179 1579 adis:

83 1648 166 1727 Sed
174 1660 361 1753 perentam
376 1674 451 1723 non
469 1654 681 1748 reputatur,
708 1643 775 1717 ubi
789 1650 928 1716 nonest
945 1641 1018 1716 lex.

159 1786 204 1861 ld
221 1800 293 1873 est,
318 1787 391 1860 Ubi
405 1809 481 1865 nou
497 1797 549 1855 εει
565 1785 633 1868 lex,
659 1804 732 1851 non
749 1779 955 1868 agnoscitur
969 1802 1051 1869 pec·

79 1905 196 1980 stum,
221 1914 296 1961 non
311 1902 505 1960 accusatur.
549 1884 729 1979 Loquitur
743 1879 877 1953 Paulus
892 1880 938 1951 de
955 1879 1050 1950 iudi-

79 1995 112 2065 io
135 2007 278 2064 nostrae
300 1989 545 2062 conscientiae.
599 1984 686 2056 Lata
708 1999 758 2056 est
783 1984 890 2072 igitur
907 1984 984 2072 lex,
1011 1997 1049 2052 ιιι

79 2094 276 2169 nescientia
292 2106 457 2184 agnoscat
473 2101 704 2182 peccatum-et
720 2098 903 2155 accusetur
920 2101 953 2155 et
972 2109 1047 2175 per-

79 2196 230 2277 errefiat,
263 2197 356 2267 sicut
378 2218 486 2287 supra
512 2190 647 2284 inquit:
682 2186 751 2258 Per
780 2189 891 2276 legem
916 2187 1049 2276 agnitio

80 2297 202 2375 cecati.
253 2297 380 2369 Postea
396 2310 514 2367 autem
532 2296 577 2363 de
598 2312 682 2362 usus
696 2288 782 2378 legis
801 2288 977 2378 copiosius
993 2289 1050 2358 di·

78 2416 130 2471 et:
158 2423 254 2469 nunc
278 2400 374 2471 enim
399 2396 515 2469 obiter
541 2407 679 2465 tantum
705 2405 742 2462 et
760 2390 912 2460 velutin
935 2403 1052 2461 trans·

78 2526 166 2577 ursu
183 2502 311 2592 attigit.
366 2498 473 2590 Quod
495 2511 614 2569 autem
629 2494 808 2588 sequitur,

78 2664 81 2669 ¹
113 2666 232 2743 Mors
250 2663 417 2765 regnavit
434 2665 483 2738 nd
498 2658 623 2737 Adam
642 2685 754 2760 usqne
769 2656 824 2732 ad
838 2654 990 2733 Mosen.

78 2862 83 2875 .
154 2806 236 2879 Hoc
250 2806 347 2877 dicto
363 2803 546 2893 superiora
562 2801 670 2872 verba
686 2798 925 2868 declarantur.
951 2796 1053 2871 Sicut

78 2924 138 2989 ote
161 2909 283 2993 dixis,
307 2903 494 2976 Peccatum
521 2903 629 2973 inisse
654 2903 833 2994 usquead
855 2901 984 2989 legem,
1012 2924 1052 2971 ac

78 3038 102 3083 te
121 3014 198 3103 lege
212 3011 357 3104 qtsislem
372 3009 480 3078 luisse
498 3005 689 3088 abolitum,
716 3003 764 3071 ita
781 2997 840 3070 bic
855 3002 924 3087 ait,
949 3001 1049 3073 Mor·

77 3138 129 3187 ssn
154 3134 319 3206 regnasse
340 3112 387 3181 ab
408 3107 525 3180 Adam
553 3128 665 3200 usqne
695 3106 739 3172 ad
763 3101 913 3188 Mosen,
945 3128 984 3175 ac
1007 3129 1052 3174 ne

77 3217 204 3313 pridem
219 3216 297 3304 lege
314 3213 484 3285 abolitam
501 3232 590 3282 esse.
639 3204 755 3278 Addit
770 3217 906 3277 autem:

77 3380 220 3461 Wnrtem
249 3403 424 3479 regnasse
457 3378 568 3451 etium
600 3374 742 3457 ineos,
784 3372 853 3475 qui
873 3397 949 3445 non
971 3395 1050 3472 pec-

77 3495 232 3559 nverunt
268 3477 466 3557 secundnm
513 3475 800 3550 similitudinem
841 3485 1053 3572 transgres-

423 3581 543 3655 sionis
571 3576 686 3655 Adae.

163 3723 206 3797 ld
224 3737 295 3807 est,
316 3716 436 3792 Etiain
459 3718 613 3791 infantes
638 3717 744 3787 morti
769 3712 946 3786 subiectos
969 3731 1053 3787 esse,

77 3829 200 3905 ameni
218 3848 293 3896 nou
309 3820 440 3895 hahent
455 3822 605 3891 actualia
623 3833 773 3909 peccata.
813 3813 905 3885 Nam
922 3811 1054 3883 Patrius

77 3932 197 4005 crusta
228 3941 408 4020 peccatum
442 3937 544 3995 vocat
573 3920 899 4010 transgressionem.
975 3911 1054 3983 lloc

76 4039 145 4105 deo
164 4033 272 4115 dicit,
303 4044 343 4100 ut
366 4029 551 4099 confirmet
580 4025 732 4121 primam
763 4017 1054 4113 propositionem,

76 4134 200 4211 lmncs
215 4157 289 4204 esse
303 4154 393 4202 reos.
443 4129 483 4199 Si
503 4127 600 4194 enim
624 4125 779 4203 infantes
801 4144 946 4215 qnoque
970 4132 1054 4188 sunt

76 4238 209 4311 ubiesti
231 4235 358 4319 morti,
380 4229 477 4321 Ergo
502 4226 636 4298 habent
657 4228 836 4321 quoddam
859 4235 1053 4314 peccatum.

76 4338 157 4432 Quia
175 4360 272 4407 mors
288 4336 435 4407 intravit
447 4355 509 4423 per
525 4343 705 4421 peccatum
724 4328 763 4399 in
780 4329 969 4408 muudum,
990 4320 1052 4390 Est

76 4444 171 4535 gitur
184 4442 283 4513 aliud
299 4453 479 4530 peccatum
495 4448 636 4525 praeter
651 4431 799 4503 actuale.

282 4610 360 4715 Qui
386 4627 439 4689 est
455 4622 589 4720 forma
614 4610 759 4709 futuri,
784 4618 846 4685 etc.
954 4608 957 4613 ’

1111 361 1265 447 Christi,
1292 362 1375 433 ideo
1403 362 1449 433 de
1471 385 1511 432 ea
1534 359 1605 434 iarn
1628 362 1755 460 incipit
1779 369 2001 460 concionari,
2029 371 2103 467 Qui

1110 484 1162 541 est
1181 462 1336 564 (inquit)
1353 466 1466 536 torma
1483 467 1609 537 futuri.

1476 629 1540 695 De
1568 628 1733 697 Grnts'n.

1209 768 1310 842 Sicut
1332 790 1438 863 sopra
1462 771 1552 843 dixit
1575 773 1621 843 de
1646 788 1810 864 peccato,
1837 777 1881 844 de
1896 799 1998 847 causa
2016 804 2098 872 pec·

1106 870 1193 957 cati,
1226 875 1271 942 de
1302 874 1557 964 propagatione
1582 888 1615 944 et
1640 875 1787 960 effectu,
1822 876 1870 945 ita
1902 878 1973 951 iarn
1997 884 2098 955 docet

1105 975 1149 1044 dc
1163 974 1296 1069 gratia,
1324 975 1367 1043 de
1384 998 1504 1059 causa,
1530 977 1793 1066 propagatione,
1823 993 1857 1048 et
1872 979 1998 1052 effectu
2016 1006 2097 1075 gra-

1106 1077 1195 1163 tiae,
1218 1074 1269 1146 Ut
1285 1077 1427 1159 doceat,
1446 1090 1624 1166 peccatum
1642 1078 1721 1149 tolli
1737 1081 1976 1170 pergratiam.

1205 1176 1402 1265 Coniungit
1424 1190 1540 1247 autem
1562 1179 1710 1267 gratiam
1735 1196 1767 1250 et
1786 1186 1921 1250 donum
1940 1209 2002 1275 per
2017 1207 2098 1276 gra.

1104 1280 1202 1352 tiam.
1248 1276 1471 1348 Vocabulum
1486 1280 1618 1369 gratiae
1632 1280 1804 1370 significat
1822 1284 2011 1372 gratuitam
2029 1290 2097 1357 mi-

1104 1380 1345 1454 sericordiam.
1398 1377 1482 1452 ldeo
1501 1376 1559 1450 hic
1578 1383 1749 1472 significat
1767 1386 1948 1454 verissime
1972 1390 2097 1460 remis·

1103 1485 1240 1554 sionem
1264 1492 1507 1572 peccatorum,
1541 1496 1577 1554 et
1592 1486 1780 1572 gratuitam
1807 1489 2096 1577 acceptationem,

1104 1608 1194 1680 qttae
1208 1583 1246 1654 fit
1263 1607 1327 1682 per
1340 1576 1536 1659 Christum.
1579 1584 1724 1655 Donum
1743 1591 1966 1677 pergratiam
1985 1591 2096 1680 signi·

1103 1688 1182 1757 licat
1204 1684 1435 1754 donationem
1458 1684 1615 1775 Spiritus
1635 1687 1767 1770 sancti,
1800 1690 1862 1783 qui
1887 1692 2004 1763 incoat
2028 1717 2095 1764 no-

1104 1813 1185 1860 vam
1200 1800 1234 1856 et
1249 1800 1428 1857 aeternam
1447 1788 1558 1859 vitam
1583 1789 1793 1876 inanimis,
1819 1804 1853 1861 et
1877 1792 2005 1866 excitat
2027 1819 2094 1866 no·

1105 1914 1169 1961 vos
1190 1902 1319 1958 motus.

1204 1989 1365 2060 Primum
1397 1989 1507 2079 igitur
1536 1990 1672 2061 confert
1695 1985 1812 2062 Adam
1845 2008 1879 2065 et
1898 1992 2096 2072 Christum.

1103 2093 1200 2164 llaec
1214 2091 1355 2162 collatio
1373 2093 1475 2160 valde
1494 2090 1649 2163 illustrat
1672 2105 1864 2188 utrumque
1884 2100 2095 2172 membrum.
2170 2078 2183 2101 ’

1102 2195 1266 2266 Declarat
1283 2205 1399 2264 autem
1417 2193 1565 2264 modum
1581 2194 1710 2279 meriti,
1736 2199 1830 2287 quod
1850 2213 1999 2291 uterque
2016 2202 2096 2274 aliis

1103 2295 1291 2376 meruerit,
1323 2289 1446 2364 Adam
1472 2292 1603 2365 mertsit
1624 2295 1704 2365 aliis
1736 2313 1891 2380 reatum,
1931 2295 2096 2376 Christus

1104 2397 1236 2467 meruit
1249 2397 1329 2465 aliis
1344 2395 1680 2472 reconciliationem.
1731 2395 1829 2469 llaec
1843 2400 1987 2473 collatio
2002 2404 2095 2476 clare

1104 2499 1233 2570 releltit
1265 2498 1513 2578 adversarios,
1551 2497 1614 2591 qui
1653 2499 1895 2589 imaginantur
1934 2497 2095 2577 homines

1104 2603 1215 2672 iustos
1232 2623 1305 2671 esse
1321 2599 1466 2692 propria
1490 2599 1672 2689 dignitate.
1708 2598 1796 2671 -Hie
1810 2605 1906 2673 enim
1924 2606 2016 2677 clare
2036 2608 2095 2677 di·

1104 2705 1169 2775 cit:
1210 2702 1311 2774 Sicut
1334 2702 1396 2770 alii
1419 2715 1562 2792 propter
1586 2701 1702 2770 Adam
1733 2703 1785 2771 rei
1813 2721 1923 2787 sunt,
1961 2708 2009 2778 ita
2031 2710 2094 2779 alii

1104 2816 1249 2897 propter
1272 2798 1455 2874 Christum
1477 2802 1562 2872 iusti
1585 2817 1678 2873 sunt·
1739 2801 1786 2874 Et
1809 2800 1896 2877 haee
1920 2809 2095 2882 sententia

1104 2929 1207 2998 saepe
1229 2905 1412 2998 repetitur.
1470 2903 1529 2973 De
1545 2897 1620 2985 ,hoc
1645 2908 1753 2975 modo
1777 2907 1896 2981 meriti
1924 2909 2095 3005 loquitur,

1103 3033 1185 3080 cum
1216 3007 1284 3077 ait:
1324 3007 1441 3075 Adam
1465 3019 1516 3075 est
1547 3007 1745 3096 exemplum
1766 3003 1918 3095 Christi,
1950 3012 2095 3096 scilicet.

1104 3111 1201 3203 quod
1224 3111 1269 3178 ad
1292 3101 1360 3175 hoc
1382 3107 1528 3186 attinet,
1567 3106 1651 3199 quia
1676 3123 1825 3202 uterque
1851 3111 1930 3180 aliis
1951 3114 2093 3186 meruit.
2191 3110 2200 3125 “

1102 3210 1195 3283 Nam
1215 3211 1256 3279 in
1279 3208 1468 3280 collatione
1497 3230 1572 3276 non
1602 3231 1742 3281 necesse
1771 3225 1823 3282 eat
1847 3213 1968 3284 omnia
1994 3214 2094 3286 simi-

1103 3313 1152 3385 lis
1169 3335 1254 3383 esse.
1570 3392 1574 3397 ,

1206 3412 1290 3484 ldeo
1303 3410 1436 3483 Paulus
1452 3410 1527 3501 ipse
1543 3411 1643 3482 addit
1666 3414 1942 3502 correctionem,
1967 3431 2010 3490 ut
2029 3420 2095 3491 ad-

1104 3531 1245 3587 moneat
1276 3515 1387 3585 multa
1416 3535 1489 3583 esse
1519 3513 1706 3583 dissimilia
1730 3500 1775 3584 in'
1795 3512 1860 3586 hac
1891 3520 2095 3613 collatione,

1088 3618 1153 3687 -sic
1177 3619 1271 3686 enim
1292 3617 1427 3708 inquit:
1464 3615 1533 3686 Sed
1559 3639 1632 3684 non
1656 3617 1746 3686 sicut
1771 3618 1960 3707 delictum,
1986 3624 2093 3695 sicet

1103 3721 1257 3802 donum,
1283 3717 1320 3787 id
1337 3731 1407 3799 est,
1433 3716 1545 3786 multa
1573 3731 1657 3787 ειιιιι
1673 3719 1858 3790 dissimilia
1875 3721 1915 3791 in
1932 3719 1998 3795 bae
2021 3725 2096 3794 col·

1103 3821 1236 3892 latione
1252 3819 1371 3888 delicti
1387 3831 1421 3887 et
1439 3818 1540 3887 doni.
2176 3898 2182 3907 Ι

1207 3920 1367 3990 Primum
1389 3942 1444 3987 res
1470 3918 1729 3990 diversissimae
1748 3936 1850 4008 sunt,
1888 3937 2006 3996 reatus
2032 3950 2096 3998 seu

1097 4016 1307 4116 peccatum,
1341 4035 1376 4093 et
1402 4022 1505 4090 venia
1527 4043 1588 4091 seu
1610 4023 1743 4111 gratia,
1774 4048 1872 4095 mors
1896 4038 2036 4100 aeterna
2061 4044 2097 4101 ει

1103 4128 1177 4197 vita
1199 4139 1353 4194 aeterna.

1205 4224 1371 4298 Secundo
1388 4223 1584 4315 plurimum
1606 4222 1752 4299 interest
1776 4229 1814 4298 in
1836 4227 1944 4299 modo
1965 4253 2094 4324 propa·

1103 4330 1223 4418 gandi.
1288 4329 1346 4399 Ab
1374 4325 1490 4394 Adam
1524 4336 1740 4419 propagatur
1771 4345 1900 4403 natura
1925 4354 2008 4417 rea,
2042 4335 2097 4403 vi-

1104 4433 1193 4501 tiosa
1216 4444 1251 4501 et
1267 4428 1373 4500 morti
1389 4426 1562 4514 obnoxia,
1590 4441 1623 4496 et
1639 4446 1857 4522 propagatur
1871 4432 2096 4522 generatione

1104 4533 1250 4603 carnali.
1302 4528 1461 4600 Econtra
1480 4524 1655 4598 aCltristo
1673 4532 1829 4605 donatur
1842 4536 2096 4608 reconciliatio.

1105 4633 1201 4704 llaec
1215 4656 1289 4704 non
1305 4645 1518 4726 propagatur
1534 4633 1760 4718 generatione
1775 4635 1928 4722 carnali,
1953 4640 2013 4709 scd
2028 4640 2097 4710 lide

169 4753 353 4826 Hactenus
367 4757 598 4824 concionatus
611 4765 660 4820 est
677 4750 722 4816 de
738 4758 878 4837 peceato
897 4742 1057 4832 originis,
1104 4737 1289 4827 accipitur.
1324 4734 1424 4806 Sicut
1442 4731 1586 4801 loannis
1604 4735 1718 4821 primo
1735 4738 1906 4830 seriptum
1926 4752 1998 4810 est:
2025 4728 2097 4811 Da*-

75 4862 160 4957 puod
172 4855 260 4929 haec
277 4871 401 4926 uatsrra
415 4853 569 4927 humana
589 4854 634 4922 sit
648 4874 707 4921 rea
721 4862 755 4918 ει
770 4859 945 4935 corrupta.
976 4845 1057 4912 ldeo
1105 4839 1160 4907 dit
1186 4839 1237 4906 eis
1260 4848 1467 4927 potestatem
1491 4833 1583 4903 lilios
1611 4832 1677 4904 Dei
1699 4836 1794 4923 heri,
1821 4837 1898 4920 his,
1933 4841 1997 4935 qui
2022 4864 2098 4910 cre.

75 4990 138 5035 son
161 4976 215 5031 est
239 4960 331 5029 iusta
356 4959 434 5048 lege
459 4959 515 5026 vel
543 4954 733 5044 operibus,
771 4950 853 5042 quia
883 4947 953 5034 legi
985 4970 1058 5015 non
1106 4942 1217 5019 dum,
1243 4953 1308 5012 etc.
1374 4936 1485 5020 ltem,
1521 4934 1622 5008 loan.
1647 4935 1702 5008 40:
1739 4940 1816 5011 Nisi
1841 4941 1923 5038 quis
1956 4955 2098 5013 renatus

75 5076 220 5137 sraestat
244 5084 364 5130 veram
389 5060 651 5140 obedientiam,
684 5054 744 5121 sed
771 5064 918 5119 manent
935 5049 972 5117 in
996 5072 1059 5117 na·
1106 5042 1214 5111 [uerit
1233 5055 1298 5112 etc.
1521 5122 1530 5135 ·

75 5192 144 5239 tura
168 5161 347 5245 hominis,
371 5163 573 5252 corruptio,
609 5157 775 5236 caecitas,
805 5152 1060 5241 concupiscen-
1209 5141 1308 5211 llaec
1332 5138 1589 5211 dissimilitudo
1621 5143 1884 5232 propagationis
1909 5144 2101 5234 diligenter

75 5270 133 5357 ιιι,
153 5282 189 5339 et
204 5263 397 5337 horribiles
411 5266 564 5357 impetus
581 5272 701 5329 contra
719 5256 829 5343 legem
847 5252 925 5326 Dei.
958 5248 1062 5340 Opus
1107 5245 1330 5315 observanda
1347 5259 1414 5325 est,
1440 5254 1586 5332 propter
1602 5237 1873 5332 Anabaptistas,
1897 5246 1960 5339 qui
1979 5246 2101 5337 prodi·

75 5386 116 5445 est
144 5371 257 5461 igitur
287 5367 359 5437 alia
390 5371 541 5459 quadam
579 5359 745 5444 iusticia,
785 5354 919 5426 scilicet
949 5353 1061 5446 gratia
1109 5347 1209 5439 giosa
1226 5344 1457 5417 deliramenta
1474 5339 1531 5413 hic
1546 5342 1879 5418 comminiscuntur.
1906 5349 1981 5423 atti
1998 5370 2102 5441 pror·

117 5478 304 5544 hlsssrru.
330 5472 436 5543 orm.
475 5472 560 5538 Vos..
583 5467 662 5535 XV.
1432 5441 1484 5515 40
