4522 5782
179 172 256 251 843
597 240 602 263 ¹
794 148 892 232 illia.
917 147 1036 271 hillis.
1064 145 1274 233 SCRiPTit
1298 140 1598 269 EXEGETICA.
1660 250 1685 269 ..
1740 238 1745 253 Ι
1817 202 1916 269 .'·t'1'.
2125 152 2196 267 W

183 347 278 430 niet,
299 367 343 413 an
367 336 529 411 exaudiat
550 330 732 412 homines,
758 324 868 400 habes
890 344 924 400 ct
941 329 1028 400 alias
1044 351 1166 400 erran·
1219 350 1284 410 na,
1319 326 1421 398 iustis
1445 326 1544 397 dabit
1565 329 1672 400 bona.
1733 321 1788 398 De
1810 325 1953 399 iniustis
1978 324 2198 401 manifestum

184 464 236 520 tes
261 444 479 537 cupiditates.
536 434 633 507 Haec
657 447 708 504 est
730 430 904 504 sententia
932 428 1038 503 huius
1063 428 1166 503 dicti:
1219 443 1287 514 est,
1321 428 1443 499 deberi
1465 452 1595 521 poenas
1623 455 1687 522 pro
1714 429 1873 522 ipsorum
1901 429 2027 516 lactis,
2065 443 2103 503 et
2125 446 2198 523 prn-

184 547 320 623 Eadem
337 542 441 629 facis,
467 538 599 611 scilicet
613 533 844 606 interioribus
866 533 978 605 animi
1002 533 1169 603 motibus.
1219 545 1297 623 pter
1311 530 1468 621 ipsorum
1484 531 1585 604 lacta.
1637 528 1691 602 De
1708 531 1809 603 iustis
1824 556 1866 601 ex
1878 526 2081 623 Evangelio
2097 531 2200 604 scien·

71 701 81 710 -
186 649 281 741 Quia
297 645 520 718 notissimum
539 653 591 709 εει
614 635 824 730 principales
845 659 965 706 causas
989 635 1168 705 actionum
1221 635 1409 716 domest,
1442 634 1625 725 quomodo
1656 633 1728 702 sint
1759 632 1853 703 iusti.
1927 630 2081 705 Etcum
2105 632 2199 705 fidere

188 775 261 824 esse
283 761 457 831 mentem,
482 742 700 813 voluntatem
716 752 749 808 et
762 735 847 811 Cor.
895 735 1042 808 Accedit
1062 737 1171 826 igitur
1224 745 1412 826 opporteat
1430 756 1503 804 esse
1526 734 1565 803 in
1590 735 1713 820 nobis,
1738 727 2202 825 sicutllivaugelium'doeet,

188 851 391 924 conclusio:
417 842 529 935 Ergo,
555 865 634 912 cum
658 841 778 908 eadem
796 837 923 918 sarias,
949 837 1170 907 inexcusabi-
1229 830 1314 904 haec
1336 836 1411 925 ipsa
1435 836 1568 905 mentio
1593 836 1693 921 fidei,
1726 859 1817 929 quae
1840 835 1970 906 nititur
1990 860 2069 905 non
2092 850 2202 907 nostra

187 956 233 1024 lis
249 976 284 1025 cs
299 948 459 1045 quisquis
477 945 629 1024 iudicas,
656 942 691 1009 id
712 955 780 1025 est,
806 930 895 1009 alios
918 943 1084 1024 damnas,
1109 964 1167 1009 ex·
1223 937 1420 1026 dignitate,
1467 939 1528 1007 sed
1566 937 1810 1007 misericordia
1850 936 2024 1027 promissa
2067 950 2201 1031 propter

190 1056 302 1127 ternis
321 1049 458 1121 delictis
475 1044 743 1126 contaminatos,
770 1039 914 1112 Tenon
933 1043 1092 1125 damnas,
1109 1040 1170 1134 qni
1224 1039 1474 1122 mediatorem,
1500 1039 1677 1120 ostendit,
1703 1039 1781 1107 dari
1797 1038 1905 1109 vitam
1924 1052 2109 1108 aeternam
2130 1062 2203 1133 pro·

191 1155 342 1228 similem
358 1147 465 1221 babes
480 1146 683 1217 interiorem
699 1143 919 1234 pravitatem.
1225 1154 1302 1230 pter
1325 1140 1438 1208 filium
1464 1138 1546 1213 Dei.
1600 1137 1646 1211 Et
1668 1153 1784 1209 tamen
1808 1138 1891 1233 quia
1912 1140 1999 1209 tides
2022 1138 2139 1211 virtus
2161 1152 2204 1211 est

185 1265 195 1277 “
291 1254 422 1347 Estque
438 1248 523 1320 haec
537 1244 715 1318 conclusio
730 1244 905 1315 accusatio
917 1238 1173 1332 omnium,qui
1225 1241 1264 1310 in
1289 1241 1412 1323 nobis,
1444 1241 1500 1309 lex
1524 1264 1589 1312 suo
1613 1266 1711 1313 more
1734 1255 1903 1335 tanquam
1924 1246 1969 1311 de
1994 1254 2119 1314 nostra
2141 1240 2204 1313 vir·

191 1384 229 1431 sc
253 1371 396 1449 propter
429 1350 549 1421 civiles
573 1370 689 1417 mores
717 1347 936 1417 arbitrantur
968 1345 1079 1414 iustos
1101 1364 1175 1409 esse
1226 1356 1300 1412 tute
1315 1342 1493 1436 loquitur.

193 1484 309 1530 coram
327 1457 422 1539 Deo,
448 1476 526 1524 cnm
551 1450 683 1540 sciant,
708 1461 842 1517 mentes
866 1447 987 1537 plenas
1010 1467 1082 1514 esse
1106 1445 1175 1511 du·

192 1561 407 1633 bitationum
431 1568 466 1624 et
490 1575 670 1635 errorum,
704 1563 740 1621 et
761 1550 869 1618 corda
893 1546 1016 1618 multis
1041 1543 1176 1617 vitiosis

194 1658 448 1754 cupiditallbm
461 1655 595 1725 ardere·
1331 1645 1378 1719 Ut
1394 1643 1461 1716 hoc
1477 1647 1556 1716 loco
1573 1648 1616 1715 ad
1628 1642 1811 1719 Romanos
1827 1645 2110 1739 inquitPautus:
2136 1644 2207 1719 Noa

295 1758 408 1830 Addit
430 1769 546 1827 autem
568 1751 700 1824 Paulus
723 1749 1041 1821 confirmationem:
1077 1744 1177 1816 ludi·
1229 1764 1280 1823 εει
1302 1750 1458 1840 acceptio
1489 1771 1721 1841 personarum
1745 1751 1840 1839 apud
1868 1746 2006 1821 Deum:
2047 1747 2099 1819 its
2125 1763 2157 1820 et
2176 1748 2209 1833 in

196 1864 290 1934 tium
305 1858 373 1931 Dei
388 1859 581 1928 secundum
599 1855 781 1923 veritatem
798 1866 867 1937 est,
893 1853 1020 1934 idest,
1047 1850 1180 1920 iudicat
1231 1850 1330 1924 Actis
1355 1850 1545 1941 capite10.
1571 1850 1742 1941 scriptum
1766 1864 1837 1920 est:
1866 1847 1947 1918 Non
1970 1862 2022 1921 cst
2049 1873 2210 1942 personae

198 1990 271 2035 non
287 1963 400 2033 solum
416 1973 596 2030 externam
608 1958 770 2026 umbram
784 1956 977 2038 actionum,
1001 1955 1061 2022 sed
1080 1974 1181 2019 men·
1231 1948 1393 2041 'acceptor
1408 1950 1516 2025 Deus.
1568 1948 1616 2021 Et
1642 1950 1727 2019 alibi
1750 1972 1853 2043 saepe
1875 1950 2052 2041 repetitur
2074 1943 2141 2023 boc
2161 1950 2211 2021 di.

199 2083 249 2137 tes
266 2079 299 2135 et
318 2065 450 2132 iontem
468 2059 659 2129 actionum.
695 2054 981 2127 Siinmentibus
997 2052 1183 2124 nonlucet
1232 2069 1349 2133 ctum,
1382 2067 1421 2124 ut
1444 2051 1570 2123 Esaiae
1596 2049 1656 2123 Η.
1692 2052 1737 2121 de
1764 2049 1915 2123 Messia:
1957 2050 2044 2123 Non
2074 2052 2209 2145 accipite

200 2191 281 2237 vera
296 2167 339 2234 de
356 2160 432 2233 Deo
454 2158 648 2242 sententia,
673 2158 703 2226 si
728 2157 926 2227 voluntates
945 2179 1085 2226 aversae
1099 2165 1183 2223 sunt
1234 2178 1419 2248 personam
1438 2169 1504 2223 etc.
1558 2153 1742 2244 Significat
1758 2167 1875 2224 antem
1889 2154 2125 2245 generaliter,
2145 2176 2209 2223 non

200 2266 337 2351 aDeo,
372 2278 407 2335 et
428 2285 502 2332 sese
525 2262 604 2352 plus
627 2271 765 2343 amant,
797 2282 902 2351 quam
923 2255 1057 2339 Deum,
1090 2268 1183 2325 certe
1234 2257 1390 2347 accipere
1415 2278 1620 2346 personam,
1655 2257 1769 2324 lacere
1796 2254 1969 2324 iudicium
1993 2256 2040 2325 de
2063 2278 2122 2341 re,
2142 2255 2207 2328 sine

200 2395 276 2438 non
305 2370 548 2454 obtemperant
565 2361 633 2450 legi
651 2359 743 2444 Dei,
768 2382 858 2452 quae
879 2358 1014 2450 inquit:
1050 2355 1185 2445 Diliges
1234 2357 1441 2427 discrimine
1463 2356 1721 2439 accidentium,
1755 2379 1844 2449 quae
1869 2378 1888 2427 a
1911 2380 1950 2425 re
1977 2356 2097 2426 aliena
2126 2368 2208 2427 sunt.

202 2469 396 2542 Dominum
413 2467 530 2535 Deum
551 2474 652 2533 [uum
668 2484 709 2531 ⁸¹
723 2461 919 2533 totocorde
934 2472 999 2534 etc.
1238 2457 1285 2531 Ut
1295 2457 1498 2551 Torquatus
1508 2460 1551 2528 de
1564 2457 1639 2528 sola
1655 2480 1692 2526 re
1705 2457 2210 2543 indicateondemnsnstiliun,

1237 2585 1301 2630 nec
1316 2560 1439 2629 obruit
1455 2583 1528 2628 rem
1546 2572 1690 2652 propter
1711 2557 1970 2648 cognationem.
2244 2584 2250 2653 q

1334 2659 1468 2731 Usitate
1484 2660 1697 2731 describitur
1711 2660 1866 2751 acceptio
1882 2682 2137 2751 personarum:
2159 2654 2213 2729 Fst
2239 2640 2251 2751 l

306 2762 491 2836 lntertcxit
513 2763 654 2833 brevem
679 2755 981 2844 adhortationem,
1015 2782 1084 2853 qus
1108 2783 1187 2830 om·
1241 2765 1325 2833 dare
1340 2762 1499 2854 aequalia
1515 2761 1777 2855 inaequalibus,
1807 2761 1862 2829 vel
1877 2763 2082 2854 inaequalia
2099 2785 2211 2857 aequa·

1237 1506 1327 1585 Nou
1341 1519 1392 1581 cst
1408 1508 1503 1581 euim
1520 1508 1679 1605 acceptio
1691 1532 1933 1608 personarum
1948 1505 2061 1609 apud
2070 1506 2197 1586 Deam.

428 2622 645 2698 Existimas
660 2632 781 2695 nutem
797 2617 952 2695 olsomo.

204 2894 267 2942 nes
285 2881 384 2937 vocat
399 2868 442 2936 ad
461 2862 734 2956 poenitentiam,
758 2884 799 2929 ac
822 2863 943 2946 docet,
967 2885 1076 2954 quare
1091 2859 1189 2931 Deus
1239 2865 1345 2936 libus.
1396 2858 1526 2933 Oritur
1548 2878 1664 2933 autem
1690 2863 1881 2947 sententia,
1917 2859 2116 2953 prohibens
2138 2768 2251 2957 apo-l

205 2972 511 3059 diffefssll⁰0¹¹³⁵s
537 2964 718 3048 lidelmi,
744 2963 952 3051 ”nimium
972 2963 1077 3032 nobis
1102 2987 1189 3033 con·
1240 2960 1503 3059 annotantur,
1528 2989 1569 3034 ex
1591 2965 1751 3034 lontibus
1775 2964 1947 3035 iusticiae.
2013 2964 2189 3036 lusticiac
2225 2954 2251 3083 ἒ

205 3077 305 3145 cedat
329 3072 372 3139 ad
397 3067 674 3140 conversionem.
724 3062 886 3152 Singuli,
911 3063 948 3130 in
975 3088 1189 3157 quocunqne
1239 3066 1450 3160 aequalitas,
1471 3067 1531 3133 sed
1551 3066 1713 3135 ordinata
1727 3067 1921 3134 secundum
1936 3089 2142 3136 mensuram
2160 3064 2245 3165 ³¹³5--

206 3179 327 3267 ¹³P⁸¹¹s
353 3172 402 3240 fel
425 3171 515 3239 fiunt
530 3167 655 3237 ¹¹¹⁰f¹i⁸
674 3180 854 3249 lemnae,
880 3176 914 3234 ²2
937 3164 1027 3233 ἷῦδῑθ
1048 3179 1190 3254 possent
1241 3192 1359 3261 quam.
1412 3165 1461 3238 Ut
1477 3168 1586 3236 Iudex
1601 3182 1685 3236 tunc
1701 3181 1753 3236 est
1776 3167 1903 3252 iustus,
1929 3191 2011 3235 cum
2035 3166 2230 3259 aequaliter¹

206 3275 326 3347 aDeo
348 3271 513 3343 interfici:
546 3271 606 3338 sed
630 3269 801 3336 immensa
824 3266 964 3335 bonitas
986 3263 1073 3346 Dei,
1107 3267 1189 3360 quia
1241 3291 1441 3340 mensuram
1458 3283 1589 3350 servat,
1615 3269 1720 3359 punit
1736 3281 1865 3353 sontes,
1891 3282 1926 3338 et
1941 3268 2109 3338 defendit
2123 3269 2219 3349 inpo-

208 3403 281 3448 non
294 3375 370 3444 vult
385 3387 497 3442 totum
522 3392 631 3459 genus
647 3365 843 3438 humanum
868 3367 1001 3456 perire,
1029 3369 1192 3438 concedit
1242 3384 1379 3454 centes,
1405 3392 1469 3438 nec
1490 3370 1642 3441 discedit
1663 3395 1682 3439 a
1708 3392 1874 3438 mensura
1891 3385 2040 3460 propter
2055 3371 2125 3440 alis
2140 3368 2252 3487 acci-3

208 3478 360 3569 spatium
384 3474 536 3553 miseris,
561 3470 653 3540 utin
670 3469 763 3536 viam
780 3470 945 3547 redeant,
970 3468 1067 3537 iuxta
1082 3469 1189 3538 illud:
1242 3466 1650 3544 dentiainhominibus.
1700 3467 1750 3540 Et
1766 3487 1887 3541 contra
1907 3466 2000 3539 hane
2022 3492 2218 3544 mensurant
2236 3490 2252 3551 Γ

208 3578 302 3647 Vivo
322 3600 404 3666 ego,
430 3573 517 3643 dicit
531 3570 726 3652 Dominus,
751 3569 837 3636 nolo
861 3584 1008 3637 mortem
1032 3586 1189 3661 peccato·
1241 3573 1377 3656 sincere,
1410 3573 1642 3666 inaequalitas
1662 3586 1732 3658 est,
1766 3587 1934 3665 quaeest
1963 3571 2100 3644 iniusta
2121 3585 2252 3667 et,ty·:

169 3704 173 3717 ·
209 3682 258 3752 ris
275 3690 338 3750 etc.
389 3673 470 3748 Huc
485 3672 637 3765 pertinet
651 3669 817 3762 parabola
835 3671 878 3738 de
891 3670 971 3754 ficu,
998 3667 1115 3740 Lucae
1135 3672 1191 3743 ld.
1243 3675 1376 3744 tannis.

209 3780 413 3853 Dolendum
432 3786 635 3852 astantem,
656 3786 727 3842 tarn
749 3784 873 3841 tetram
892 3772 1101 3861 pravitatem
1119 3795 1191 3842 esse
1347 3772 1431 3844 ldeo
1455 3798 1534 3843 cum
1558 3775 1706 3844 dicitur:
1735 3774 1841 3865 Apud
1864 3770 1981 3845 Deum
2006 3799 2085 3846 non
2108 3787 2159 3846 εει
2175 3770 2242 3845 εειΙ

209 3881 386 3955 humanae
408 3890 575 3959 naturae,
613 3886 653 3944 nt
672 3867 758 3941 haec
782 3872 857 3961 ipsa
882 3896 1003 3955 mora,
1037 3897 1192 3967 proquo
1244 3876 1358 3966 ceptio
1384 3898 1636 3965 personarum,
1670 3875 1841 3946 tribuitur
1861 3876 1892 3945 ei
1916 3877 1995 3946 lans
2015 3866 2179 3948 iustitiae
2198 3862 2247 3979 ets³

186 4000 192 4009 “
211 3984 340 4074 gratias
356 4001 456 4067 agere
474 3977 641 4057 debebat,
666 3973 849 4043 confirmet
872 3974 1103 4064 multiplicem
1124 3976 1193 4043 im·
1245 3976 1485 4070 aequalitatis,
1512 3979 1612 4046 cuius
1628 3974 1712 4047 baec
1729 4001 1893 4047 mensura
1911 3991 1975 4049 est.
2042 3946 2252 4061 Universa-,l

213 4088 386 4178 pietatem.
438 4078 569 4148 Levius
584 4075 678 4145 enim
698 4087 824 4143 curant
841 4069 1002 4143 homines
1020 4076 1192 4145 iudicium
1248 4079 1330 4147 liter
1346 4077 1509 4147 israeitur
1524 4075 1619 4146 Deus
1634 4093 1774 4168 peccato
1791 4079 1827 4146 in
1845 4075 2008 4162 bomine,
2034 4095 2073 4153 et
2094 4078 2230 4151 anim

211 4186 298 4271 Dei,
323 4194 507 4275 propterea
525 4180 618 4269 quod
636 4198 769 4266 poenae
783 4175 1005 4258 differentur,
1032 4177 1093 4245 etsi
1109 4173 1194 4246 haec
1245 4179 1366 4249 salites
1381 4179 1507 4269 accipit
1523 4203 1646 4250 omnes
1662 4183 1706 4249 ad
1723 4180 1949 4250 mediatorem
1975 4180 2252 4295 confugientes·q

213 4291 288 4379 ipsa
313 4307 411 4354 mora
439 4281 541 4351 valde
565 4278 682 4349 brevis
707 4296 767 4349 cst.
820 4273 968 4366 Insuper
988 4278 1097 4366 igitur
1121 4302 1194 4347 sce·
1246 4278 1349 4349 Hane
1378 4304 1580 4350 mensuram
1605 4304 1669 4352 suo
1702 4280 1961 4370 sapientissimo
1984 4295 2020 4354 et
2041 4281 2253 4389 iustissime¹

214 4392 285 4460 lera
303 4384 493 4455 sceleribus
515 4382 707 4450 adduntur.
760 4375 862 4446 Harae
887 4377 1118 4468 perniciosam
1142 4401 1195 4447 se·
1248 4381 1396 4452 consilio
1419 4382 1552 4466 sanxit,
1578 4397 1611 4451 et
1636 4383 1711 4451 vult
1735 4384 1916 4452 immotam
1940 4383 2026 4459 esse.
2095 4384 2253 4469 Aeso„

215 4488 396 4560 curitatem
412 4483 543 4553 Paulus
568 4480 668 4550 brevi
686 4479 829 4573 quidem
855 4479 967 4559 dicto,
994 4482 1054 4547 sed
1079 4494 1197 4548 tamen
1247 4505 1349 4572 gere,
1372 4484 1466 4576 quod
1485 4507 1558 4552 non
1572 4498 1684 4553 servet
1698 4479 1791 4553 banc
1809 4483 2080 4576 aequalitatem,
2105 4498 2159 4557 aas
2172 4478 2253 4556 ιώ·

215 4589 393 4660 atrocibus
416 4585 532 4653 verbis
554 4595 712 4666 accusat,
736 4578 822 4648 dicit
852 4575 1015 4648 homines
1038 4593 1195 4651 contem·
1249 4585 1358 4654 buere
1373 4585 1405 4652 ei
1421 4579 1750 4680 προσωποληψίαν.
1804 4583 1888 4656 ldeo
1903 4600 1937 4655 et
1951 4584 2090 4658 Paulus
2104 4585 2253 4689 inquit:¹

173 4702 175 4707 ’
215 4715 299 4761 sacre
312 4687 506 4758 bonitatem
522 4698 555 4755 et
570 4681 794 4757 tolerantiam
809 4676 890 4757 Dei.
924 4677 1025 4768 Item,
1051 4682 1197 4753 sibicu-
1249 4682 1344 4753 Deus
1373 4685 1452 4756 vult
1481 4709 1605 4755 omnes
1638 4681 1802 4756 homines
1830 4686 1945 4756 salvos
1976 4686 2077 4774 lieri,
2111 4688 2231 4768 idest,

216 4792 352 4863 mulare
376 4787 477 4857 iram.
1251 4784 1409 4878 aequalis
1431 4798 1482 4857 est
1504 4786 1689 4872 omnibns,
1716 4789 1812 4858 iuxta
1832 4811 2034 4858 mensuram
2053 4812 2163 4885 qnam
2182 4788 2253 4875 in·¹

1250 4886 1378 4960 stituit.
1443 4882 1491 4961 Et
1515 4889 1612 4982 quod
1645 4890 1687 4955 ad
1715 4888 1824 4979 ipsius
1848 4888 2072 4961 voluntatem
2103 4889 2232 4967 attinet,

1250 4987 1329 5058 vult
1350 4978 1519 5057 Omnes
1551 4984 1715 5058 homines
1738 4989 1852 5059 salvos
1875 4990 2010 5076 lacere,
2050 4993 2114 5063 sed
2135 4988 2234 5063 mdti

315 5088 576 5180 Relinquamus
606 5105 729 5153 omnes
766 5082 966 5173 praestigias
1003 5078 1200 5177 sophisma·
1251 5111 1314 5159 sna
1337 5088 1441 5181 culpa
1457 5090 1616 5160 oblatum
1636 5090 1933 5173 beueliciumnon
1949 5091 2212 5184 accipiuntetc.

217 5211 310 5276 tum,
338 5205 373 5263 et
389 5208 617 5281 agnoscamus
631 5178 776 5274 phrasin
793 5183 894 5271 legis.
954 5182 1094 5256 Reddet
1116 5183 1199 5255 uni·
1355 5186 1452 5259 llaec
1470 5206 1520 5261 εει
1534 5212 1661 5279 magna
1677 5205 1712 5262 et
1726 5192 1919 5263 necessaria
1933 5194 2144 5276 consolatio,
2159 5192 2248 5287 quie,

220 5298 345 5387 cuique
359 5294 454 5362 iuxta
471 5310 577 5388 opera
591 5308 665 5372 sua,
681 5284 718 5355 id
733 5295 795 5375 cst,
813 5283 965 5355 iniustos
979 5286 1105 5358 afficiet
1117 5310 1198 5382 poe·
1253 5291 1291 5361 in
1309 5290 1471 5363 omnium
1490 5288 1677 5364 hominnm
1699 5293 1882 5364 mentibus
1906 5317 2034 5387 magna
2058 5309 2112 5367 est
2133 5294 2234 5389 trepi-

353 4945 498 5025 Reddas
514 4945 708 5046 uuicuique
724 4948 834 5018 iuxta
851 4969 960 5043 opera
983 4971 1066 5022 sua.
