4522 5782
184 154 301 258 ast·
765 157 1045 255 aurnuns,
1081 155 1628 255 sustenementum.
2136 158 2213 263 aa

190 335 332 423 dicant,
357 332 494 405 iusticia
518 330 731 403 universalis
751 344 804 403 est
826 331 1029 403 obedientis
1050 345 1171 404 nostra
1226 332 1444 406 dictumest.
1476 329 1559 405 Non
1574 331 1669 402 enim
1685 343 1823 409 tantum
1838 327 2030 415 noticiam.
2055 349 2119 403 teo
2132 352 2210 425 pso-

193 445 288 512 insta
302 461 425 515 omnes
440 437 543 525 leges.
595 433 694 505 Haec
717 433 877 505 delinitio
899 434 1067 507 describit
1087 435 1174 525 legis
1226 435 1413 505 sessionem
1440 435 1622 505 doctrinae
1639 435 1823 524 bgnibcat,
1848 435 1910 505 sed
1933 428 2124 525 fiduciata,
2145 454 2208 527 que

193 540 386 624 iusticiam,
411 563 501 633 quae
516 560 633 628 neque
656 536 770 605 adlert
791 535 1034 608 remissionem
1051 561 1176 631 pecca·
1229 537 1500 628 promissionem
1516 538 1708 628 accipimus
1725 551 1760 607 et
1777 535 2034 629 acquiescimus
2055 532 2095 603 in
2110 528 2208 605 nrbe-

194 658 332 727 torom,
356 664 473 734 neque
487 639 582 709 tollit
600 652 779 731 peccatum
794 652 854 708 aut
869 652 1029 714 mortem.
1090 637 1174 708 ldeo
1229 639 1380 708 ricordia
1397 635 1484 722 Dei,
1511 664 1601 733 quae
1625 640 1662 707 in
1682 639 1917 729 promissione
1933 647 2159 707 ostensaest:
2179 647 2209 727 et

194 744 328 818 Paulus
353 743 459 823 dicit,
492 742 596 811 aliam
620 739 795 810 iusticiam
819 740 857 809 in
882 740 1177 830 promissionibus
1227 741 1279 810 sic
1294 740 1444 829 intelligi
1459 740 1563 812 fidem
1586 741 1626 809 in
1651 741 1726 831 ipsa
1750 740 1956 825 narratione
1971 738 2121 825 Abacuc
2140 760 2209 809 sot

195 871 257 918 seu
274 870 359 916 voce
375 841 561 927 Evangelii
584 841 754 934 proponi,
778 842 868 912 sicut
884 857 917 912 et
933 843 1026 913 infra
1042 842 1177 935 inquit:
1228 842 1398 912 nifastum
1428 855 1493 916 est.
1566 840 1745 936 Loquitur
1773 842 1870 911 enim
1901 844 1945 910 de
1977 838 2209 930 expectatione

194 944 300 1021 Nunc
315 946 453 1017 iusticia
470 944 535 1016 Dei
552 944 772 1017 manifestata
793 955 856 1029 est,
873 944 950 1014 sine
967 946 1053 1035 lege.
1081 943 1178 1013 Haec
1229 940 1407 1027 Messiae,
1428 957 1462 1018 et
1487 942 1709 1015 liberationis
1732 968 1795 1034 per
1817 941 1995 1015 Messinm.
2050 937 2134 1011 lloe
2150 938 2209 1032 igi-

196 1049 345 1131 iusticia,
360 1048 395 1116 id
411 1061 480 1132 est,
494 1045 655 1116 remissio
671 1055 893 1137 peccatorum
906 1061 1050 1138 propter
1065 1046 1178 1116 tilium
1231 1059 1290 1115 tor
1308 1046 1429 1129 seritit:
1455 1043 1570 1115 lustus
1594 1047 1683 1130 fide,
1709 1047 1840 1125 idest,
1863 1043 1993 1115 fiducia
2017 1042 2211 1113 misericor·
2251 1122 2253 1129 ,

195 1152 367 1241 gratuita,
391 1163 427 1220 et
441 1148 632 1237 acceptatio
648 1169 766 1216 coram
784 1146 880 1232 Deo,
907 1172 987 1218 cum
1004 1171 1073 1241 qua
1090 1171 1177 1217 cou-
1232 1147 1310 1217 diae
1329 1165 1472 1238 propter
1486 1145 1651 1217 Messiam
1669 1149 1879 1240 promissae,
1901 1169 1974 1215 uon
1995 1142 2210 1235 opprimetur
2251 1152 2253 1189 ³

195 1258 318 1324 iuncta
340 1264 391 1321 est
419 1250 567 1319 donatio
592 1247 749 1338 Spiritus
777 1249 889 1322 sancti
916 1264 951 1321 et
980 1246 1181 1321 haereditas
1232 1248 1495 1338 desperatione,
1517 1274 1590 1319 nou
1608 1264 1685 1320 ruet
1704 1250 1741 1317 in
1758 1263 1940 1319 aeternum
1957 1245 2133 1330 exitium,
2155 1246 2209 1315 set

194 1356 288 1426 vitae
309 1367 488 1434 aeternae,
514 1354 621 1422 datur
642 1373 718 1421 non
738 1364 883 1445 propter
907 1352 1020 1444 legem
1042 1366 1103 1424 aut
1128 1352 1181 1421 le-

189 1458 245 1547 gis
264 1453 438 1526 iusticiam
453 1467 522 1526 etc.

497 1614 568 1691 Ex
576 1613 659 1715 fide
681 1616 721 1690 s'n
731 1613 864 1715 fidem.

268 1760 388 1832 Simus
404 1757 562 1829 contenti
579 1756 717 1847 vulgari
728 1757 975 1829 enarratione:
1003 1757 1093 1830 Fide
1109 1756 1182 1830 im·

192 1864 346 1959 perlecta
374 1862 412 1929 in
434 1860 675 1931 ardentiorem
698 1873 732 1931 et
753 1856 961 1936 firmiorem.
1021 1859 1117 1953 Quia
1141 1862 1179 1930 in

193 1963 419 2037 invocatione
444 1976 478 2033 et
502 1960 720 2055 quotidianis
751 1962 918 2053 periculis
943 1963 1002 2032 fiat
1026 1965 1181 2033 assensio

193 2065 350 2151 firmior,
374 2075 408 2133 et
428 2062 539 2154 magis
562 2076 775 2147 statuamus,
801 2086 868 2133 nos
885 2061 963 2133 Deo
977 2087 1082 2134 curae
1098 2087 1183 2153 esse,

191 2193 257 2240 nos
281 2178 439 2257 receptos
459 2188 550 2247 esse,
578 2187 643 2234 nos
667 2164 826 2234 exaudiri
849 2179 883 2234 et
901 2166 1073 2255 protegis
1092 2166 1180 2254 Deo,

189 2285 384 2344 statuamus
399 2267 536 2336 brutios
551 2265 667 2336 Deum
686 2290 768 2334 vere
789 2267 859 2336 sibi
882 2268 1048 2356 colligere
1070 2283 1184 2339 aeter-

191 2397 275 2444 nam
292 2369 485 2441 Ecclesiam
503 2391 588 2437 eoce
602 2367 810 2455 Evangelii,
835 2383 872 2440 et
893 2393 959 2439 nos
976 2393 1058 2438 vere
1074 2395 1184 2441 mem-

193 2479 257 2546 bra
283 2495 358 2541 esse
384 2469 481 2539 illius
505 2483 666 2539 aeternae
683 2464 883 2554 Ecclesiae,
921 2482 956 2540 et
985 2471 1090 2541 nobis
1120 2475 1187 2542 ad-

192 2600 267 2645 esse
288 2572 423 2657 Deum,
461 2570 599 2642 etiamsi
629 2566 865 2642 horribilibus
895 2573 1074 2642 aerumnis
1103 2596 1186 2667 pre·

190 2699 334 2748 misour.

295 2774 369 2848 Atti
389 2773 689 2864 interpretantur:
717 2768 771 2843 Ex
786 2772 855 2842 bde
873 2788 1012 2864 patrum
1030 2787 1111 2847 ante
1129 2799 1187 2845 re-

193 2878 447 2953 surrectionem
473 2873 629 2960 Christi,
668 2873 706 2944 in
736 2875 841 2943 fidem
870 2891 1073 2947 sanctorum
1106 2890 1186 2969 post

148 3072 151 3083 Ι
193 2982 506 3063 resurrectionem,
531 2976 615 3070 qnia
632 2990 705 3048 tota
725 2975 882 3048 Ecclesia
902 2980 1071 3049 omnibus
1094 2993 1184 3049 tem-

1232 1352 1489 1423 sustentabitur
1517 1347 1584 1421 bac
1613 1375 1695 1421 vera
1727 1348 1990 1434 consolatione,
2032 1372 2101 1417 nec
2121 1346 2211 1419 tetta

1234 1478 1316 1523 eum
1336 1452 1548 1542 expectatio,
1573 1455 1632 1524 scd
1651 1451 1749 1524 Deus
1769 1454 1969 1522 credentem
1985 1449 2155 1523 navabit.
2249 1454 2253 1533 ,ἲ

1337 1552 1406 1625 Hic
1420 1578 1542 1624 rursus
1557 1555 1662 1626 astuti
1678 1555 1824 1649 quidam
1840 1574 1953 1623 noros
1968 1550 2148 1622 tumultus
2159 1572 2212 1621 en
2251 1624 2253 1631 ,

1232 1656 1354 1738 citant,
1381 1658 1534 1728 clamant
1551 1657 1701 1727 Paolum
1716 1657 1832 1726 aliena
1846 1655 1940 1725 dicta
1955 1655 2000 1723 ad
2018 1676 2120 1723 suam
2136 1676 2211 1725 eao-

1233 1782 1307 1829 sam
1324 1763 1545 1851 detorquere.
1593 1753 1763 1830 Abrahae
1787 1755 2009 1847 promittitur
2024 1757 2211 1844 posteritas

1233 1860 1422 1954 inquiunt:
1448 1859 1549 1933 Sicut
1564 1858 1728 1930 Gedeoni
1745 1857 1903 1931 victoria.
1957 1855 2057 1947 Quid
2077 1851 2211 1925 hsecsd

1234 1964 1477 2032 retnissionem
1502 1978 1746 2053 peccatorum,
1772 1985 1834 2030 seu
1859 1962 1902 2028 ad
1930 1956 2138 2028 iusticiam?
2165 1956 2211 2029 lte

1235 2060 1300 2135 hac
1316 2063 1471 2155 speciosa
1484 2059 1758 2155 reprehensione
1782 2085 1920 2132 necesse
1943 2074 1996 2131 est
2021 2060 2102 2152 pias
2122 2081 2212 2129 moa

1234 2181 1287 2237 tes
1306 2182 1399 2238 recte
1424 2165 1571 2241 erudiri.
1624 2161 1676 2237 Ac
1697 2164 1853 2257 primum
1876 2163 1989 2233 sciant
2012 2184 2139 2232 omnes
2161 2159 2212 2252 pii,

1235 2292 1373 2361 semper
1396 2268 1434 2337 io
1459 2269 1555 2353 fide,
1595 2291 1798 2362 quanquam
1829 2264 2029 2356 corporalia
2053 2259 2211 2333 benebde

1234 2386 1417 2464 petuntur,
1441 2384 1604 2461 oportere
1622 2371 1823 2460 praelucere
1839 2367 1962 2448 fidem,
1985 2389 2081 2459 quae
2095 2363 2221 2456 accipit-,¹

1234 2472 1475 2541 remissionem
1490 2486 1732 2565 peccatorum,
1757 2483 1790 2539 et
1808 2466 2140 2538 reconciliationem
2160 2486 2213 2536 seo

1235 2575 1504 2664 imputationem
1522 2573 1692 2647 iusticias.
1743 2567 1860 2642 David
1880 2592 1953 2638 nou
1970 2580 2089 2659 potest
2107 2582 2213 2659 petere

1235 2676 1290 2743 vel
1316 2690 1497 2764 expectare
1528 2675 1733 2758 victoriam,
1774 2673 1888 2741 donec
1917 2693 2019 2739 mens
2046 2668 2214 2739 existimat
2250 2658 2253 2669 ⁴

1236 2778 1335 2846 irasci
1360 2778 1496 2861 Deum,
1528 2791 1562 2846 et
1583 2775 1720 2870 trepida
1755 2798 1796 2843 ac
1823 2772 1978 2861 fugitans
2009 2794 2086 2840 non
2119 2769 2213 2839 audet

1234 2892 1415 2967 expectare
1430 2878 1612 2949 auxilium.
1656 2875 1804 2947 Necesse
1820 2888 1871 2945 est
1890 2873 1999 2961 igitur
2011 2873 2214 2964 praecedere

1234 2982 1397 3049 fiduciam
1431 2979 1712 3064 misericordiae,
1741 2977 1938 3070 etquidem
1968 2974 2212 3063 promissiones

193 3084 368 3180 poribus,
408 3082 493 3150 inde
522 3104 635 3173 usque
665 3079 711 3149 ab
735 3076 878 3161 Adam,
920 3082 1043 3151 eodem
1076 3083 1185 3151 modo
1235 3081 1434 3174 corporales
1458 3106 1581 3151 omnes
1603 3095 1748 3172 propter
1766 3076 1998 3171 principalem
2017 3075 2215 3167 promissio·

193 3185 405 3258 iustihcatur
431 3197 465 3254 et
487 3183 666 3265 salvator,
696 3180 831 3253 scilicet
857 3182 985 3252 fiducia
1011 3185 1185 3253 mediato·
1234 3208 1315 3253 nem
1335 3186 1378 3252 de
1395 3181 1525 3253 Messio
1548 3198 1581 3254 ct
1601 3187 1703 3253 datae
1719 3194 1802 3253 sunt
1818 3193 1853 3250 et
1871 3178 2008 3261 valent,
2035 3179 2121 3268 quia
2140 3199 2213 3268 pro·

193 3291 266 3371 ris,
297 3309 371 3355 non
395 3296 538 3375 propter
565 3282 809 3372 impletionem
835 3284 935 3374 legis.
996 3280 1044 3354 Et
1067 3298 1184 3354 tamen
1236 3299 1314 3378 pter
1329 3286 1559 3355 mediatorem
1576 3285 1852 3355 intercedentem
1876 3305 1942 3380 pro
1965 3279 2072 3347 nobis
2095 3281 2216 3347 dantur

195 3387 264 3460 hoc
293 3386 483 3456 discrimen
508 3384 807 3454 considerandum
834 3401 896 3456 est.
969 3384 1027 3454 llli
1058 3400 1185 3456 ventu·
1235 3388 1355 3457 omnia
1374 3388 1478 3456 bona.
1530 3383 1582 3457 Ac
1598 3402 1713 3479 patres
1729 3381 1976 3455 universaliter
1991 3402 2120 3450 omnes
2140 3402 2214 3471 pro·

195 3514 276 3562 rom
302 3486 469 3557 Messiam
499 3485 757 3576 agnoscebant,
799 3510 865 3557 nos
888 3481 1087 3558 exhibitum
1111 3510 1185 3557 esse
1235 3489 1420 3557 missiones
1435 3491 1478 3556 ad
1497 3489 1645 3575 primam
1665 3487 1763 3555 illam
1780 3498 1815 3555 et
1839 3483 2062 3574 praecipuam
2088 3483 2212 3551 relere-

196 3593 339 3664 scimus.
1238 3591 1336 3660 bant.
1390 3588 1560 3659 Petebant
1579 3605 1613 3660 et
1628 3586 1856 3681 expectabant
1882 3583 2081 3653 necessaria
2104 3581 2215 3651 omnia

300 3687 414 3760 Addit
436 3687 674 3781 propositioni
697 3690 741 3758 de
766 3689 904 3760 iusticia
922 3690 1004 3759 bdei
1027 3689 1185 3762 testimo-
1239 3706 1383 3782 propter
1406 3690 1592 3771 Messiam,
1634 3705 1778 3782 propter
1803 3702 1907 3780 'quem
1931 3701 1963 3756 et
1994 3686 2216 3775 populomel
2242 3726 2253 3777 ,ι

197 3796 297 3866 nium
321 3786 544 3875 exAbacuc,
569 3791 666 3884 quod
689 3803 722 3860 et
744 3791 831 3860 alibi
854 3794 959 3873 citat,
985 3816 1025 3863 ac
1050 3791 1186 3882 perspi·
1236 3792 1430 3864 Ecclesiam
1447 3791 1513 3861 Dei
1530 3817 1566 3861 se
1580 3815 1653 3860 esse
1671 3793 1837 3861 sciebant.
1892 3786 1942 3856 lta
1964 3785 2215 3875 inprecatione

199 3920 264 3967 cue
283 3896 320 3962 in
338 3890 496 3989 Galatis,
521 3891 672 3984 opponit
692 3893 850 3962 iustitiae
871 3894 975 3983 legis,
1000 3894 1184 3985 inquiens:
1237 3893 1426 3966 Dominica
1443 3918 1602 3985 expresse
1621 3894 1804 3983 copulatae
1828 3903 1911 3959 sunt
1935 3888 2127 3979 petitiones
2146 3908 2216 3956 cor·
2236 3932 2247 3955 f

200 3997 309 4088 Quod
336 3994 552 4085 autem'lege
574 4018 678 4064 nemo
706 3993 932 4080 iustificetur,
958 3996 1183 4064 manifestum
1238 3997 1412 4088 puralium
1428 4009 1460 4065 et
1474 3995 1711 4089 spiritualium
1736 3991 2001 4063 beneficiorum.
2056 3985 2253 4085 Campe-,²

200 4115 270 4181 est,
294 4097 376 4191 quia
394 4097 505 4164 iustus
525 4096 594 4164 fide
609 4095 708 4167 vivit.
759 4094 967 4166 Lexaotem
986 4112 1185 4169 nonestex
1236 4099 1345 4169 timus
1370 4122 1517 4189 panem,
1553 4121 1633 4166 mox
1664 4093 1877 4165 conscientia
1905 4090 2110 4180 obstrepit:
2151 4086 2251 4189 Cnti

200 4199 290 4281 lide,
317 4199 378 4266 sed
395 4198 669 4288 quileceritea,
695 4197 987 4272 vivetineisetc.
1034 4197 1076 4268 ln
1093 4194 1186 4268 hanc
1239 4200 1347 4290 petis,
1378 4224 1457 4269 eum
1482 4199 1529 4267 sis
1554 4196 1754 4286 indignus?
1789 4192 1927 4285 ⁴Addita
1952 4206 2004 4262 est
2031 4192 2142 4282 igitur
2164 4213 2216 4259 ex·

201 4294 369 4370 antithesi
396 4298 529 4368 Paulus
558 4300 689 4369 diserte
716 4299 862 4392 inquit,
900 4301 1077 4370 neminem
1110 4301 1185 4389 lege
1239 4325 1355 4392 pressa
1378 4301 1525 4393 petitio:
1563 4299 1719 4373 Remitte
1744 4297 1848 4367 nobis
1871 4295 1989 4364 debita
2014 4309 2138 4363 nostra
2159 4305 2216 4361 ete.
2239 4354 2253 4379 „

202 4402 395 4474 iustificari.
448 4398 507 4472 Sic
529 4400 637 4490 igitur
659 4401 783 4485 sentit,
810 4403 1010 4472 credentem
1035 4402 1104 4471 fide
1128 4401 1184 4471 iu·
1238 4403 1386 4492 Semper
1408 4403 1516 4493 igitur
1542 4401 1736 4492 praeluceat
1763 4395 1846 4467 haec
1869 4398 1975 4477 fides,
2000 4411 2159 4465 statuens
2180 4394 2220 4463 de
2250 4462 2253 4473 ,

202 4519 317 4582 stum,
350 4503 481 4577 idest.
516 4515 698 4592 acceptum
720 4499 797 4572 Deo
817 4526 910 4587 esse,
946 4517 981 4574 et
1004 4502 1186 4572 vivificari.
1239 4506 1446 4574 remissione
1463 4517 1703 4595 peccatorum,
1729 4517 1763 4571 et
1785 4501 1822 4567 in
1848 4498 2057 4592 quotidiana
2082 4498 2218 4567 invoca·

201 4602 250 4679 Et
266 4601 351 4674 haec
366 4604 440 4694 ipsa
456 4598 645 4686 ἀντίθεσις
662 4605 700 4672 in
716 4603 827 4673 Paulo
844 4606 973 4676 refutat
987 4604 1184 4676 calomnio-
1239 4610 1338 4677 tione
1363 4601 1447 4674 haec
1471 4605 1663 4674 trecessaria
1689 4603 1850 4673 doctrina
1874 4614 2088 4668 exerceatur.
2142 4594 2239 4683 volt,

203 4730 259 4779 sss
275 4706 601 4798 interpretationes,
618 4705 829 4794 excogitatas
842 4722 964 4776 contra
983 4706 1083 4777 Pauli
1103 4730 1185 4775 sen·
1239 4709 1338 4779 Deos
1360 4709 1409 4776 sic
1433 4708 1500 4775 coli
1520 4706 1707 4798 petitione,
1733 4728 1793 4797 spe
1810 4716 1845 4797 et
1862 4702 2106 4792 expectatione
2121 4696 2220 4789 spiri-

177 4809 370 4891 .tentiam,
397 4808 511 4900 qualis
527 4803 612 4876 haec
636 4821 703 4875 est:
727 4803 844 4876 lostus
862 4809 993 4879 scilicet
1018 4809 1187 4901 operibus
1240 4811 1389 4879 tualium
1408 4823 1442 4879 et
1457 4808 1693 4900 corporalium
1716 4807 1912 4884 bonorum,
1940 4819 1970 4870 et
1989 4805 2136 4897 quidem
2153 4797 2222 4871 cult

202 4925 321 5006 postea
340 4911 470 5002 placet,
497 4932 577 4976 com
592 4909 723 4978 accedit
738 4910 841 4996 fides,
868 4910 903 4979 id
920 4925 990 4995 est,
1015 4909 1185 5002 professio
1237 4910 1276 4979 in
1290 4910 1462 5002 petitione
1477 4908 1714 5001 corporalium
1731 4907 1836 4976 simul
1854 4906 1973 4974 locere
1990 4907 2120 4989 lidesn,
2137 4923 2220 4996 quae

109 5098 115 5107 ,
202 5012 397 5084 doctrinae.
479 5006 575 5078 Haec
606 5012 804 5101 corruptela
834 5026 967 5103 pugnat
998 5036 1078 5081 cnm
1109 5013 1186 5102 ipso
1239 5014 1361 5082 statuit
1386 5016 1430 5080 de
1452 5012 1658 5081 remissione
1675 5024 1907 5102 peccatorum.
1960 5006 2014 5075 De
2039 5000 2108 5076 hoc
2130 5002 2222 5075 culto

200 5114 332 5196 Paulo,
374 5112 455 5206 qnia
488 5110 689 5202 praefatur,
723 5136 828 5182 nemo
862 5113 937 5203 lege
966 5114 1186 5186 iustihcatur.
1239 5116 1444 5210 pugnabant
1464 5109 1660 5204 Prophetae
1676 5136 1755 5180 cum
1774 5106 1978 5204 hypocritis.
2016 5170 2026 5179 .

201 5215 269 5285 Sed
292 5213 350 5284 hic
367 5236 504 5283 necesse
528 5226 578 5282 est
602 5214 791 5298 constitui,
817 5214 903 5306 quid
929 5214 1100 5302 significet
1122 5241 1187 5283 vo·
1341 5212 1416 5285 Etsi
1431 5227 1547 5283 autem
1564 5214 1735 5282 differunt
1753 5210 1892 5300 negotia
1910 5205 2223 5279 exteroaAhrahae

201 5317 366 5387 rabulum
411 5313 537 5402 Fides,
573 5315 617 5384 de
648 5339 720 5408 quo
748 5339 854 5409 supra
899 5329 933 5387 ct
968 5316 1055 5385 alibi
1086 5339 1187 5407 saepe
1238 5330 1272 5388 et
1291 5313 1653 5408 Gedeonis,Davidis
1670 5311 1897 5408 praeliantis,
1923 5326 1956 5382 et
1973 5309 2134 5381 mulieris
2149 5331 2248 5401 par·‚
