4522 5782
80 204 144 293 ιιι
247 213 351 291 xus
398 219 437 294 e.
469 198 835 294 cou'ummnu
861 152 1649 327 rnnusr.runu1'‘tnnobrauos.
1700 213 1806 295 cur.
1831 216 1944 331 xvr.
2034 162 2112 301 ut

80 376 434 477 OEsmsto'crcditnus,
457 385 516 464 hic
533 392 753 464 declaremus
770 392 874 462 tidem
897 407 1067 476 nostram,
1117 393 1268 473 victum,
1304 391 1374 463 uisi
1398 394 1441 461 de
1470 393 1638 484 publico,
1678 387 1808 465 habere
1838 419 1912 467 non
1945 414 2103 489 possunt.

80 488 192 565 sthac
206 514 268 588 spe
282 490 473 593 humanius
488 508 522 564 et
537 493 721 564 liberalius
742 507 933 568 tractemus
952 519 1065 565 sacer·
1117 491 1200 564 ldeo
1225 492 1359 564 Paulus
1391 496 1597 584 gravissime
1627 496 1743 581 dixit,
1784 522 1992 588 comparans
2023 524 2103 575 cum

80 600 193 680 lotes,
232 608 454 688 expectantes
482 590 664 667 Christum
695 590 792 669 haud
824 597 934 669 dubie
962 597 1065 673 uobis
1116 596 1291 687 militibus
1317 591 1412 669 hunc
1441 599 1630 683 ordinem,
1671 612 1748 668 tum
1772 602 1992 688 docentium,
2026 612 2103 671 tuui

80 698 251 768 tumulate
264 696 487 768 redditurum
510 719 583 767 esse
599 698 760 788 gratiam.
1114 698 1342 768 discentium:
1370 698 1481 770 Nemo
1498 701 1627 771 militat
1642 700 1715 771 suis
1728 702 1926 791 stipendiis.
1980 700 2102 792 Sigui-
2188 782 2191 787 ,

174 797 257 870 Ηοε
278 799 385 870 officii
416 820 528 888 genus
555 813 710 872 meretur
738 800 851 872 multa
871 816 905 871 et
936 824 1062 891 magna
1112 796 1191 870 ficat
1207 800 1300 868 enim
1318 802 1469 892 publicis
1486 802 1672 894 stipendiis
1687 802 1835 873 alendos
1851 827 1923 874 esse
1938 799 2017 890 hos,
2040 807 2102 898 qui

80 901 246 983 sraemia,
271 914 348 974 tum
366 900 583 993 spiritualia,
609 915 684 974 tum
699 903 917 996 corporalia,
941 928 1060 995 pacem
1111 896 1287 973 Ecclesiae
1307 903 1479 977 serviunt.

80 1003 272 1089 sublieam,
301 1003 505 1075 facultatum
529 1015 731 1074 nostrarum
754 1006 992 1089 incrementa,
1028 1020 1061 1073 et
1215 1000 1282 1072 Sed
1303 999 1389 1075 haec
1404 1006 1534 1076 frustra
1550 1007 1786 1081 declamemus
1811 1001 1867 1076 bis
1893 1008 2102 1079 miserrimis
2147 1082 2157 1100 ‚

80 1100 334 1185 telensionem,
367 1106 458 1175 sicut
488 1101 621 1176 Paulus
652 1108 755 1178 docet
785 1109 819 1177 2.
842 1103 1062 1181 Corinthii.
1111 1106 1340 1194 temporibus,
1357 1108 1487 1199 quibus
1503 1108 1591 1178 iacet
1603 1109 1967 1201 oppressamultiplici
1980 1124 2102 1203 tyran·

80 1202 113 1275 lt
130 1219 275 1276 econtra
290 1200 398 1279 huius
413 1206 520 1276 officii
540 1208 796 1295 praetermissio
814 1210 962 1299 punitur
978 1233 1058 1299 gra·
1111 1205 1195 1275 nide
1211 1207 1334 1296 religio
1345 1204 1562 1281 Christiana.
1595 1207 1690 1279 Boni
1702 1223 1819 1297 tamen
1834 1205 1900 1279 hoc
1911 1214 2021 1301 magis
2037 1215 2101 1281 ad-

80 1306 382 1398 rissimispoenis,
407 1307 501 1379 utin
520 1304 685 1399 Haggaeo
704 1310 954 1401 scriptumest:
987 1306 1061 1381 Ubi
1110 1309 1385 1395 monendisunt,
1401 1335 1446 1380 ne
1462 1312 1629 1401 exemplis
1645 1310 1962 1397 illisadducantur,
1978 1327 2014 1382 ut
2032 1313 2100 1401 ipsi

80 1407 166 1478 leus
183 1410 265 1480 ideo
280 1424 462 1505 corruptas
484 1432 557 1479 esse
581 1426 713 1498 segetes
735 1412 873 1505 inquit,
900 1426 935 1483 et
960 1436 1060 1503 prae·
1109 1433 1251 1505 quoque
1269 1435 1391 1501 parum
1408 1429 1610 1484 reverenter
1622 1416 1834 1499 sentiantde
1848 1416 2100 1488 sacerdotibus.

80 1532 163 1580 ersa
178 1510 267 1581 alias
281 1510 495 1584 calamitates
510 1512 697 1599 accidisse,
724 1514 806 1606 quia
826 1514 979 1606 populus
997 1538 1059 1583 ne-
1109 1508 1275 1584 Vidimus
1298 1515 1394 1583 euim
1416 1528 1590 1607 quantum
1615 1510 1702 1585 haec
1724 1516 1883 1605 exempla
1906 1516 2013 1604 vulgo
2031 1516 2099 1584 no'-

80 1612 179 1702 :ligat
194 1608 385 1702 Templum
407 1627 442 1684 et
467 1610 685 1687 Sacerdotes.
738 1613 837 1685 Haec
861 1617 955 1685 enim
977 1630 1059 1686 sunt
1110 1627 1221 1689 ceant.
1263 1610 1399 1705 ,Quare
1416 1611 1501 1687 haec
1524 1617 1629 1688 nobis
1651 1617 1721 1709 ipsi
1738 1640 1840 1707 saepe
1856 1617 2097 1700 subiiciemus,

80 1714 194 1783 rerba:
228 1711 322 1803 Quia
338 1716 464 1785 domus
479 1737 555 1785 mea
571 1717 781 1807 negligitur,
808 1732 841 1788 et
858 1742 920 1787 vos
935 1741 1059 1789 cumu-
1110 1738 1213 1806 saepe
1229 1709 1316 1787 haee
1331 1718 1547 1790 inculcemus
1562 1721 1715 1811 populo:
1741 1715 1874 1808 Magna
1888 1741 1954 1789 nos
1969 1718 2097 1789 mereri

80 1814 147 1883 atis
163 1817 409 1910 unusquisque
426 1816 523 1886 domi
540 1841 635 1888 suae.
686 1817 837 1910 Propter
863 1812 931 1889 hoc
955 1844 1060 1910 super
1109 1810 1282 1908 praemia,
1307 1820 1336 1888 si
1354 1824 1549 1891 sacerdotes
1565 1822 1716 1911 benigne
1734 1832 1942 1910 tractemus,
1967 1842 2027 1893 eos
2041 1820 2098 1891 iu·

80 1938 128 1986 'os
163 1912 338 2021 prohibiti
372 1932 458 1991 sunt
491 1919 600 2004 coeli,
634 1944 678 1991 ne
713 1924 838 1990 darent
869 1945 986 1990 rorem
1026 1937 1059 1993 er
1110 1943 1248 1999 semus,
1276 1920 1306 1988 si
1322 1916 1456 1991 Christi
1474 1923 1670 1992 doctrinam
1698 1921 1849 1991 fideliter
1873 1923 1916 1991 ad
1939 1935 2097 2011 posteros

80 2036 160 2088 erra
177 2015 361 2109 prohibita
378 2034 449 2100 est,
475 2044 520 2088 ιιε
537 2022 634 2090 daret
651 2044 813 2109 germen,
840 2037 905 2096 etc.
1110 2022 1292 2112 prapagari
1308 2045 1489 2108 curemus,
1521 2037 1554 2096 et
1580 2019 1771 2115 horribiles
1785 2045 1919 2114 poenas
1935 2018 2013 2092 Deo
2031 2025 2096 2092 da-

171 2117 272 2208 Quid
288 2136 403 2192 autem
421 2145 517 2193 nunc
537 2123 598 2210 tit?
631 2123 839 2195 Sacerdotes
856 2124 942 2194 alibi
962 2125 1058 2216 plus·
1109 2135 1208 2192 turos
1224 2144 1298 2192 esse
1314 2120 1443 2207 iustos,
1464 2126 1530 2218 'qui
1548 2125 1706 2213 crudeles
1729 2122 1866 2215 suntin
1885 2125 2093 2213 sacerdotes,

80 2245 174 2314 {uam
192 2219 357 2316 Scythica
374 2224 582 2294 crudelitate
598 2227 840 2315 trucidantur,
866 2227 951 2295 alibi
969 2251 1059 2318 pene
1109 2224 1171 2319 qui
1188 2238 1351 2294 recusant
1370 2226 1485 2296 studia
1504 2226 1685 2297 doctrinae
1701 2220 1926 2296 Christianae
1942 2226 2073 2294 iuvare.

80 2337 244 2414 :aguntur
264 2325 356 2394 same
379 2327 494 2416 perire
523 2351 604 2396 curn
625 2328 763 2397 miseris
788 2329 998 2418 coniugibus
1024 2343 1055 2398 et
1161 2368 1165 2375 ·
1210 2324 1375 2395 Vicissim
1392 2340 1425 2396 et
1441 2328 1496 2397 sui
1518 2329 1625 2398 officii
1644 2326 1872 2398 meminerint
1888 2328 2096 2409 sacerdotes,

80 2424 187 2494 urvis
206 2424 341 2497 liberis.
392 2425 551 2518 Populus
573 2452 649 2497 nou
673 2430 787 2498 solum
813 2432 858 2499 de
881 2454 945 2499 suo
964 2426 1054 2498 uibil
1106 2441 1146 2499 ut
1169 2440 1261 2497 recte
1284 2431 1450 2512 doceant,
1477 2444 1515 2500 ut
1539 2429 1770 2500 conscientias
1792 2429 2008 2518 ambigentes
2034 2450 2092 2495 sa-.

84 2525 228 2616 mpertit
244 2527 314 2613 eis,
340 2531 399 2599 sed
424 2529 528 2599 etiam
552 2531 760 2621 peusiones,
787 2556 876 2624 quae
899 2532 1055 2600 liberali·
1106 2542 1211 2612 nent,
1235 2543 1274 2598 nt
1289 2531 1538 2601 commoditate
1553 2556 1692 2600 morum
1708 2526 2091 2616 ornentEvangelinm.

80 2641 139 2697 ‚ate
153 2629 330 2698 maiorum
347 2625 514 2701 Ecclesiis
537 2632 689 2702 donatae
711 2648 813 2716 sunt,
840 2636 884 2703 ad
909 2633 1055 2702 alendos
1106 2627 1188 2699 Non
1210 2631 1305 2698 enim
1329 2632 1447 2700 vocari
1464 2635 1662 2703 sacerdotes
1678 2644 1870 2703 merentur.
1923 2627 2091 2721 Epicurei

80 2742 103 2798 a
132 2729 298 2799 doctores
326 2743 361 2803 et
392 2726 619 2802 scholasticos
653 2758 831 2803 sacrarum
864 2735 1056 2819 literarum,
1105 2730 1164 2801 isti
1187 2732 1249 2823 qui
1275 2756 1348 2801 uon
1371 2733 1485 2803 solum
1514 2757 1587 2803 non
1609 2730 2004 2822 doceutEvangelium,
2030 2735 2092 2800 sed

80 2830 169 2899 bede
191 2830 327 2923 diripit.
373 2829 454 2921 Qua
469 2833 507 2902 in
522 2857 560 2902 re
575 2836 703 2926 duplex
719 2836 849 2906 malum
871 2852 943 2906 est:
972 2861 1053 2904 uam
1104 2833 1258 2902 suaviter
1273 2832 1423 2904 irrident
1438 2859 1560 2905 omnes
1576 2835 1781 2926 religiones,
1818 2848 1852 2905 et
1876 2833 2016 2906 interim
2038 2855 2093 2901 sa-

80 2943 102 3001 ct
122 2945 323 3024 praesentes
351 2937 547 3005 sacerdotes
570 2937 662 3005 same
694 2951 881 3022 necantur,
914 2953 947 3007 et
970 2937 1053 3029 quia
1104 2957 1162 3003 cra
1178 2934 1217 3004 in
1234 2928 1381 3027 quaestu
1395 2931 1538 3012 habeut.

80 3032 162 3103 tulli
182 3035 228 3103 de
251 3033 395 3126 publico
418 3034 584 3121 aluntur,
611 3038 671 3130 qui
688 3038 825 3109 discant
841 3062 954 3108 sacras
970 3039 1051 3108 lite-

80 3156 142 3226 as,
169 3136 276 3224 paulo
298 3149 378 3228 post
397 3137 554 3207 defuturi
576 3154 660 3209 sunt
680 3134 846 3208 homines
868 3141 988 3209 idonei
1007 3142 1050 3209 ad

80 3229 244 3307 leetesias
273 3239 459 3312 docendas.
523 3237 574 3307 Ea
602 3264 656 3309 res
685 3242 867 3310 interitum
897 3241 1054 3311 minatur
1119 3244 1124 3255 ⁸
1445 3186 1585 3297 caput
1626 3189 1746 3272 XVI·
1797 3332 1802 3341 ι

80 3336 253 3407 aniversae
268 3339 431 3428 religioni
449 3334 682 3414 Christianae.
742 3340 931 3431 Quomodo
957 3343 1051 3411 enim
1204 3334 1282 3406 Hoc
1297 3334 1412 3429 Caput
1436 3339 1507 3407 sere
1533 3350 1646 3407 totum
1671 3338 1893 3408 consumitur
1910 3338 1946 3406 in
1962 3339 2092 3408 saluta·
2181 3350 2188 3368 ·

80 3439 271 3509 :opservari
286 3441 410 3529 religio
433 3442 581 3530 poterit,
613 3445 688 3511 siue
713 3444 894 3514 literarum
918 3445 1054 3525 studiis,
1074 3421 1080 3516 l
1102 3437 1273 3513 tionibus.
1326 3442 1379 3510 Ac
1402 3441 1544 3529 prodest
1564 3435 1631 3509 hoc
1654 3441 1853 3531 exemplum
1882 3440 2091 3524 meminisse,
2197 3487 2203 3495 -

82 3540 142 3608 iue
166 3541 306 3610 idoneis
329 3542 560 3611 doctoribus?
597 3544 644 3613 ita
667 3545 828 3635 sacrilegi
859 3547 937 3628 isti,
978 3570 1051 3612 uon
1103 3543 1269 3609 adversus
1287 3534 1489 3634 hypocritas
1512 3544 1702 3633 quosdam,
1738 3541 1801 3634 qui
1824 3542 1943 3611 omnia
1966 3537 2091 3610 huma·

80 3640 182 3710 olum
208 3664 289 3732 erga
321 3657 519 3732 praesentes
549 3647 747 3715 sacerdotes
777 3649 935 3715 crudeles
958 3662 1053 3730 sunt,
1103 3641 1225 3710 nitatis
1242 3642 1354 3710 officia
1372 3643 1502 3710 sanctis
1525 3643 1709 3722 adimunt,
1735 3667 1814 3712 cum
1839 3643 1981 3734 quidem
2007 3637 2091 3711 haec

82 3747 122 3810 ed
170 3743 275 3812 etiam
316 3743 517 3813 universam
557 3746 764 3836 religionem
803 3745 1054 3830 Christianam,
1101 3742 1248 3811 comitas
1279 3741 1567 3831 significationem
1594 3739 1721 3814 habeat
1744 3739 1968 3812 Christianae
1996 3742 2087 3810 dile·
2194 3754 2200 3761 '

80 3858 241 3935 'uantum
257 3845 295 3913 in
313 3845 399 3936 ipsis
414 3860 484 3930 est,
510 3848 626 3915 delere
643 3861 828 3918 conantur.
1100 3842 1244 3924 ctiouis,
1271 3857 1304 3913 et
1320 3845 1374 3911 vel
1392 3845 1577 3935 praecipue
1594 3846 1713 3913 deceat
1729 3848 1904 3941 doctores.

160 3943 331 4016 Veterum
348 3947 549 4037 principum
563 3949 656 4038 leges
671 3950 906 4019 atrocissimas
922 3973 1052 4039 poenas
1205 3942 1244 4012 ln
1262 3945 1330 4012 fine
1345 3947 1530 4024 admonet,
1559 3969 1603 4013 ne
1617 3947 1816 4026 admittant,
1841 3968 1928 4012 neve
1943 3945 2089 4013 audiant

80 4047 302 4139 nsaerilegia
326 4050 565 4135 constituunt,
590 4074 683 4134 nou,
710 4065 749 4121 ut
771 4052 928 4143 imperiti
952 4052 1050 4119 iudi·
1100 4046 1315 4136 perniciosos
1340 4048 1518 4131 doctores,
1544 4061 1576 4117 et
1594 4061 1747 4116 serentes
1773 4047 1970 4114 doctrinam
2008 4070 2088 4114 cum

80 4161 164 4234 aut,
187 4149 435 4240 superstitione
462 4151 600 4243 aliqua,
626 4149 837 4245 quasiDeus
860 4176 948 4222 auro
974 4150 1049 4240 pla·
1097 4144 1290 4236 Evangelio
1312 4161 1538 4238 pugnantem.
1599 4145 1646 4218 Ut
1677 4150 1771 4216 enim
1799 4146 2088 4245 medicum-cum

80 4251 132 4319 ari
158 4263 194 4321 et
215 4250 285 4320 coli
306 4250 411 4337 velit,
440 4254 500 4319 sed
524 4256 619 4344 quod
641 4253 886 4342 intelligebant
908 4254 1049 4342 sapien·
1098 4250 1250 4318 remedia
1267 4250 1495 4332 monstravit,
1520 4248 1617 4331 iubet
1634 4249 1739 4316 etiam
1770 4271 1892 4316 cavere
1913 4271 1971 4331 ea,
1996 4272 2085 4340 quae

80 4350 187 4420 issimi
212 4352 390 4444 principes
414 4354 459 4421 ad
482 4353 598 4423 studia
622 4354 804 4425 doctrinae
826 4350 1048 4425 Christianae
1099 4351 1265 4418 videntur
1282 4349 1461 4417 nocitura:
1494 4351 1542 4418 ita
1560 4351 1755 4438 Apostolus
1778 4362 1962 4440 postquam
1982 4372 2088 4439 supra
2205 4438 2208 4443 Ι

82 4455 325 4537 onservanda,
364 4450 601 4524 Ecclesiarum
636 4457 818 4527 facultates
846 4456 1048 4526 retinendas
1099 4451 1244 4520 tradidit
1268 4451 1495 4541 praecipuum
1514 4451 1632 4517 locum
1652 4452 1832 4521 doctrinae
1851 4445 2084 4530 Christianae,

80 4575 144 4628 sse.
200 4552 239 4622 ld
263 4555 358 4623 euim
379 4553 613 4646 Reipublicae
636 4558 798 4643 interest,
832 4581 905 4625 non
929 4557 1045 4626 solum
1099 4548 1262 4621 hortatur
1283 4567 1321 4620 ut
1345 4552 1416 4621 siut
1445 4551 1705 4640 circumspecti,
1744 4564 1777 4620 et
1803 4551 2018 4640 advigilent,
2042 4575 2086 4619 ne

83 4669 94 4725 t
119 4655 365 4745 praesentibus
389 4658 630 4728 sacerdotibus
652 4672 796 4729 curetur
822 4660 953 4737 victus,
987 4661 1045 4726 sed
1097 4653 1157 4747 qui
1174 4655 1346 4743 obrepant
1361 4651 1446 4741 ipsis
1465 4654 1627 4720 doctores
1645 4654 1758 4740 impii.

80 4756 163 4826 tiam
181 4769 221 4826 ut
234 4759 395 4827 doctrina
412 4754 613 4829 Christiana
631 4775 843 4852 propagetur
860 4762 903 4828 ad
930 4774 1045 4849 poste·
1198 4750 1244 4823 Et
1268 4767 1307 4823 ut
1329 4776 1451 4821 cavere
1471 4753 1611 4823 facilius
1633 4756 1790 4844 possint,
1825 4767 1915 4824 artes
1941 4755 2087 4844 indicat,

80 4880 131 4931 us.
184 4855 227 4927 ld
252 4858 356 4928 aliter
378 4859 454 4926 fieri
478 4882 552 4928 non
576 4876 707 4951 potest,
740 4862 810 4930 nisi
831 4863 876 4928 de
901 4862 1045 4952 publico
1095 4854 1428 4946 quibusimperitos
1454 4854 1510 4924 isti
1542 4857 1751 4942 impostores
1793 4857 2088 4928 circumveniunt.

79 4960 493 5048 lanturhonaingeuia,
520 4963 691 5032 destinata
715 4963 842 5033 studiis
865 4986 1043 5032 sacrarum
1094 4955 1307 5047 Deripiunt,
1342 4955 1480 5048 iuquit,
1519 4979 1581 5047 per
1613 4954 1881 5058 χρηστολογίας
1900 4952 1962 5027 καὶ
1986 4952 2086 5026 εὐλο-

84 5076 262 5145 terarum,
287 5075 326 5129 ut
350 5064 393 5130 ad
419 5075 575 5149 posteros
597 5063 727 5155 reliqui
752 5064 841 5146 siut,
868 5065 928 5155 qui
952 5077 1045 5132 recte
1095 5052 1191 5156 yc'occ.

80 5186 181 5232 ocere
197 5163 346 5255 possint.
398 5160 543 5231 Necesse
560 5177 610 5232 est
627 5165 722 5231 enim
744 5159 810 5234 hos
833 5167 877 5231 de
902 5164 1042 5254 publico
1195 5151 1470 5254 Χρηστολογίαι
1487 5153 1580 5226 haud
1600 5158 1709 5227 dubie
1726 5158 1919 5247 significant
1937 5156 2087 5225 blandos

80 5263 119 5348 ti,
141 5264 237 5334 sicut
251 5262 393 5346 milites,
417 5262 499 5355 quia
518 5265 602 5332 dum
620 5258 703 5332 huic
719 5266 767 5334 rei
786 5288 928 5352 operam
945 5267 1042 5340 daut,
1094 5282 1285 5330 sermones.
1338 5257 1430 5329 Sunt
1448 5277 1565 5328 antem
1599 5259 1792 5327 blanditiae
1814 5274 1847 5328 et
1869 5260 1906 5326 iu
1929 5259 2086 5325 moribus

80 5388 126 5434 un
142 5363 395 5457 possuntgalias
411 5378 640 5457 quaestuosas
655 5379 745 5438 artes
758 5366 909 5452 discere,
934 5389 1043 5458 quare
1092 5363 1313 5448 docentium,
1358 5373 1391 5431 et
1408 5360 1446 5428 in
1463 5360 1539 5454 ipso
1553 5381 1681 5450 genere
1702 5359 1892 5434 doctrinae.
1942 5353 2086 5429 Etenim
