4522 5782
109 242 186 328 lsi

111 416 296 496 Christum
316 411 464 486 missum
485 430 560 480 esse
582 406 660 481 sine
680 403 789 477 armis
814 417 849 477 et
873 403 981 497 regiis
1004 424 1102 475 exer-

113 525 254 599 ritibus.

213 618 352 706 Tertio,
365 612 561 689 consolatio
575 635 642 711 pro
658 610 866 681 doctoribus
886 623 921 680 et
935 607 1104 678 discenti·

113 728 180 800 bus
198 725 372 806 traditur,
398 720 495 814 quod
512 715 699 796 videlieet,
719 713 810 784 sicut
825 712 939 781 adsuit
958 705 1104 781 Christo

114 844 232 923 pater,
258 828 307 898 ita
325 836 421 894 certo
447 820 633 890 adfuturus
653 817 698 887 sit
713 816 860 909 reliquis
875 813 1105 904 iungentibus

114 930 313 1002 ministerio
337 921 535 1012 Evangelii.
816 1014 825 1032 .
856 1015 865 1032 .
1001 1014 1013 1031 ,

219 1031 370 1122 Quarto,
381 1024 568 1095 necessitas
583 1016 760 1088 serviendi
778 1015 1104 1087 ministeriohvan·

116 1136 200 1226 gelii
215 1159 256 1203 ex
272 1128 340 1202 hoc
355 1130 449 1198 dicto
468 1124 633 1194 discenda
651 1136 720 1204 est,
751 1132 785 1187 et
808 1122 957 1188 taxanda
979 1143 1105 1187 mona-

116 1235 287 1320 chornm,
313 1248 347 1302 et
370 1228 541 1300 similium
567 1222 709 1315 opinio,
732 1219 794 1314 qni
818 1236 944 1310 potant
969 1223 1103 1290 cultum

115 1338 187 1413 Dei
203 1352 263 1408 aut
278 1331 487 1425 sapientiam
505 1348 596 1406 esse,
619 1326 739 1414 lugere
755 1323 932 1413 publicam
950 1322 1105 1392 admini-

118 1442 343 1515 strationem,
368 1448 402 1504 et
416 1434 546 1502 abdere
563 1453 599 1498 se
616 1430 653 1495 in
674 1427 844 1506 latebras,
879 1426 973 1495 iuxta
999 1425 1105 1494 illud:

116 1537 210 1615 λάθε
230 1533 383 1632 βιώσας.
434 1531 526 1604 Cum
554 1543 671 1600 autem
692 1528 788 1596 lilius
809 1522 876 1595 Dei
900 1551 940 1596 ex
963 1550 1024 1598 sua
1047 1549 1105 1597 ar·

115 1669 201 1716 caua
229 1644 310 1712 sede
334 1636 524 1731 prodierit,
554 1645 595 1703 ut
616 1633 776 1713 doceret,
809 1641 842 1698 et
865 1631 983 1699 ederet
1006 1630 1106 1701 testi.

114 1746 235 1818 monia
255 1742 450 1821 doctrinae,
468 1750 508 1806 nt
524 1737 621 1803 lieret
637 1732 790 1815 victima,
807 1743 841 1799 et
857 1731 991 1801 miserit
1008 1731 1106 1821 Apo·

701 226 832 311 rum
856 223 976 307 hffls
1000 226 1211 309 SCRIPTA
1237 224 1548 309 mimica.

1155 400 1409 488 adumbratur,
1433 401 1551 496 qualis
1572 398 1618 473 sit
1634 399 1816 491 generatio
1830 397 1915 490 filii,
1939 415 1975 478 et
1987 404 2088 499 quod
2102 404 2148 478 slt

1157 504 1284 595 imago.
1337 500 1384 576 Et
1401 503 1486 599 quia
1503 502 1599 574 Deus
1614 503 1797 577 vocabulis
1818 506 1934 577 utitur
1955 507 2087 579 sumtis
2107 529 2147 577 ex

1157 601 1311 676 bumana
1330 621 1477 687 natura,
1511 608 1590 678 vult
1605 630 1670 677 nos
1686 601 1779 678 hanc
1797 607 2074 680 similitudinem
2089 631 2146 680 co·

1155 710 1285 798 girare,
1322 722 1362 779 ut
1383 709 1505 802 aliquo
1536 711 1643 779 modo
1674 708 1881 781 discnmina
1910 733 2144 802 personarum

1156 810 1438 882 considerentur.
1490 809 1621 898 Magna
1638 825 1690 882 est
1705 825 1822 882 autem
1840 812 1997 902 dignitas
2020 808 2143 885 buma-

1157 935 1224 981 nae
1238 927 1404 993 naturae,
1422 915 1520 1006 quod
1538 911 1633 984 Deus
1649 909 1712 983 bas
1727 915 1884 1006 picturas
1897 936 1984 987 suae
1997 928 2141 987 naturae

1158 1015 1196 1082 in
1220 1015 1325 1084 nobis
1353 1016 1526 1087 condidit.

1258 1116 1320 1187 Sic
1341 1129 1377 1187 et
1398 1141 1528 1188 nomen
1543 1115 1700 1209 Spiritus
1721 1117 1856 1191 indicat
1876 1117 2002 1213 aliquo
2024 1120 2139 1204 modo,

1156 1218 1252 1287 unde
1268 1224 1454 1309 procedat,
1478 1233 1513 1290 et
1528 1220 1645 1312 qualis
1657 1220 1703 1290 sit
1718 1220 1875 1312 Spiritus
1889 1234 2045 1294 sanctus.
2096 1215 2141 1293 Et

1157 1321 1196 1388 in
1219 1314 1288 1390 boc
1305 1315 1440 1391 Christi
1463 1323 1622 1414 exemplo
1646 1344 1701 1391 res
1722 1336 1788 1393 est·
1804 1323 1998 1408 illustrior,
2035 1336 2079 1395 nt
2105 1322 2141 1394 io

1157 1436 1275 1492 mente
1300 1417 1457 1493 hominis
1479 1439 1562 1493 sunt
1583 1424 1814 1514 cogitationes
1835 1438 1871 1497 et
1893 1425 2069 1515 imagines
2091 1447 2141 1497 re·

1156 1547 1256 1609 rum,
1282 1548 1369 1618 quas
1385 1525 1596 1614 cogitamus:
1631 1526 1737 1597 sicin
1752 1529 1860 1597 corde
1880 1540 1965 1599 sunt
1987 1526 2162 1621 spirituc.

1156 1625 1193 1694 id
1219 1640 1288 1709 est,
1323 1622 1473 1712 balitus,
1504 1641 1539 1697 et
1561 1642 1701 1709 motus,
1733 1641 1775 1700 ut
1799 1630 1837 1698 in
1858 1652 2003 1708 amore,
2036 1633 2141 1701 irael

1154 1727 1235 1796 aliis
1257 1729 1440 1800 aflectibus
1461 1730 1685 1829 experimur,
1709 1731 1772 1800 ubi
1798 1754 1861 1802 cor
1882 1754 2017 1822 magno
2045 1749 2141 1804 moto

116 1848 243 1932 stolos,
271 1859 311 1915 ut
335 1867 377 1912 ex
401 1839 568 1909 omnibus
592 1834 757 1924 gentibus
780 1832 961 1923 colligeret
982 1830 1106 1904 Eccle-
1154 1830 1274 1902 lundit
1298 1833 1456 1922 spiritus.
1512 1832 1560 1905 Ut
1581 1832 1690 1920 igitur
1710 1834 1804 1905 lilius
1825 1832 1895 1905 Dei
1917 1848 1969 1905 est
1991 1832 2140 1924 imagos

116 1945 365 2029 slam,etiamsi
382 1940 449 2013 boc
463 1941 540 2010 sine
557 1937 693 2026 magnis
707 1934 922 2006 tumultibus
938 1936 1015 2004 lieri
1030 1960 1105 2005 non
1155 1947 1272 2002 mente
1293 1933 1410 2024 genita
1429 1960 1438 2006 :
1474 1934 1525 2006 ita
1548 1934 1694 2026 spiritus
1715 1950 1768 2006 est
1787 1959 1807 2005 a
1830 1937 2016 2008 volontate
2035 1936 2140 2027 patris

116 2064 273 2145 poterat,
308 2049 389 2117 ideo
413 2043 518 2113 nobis
541 2063 684 2134 quoque
706 2036 894 2128 praecipit,
928 2048 967 2108 ut
990 2039 1106 2109 vocati
1154 2051 1187 2105 et
1199 2035 1280 2119 lilii,
1304 2058 1365 2106 seu
1379 2060 1480 2106 amor
1493 2060 1556 2108 seu
1569 2034 1700 2107 amoris
1713 2040 1820 2108 ardor
1844 2050 1880 2109 et
1895 2033 2050 2124 halitus,
2073 2062 2139 2132 qsto

116 2158 309 2242 iungamur
332 2145 556 2227 ministeriis,
582 2167 647 2211 nec
671 2142 843 2209 abdamus
865 2164 930 2211 nos
952 2140 991 2208 iu
1017 2141 1106 2213 late·
1154 2160 1191 2205 se
1214 2152 1313 2227 pater
1345 2153 1378 2208 et
1407 2139 1501 2208 lilius
1536 2153 1660 2209 mutuo
1685 2140 1990 2231 complectuntur,
2015 2153 2055 2211 et
2074 2164 2139 2234 qno

116 2260 210 2329 bras.
264 2252 339 2323 Hae
370 2247 629 2320 consolationes
655 2243 723 2334 piis
756 2241 863 2310 utiles
886 2257 987 2325 sunt,
1021 2243 1105 2335 quia
1156 2239 1301 2328 angelos
1334 2254 1367 2310 et
1399 2235 1561 2310 homines
1586 2241 1880 2331 complectuntur.
1936 2241 2022 2313 ldeo
2045 2255 2081 2313 et
2103 2243 2138 2313 io

117 2381 221 2450 saepe
243 2356 347 2425 nobis
370 2353 583 2438 obstrepunt
607 2341 671 2414 hae
696 2344 943 2434 cogitationes,
983 2369 1047 2414 cur
1067 2347 1106 2414 in
1155 2337 1220 2409 hac
1256 2337 1403 2413 historia
1438 2337 1603 2414 Christus
1639 2338 1752 2414 halitu
1785 2344 1933 2435 largitur
1970 2343 2139 2436 Spiritum

117 2458 210 2530 hanc
230 2458 339 2527 aciem
357 2451 510 2523 venisti?
545 2473 608 2520 cur
628 2460 725 2517 tanta
751 2447 846 2514 mole
867 2446 1107 2536 periculorum
1155 2457 1333 2529 sanctum,
1361 2444 1445 2537 quia
1470 2468 1491 2514 a
1513 2445 1697 2515 voluntate
1719 2445 1865 2537 spiritus
1891 2446 2075 2545 procedit,
2107 2459 2139 2517 ct

116 2577 147 2633 et
167 2559 389 2629 miseriarum
404 2565 440 2625 te
455 2551 596 2622 onerari
613 2570 735 2640 passus
752 2548 813 2617 es?
846 2570 910 2618 cur
926 2572 999 2618 non
1015 2549 1107 2637 fugis
1155 2568 1234 2614 ctsm
1259 2546 1442 2617 voluntate
1466 2570 1528 2617 cor
1551 2549 1589 2615 in
1606 2541 1752 2619 Christo
1776 2549 1983 2642 copulatum
1998 2560 2073 2642 est,
2105 2549 2138 2618 in

116 2688 158 2733 ex
174 2658 231 2731 bis
248 2656 426 2730 miseriis?
452 2656 507 2723 vel
523 2654 680 2730 tandem,
706 2651 787 2743 quis
802 2649 901 2721 iuvat
918 2650 977 2720 te?
1027 2648 1107 2721 Ad·
1155 2670 1226 2741 quo
1251 2648 1352 2718 ardet
1375 2671 1477 2718 amor
1499 2672 1579 2739 erga
1602 2672 1680 2722 nos.

116 2787 241 2835 versus
255 2759 318 2833 bas
337 2758 549 2831 tentationes
564 2775 688 2825 omnes
704 2776 926 2844 opponamus
941 2748 1004 2822 bas
1019 2777 1107 2823 con·
1260 2746 1300 2818 ln
1325 2745 1391 2835 hac
1416 2751 1670 2831 similitudine,
1702 2774 1764 2822 seu
1788 2751 1927 2842 pictura
1950 2751 2065 2824 multa
2088 2753 2140 2823 di.

116 2866 325 2938 solationes:
359 2860 460 2934 Sicut
484 2858 578 2928 misit
600 2880 657 2926 me
678 2868 793 2945 pater,
836 2855 885 2924 sic
910 2855 1012 2925 mitto
1033 2879 1108 2931 vos.
1155 2866 1314 2925 seuntur.
1369 2852 1528 2923 Primum
1551 2854 1672 2948 aliquo
1696 2856 1804 2925 modo
1828 2868 2048 2926 monstratur
2071 2856 2139 2927 dis·

113 2969 221 3039 ltem:
250 2965 323 3056 Qui
341 2988 395 3033 me
410 2962 589 3032 consessus
615 2957 722 3028 luerit
746 2979 861 3026 coram
887 2951 1108 3040 bominibus,
1156 2955 1290 3022 crimen
1314 2956 1570 3043 generationis,
1603 2972 1635 3027 et
1662 2957 1866 3047 spirationis
1889 2958 1929 3027 in
1945 2958 2139 3031 divinitate.

116 3095 197 3142 eum
215 3069 411 3142 confitebor
425 3086 543 3134 coram
562 3074 661 3154 patre
678 3083 756 3129 meo
773 3059 925 3134 coelesti.
1157 3052 1350 3128 Generatio
1373 3072 1423 3127 est
1448 3058 1591 3149 proprie
1608 3082 1627 3127 a
1642 3071 1777 3145 mente,
1812 3059 1960 3150 spiratio
1982 3073 2036 3129 est
2048 3084 2070 3129 a
2082 3084 2140 3131 vo-

415 3209 642 3313 nna
1157 3157 1304 3347 ὲιιιεῖ·
1328 3156 2139 3361 ιι·ἰιεξιῑιιιιιι.“ιῑ,,.,’“ιι;ι

216 3368 393 3441 Brevibus
407 3366 525 3436 verbis
541 3359 691 3434 historia
707 3360 911 3451 gravissima
928 3359 1109 3445 recitatur,
1158 3376 1208 3430 est
1233 3362 1347 3448 filius,
1373 3364 1456 3455 quia
1479 3379 1529 3434 est
1550 3365 1685 3455 imago,
1710 3362 1928 3456 significatur
1943 3365 2053 3436 etiam
2069 3390 2138 3437 ma·

118 3496 208 3569 qnae
230 3485 265 3543 et
287 3483 434 3543 testatur
458 3463 641 3538 Christum
662 3478 788 3535 natura
812 3461 926 3533 Deum
948 3484 1041 3546 esse,
1075 3476 1110 3533 et
1156 3463 1306 3553 gnitudo
1322 3463 1529 3536 amorisDei
1545 3489 1626 3555 erga
1645 3488 1714 3545 eos,
1729 3467 1859 3559 quibus
1873 3464 2138 3560 daturSpiritus
2161 3494 2172 3505 ·

117 3575 289 3667 signifieat
309 3569 426 3671 qualis
451 3569 496 3639 sit
520 3567 676 3660 Spiritus
696 3577 853 3649 sanctus,
888 3577 923 3634 et
945 3567 1042 3653 quod
1064 3565 1110 3634 'sit
1156 3579 1308 3639 sanctus.
1361 3566 1454 3657 Quia
1478 3581 1517 3639 ut
1536 3568 1683 3660 spiritus
1697 3593 1737 3639 ex
1752 3583 1875 3639 nostro
1890 3572 1997 3640 corde
2014 3571 2138 3642 effusos

116 3675 306 3748 ministerii
335 3671 530 3762 evangelici
556 3671 784 3760 gubernator.
842 3664 1004 3736 Primum
1025 3668 1108 3736 dare
1156 3668 1193 3735 in
1217 3669 1338 3739 osculo
1360 3671 1513 3739 nuncius
1539 3684 1588 3740 est
1611 3671 1685 3739 veri
1708 3671 1856 3756 amoris,
1893 3685 1929 3742 et
1951 3673 2138 3743 transfusio

115 3779 291 3873 Spiritum
314 3788 494 3855 sanctum,
527 3773 590 3865 qui
613 3772 722 3843 vitam
745 3781 947 3853 aeternam,
974 3768 1108 3854 lucem,
1155 3784 1304 3840 naturae
1319 3788 1477 3856 nostrae,
1504 3773 1551 3842 ita
1567 3772 1718 3843 sciamus
1733 3795 1878 3857 verum,
1903 3797 1980 3844 non
1996 3774 2138 3845 simuls-

115 3897 150 3953 et
174 3879 350 3953 iusticiam
374 3889 552 3947 aeternam
571 3876 710 3958 incoat,
736 3884 788 3942 est
810 3894 892 3940 vere
909 3884 943 3940 et
961 3872 1106 3962 proprie
1154 3885 1231 3943 tum
1254 3896 1410 3943 amorem
1433 3897 1525 3958 esse,
1556 3898 1637 3944 cum
1654 3871 1749 3944 Deus
1772 3875 1812 3943 in
1833 3897 1899 3945 nos
1920 3877 2088 3966 spiritum
2100 3900 2138 3947 es

114 3984 193 4060 Dei.
244 3979 315 4052 Hic
330 3975 492 4051 Christus
507 4000 571 4047 suo
596 3976 716 4046 afflatu
741 3976 802 4044 dat
823 3972 999 4063 Spiritum
1023 3996 1106 4043 san·
1152 3997 1227 4043 sese
1248 3976 1484 4055 transfundit,
1510 3976 1599 4048 sicut
1622 3974 1660 4046 in
1685 3973 1779 4047 loele
1803 3978 1905 4048 dicit:
1947 3977 2137 4050 Effundam

114 4102 210 4159 ctum
227 4109 268 4156 es
290 4106 384 4166 sese,
411 4103 495 4171 ergo
512 4101 594 4147 vere
618 4092 651 4147 et
667 4089 794 4146 natura
810 4072 908 4145 Deus
923 4088 986 4148 est.
1038 4074 1105 4146 Se·
1154 4079 1198 4146 de
1223 4077 1351 4168 spiritu
1370 4102 1449 4148 meo
1467 4101 1573 4168 super
1588 4101 1729 4148 omnem
1749 4102 1903 4155 carnem.
1955 4076 2138 4152 Admone·

115 4189 252 4271 cundo,
277 4184 393 4278 qualis
407 4183 469 4262 sit,
494 4184 596 4251 docet
618 4181 765 4250 verbum
790 4173 976 4250 inhalavit.
1027 4174 1104 4248 Etsi
1153 4202 1236 4248 mur
1255 4179 1338 4249 item
1369 4204 1475 4271 quam
1505 4181 1668 4250 miranda
1693 4180 1892 4252 similitudo
1920 4181 1968 4255 sit
1997 4185 2136 4254 divinae

115 4289 268 4382 perspici
293 4287 415 4358 divina
438 4298 563 4354 natura
587 4306 661 4352 non
691 4294 822 4372 potest,
864 4292 983 4348 tamen
1007 4276 1104 4348 Deus
1151 4295 1299 4351 naturae
1319 4282 1357 4350 in
1381 4278 1537 4353 homine.
1597 4279 1646 4353 Et
1674 4298 1848 4374 quantum
1879 4284 2036 4371 malurn,
2080 4282 2138 4357 bas

113 4394 318 4462 discernens
341 4410 527 4478 personas,
558 4398 592 4455 et
615 4406 758 4454 sumens
782 4381 952 4470 imagines
975 4404 994 4450 a
1018 4405 1104 4472 pro·
1150 4379 1216 4452 Dei
1235 4382 1424 4472 imagines,
1444 4407 1505 4456 seu
1520 4384 1772 4455 similitudines
1787 4386 1826 4454 in
1840 4400 1969 4457 natura
1984 4381 2136 4459 humana

112 4493 326 4593 prietatibos
343 4485 655 4580 bominis,aliquo
669 4488 777 4556 modo
795 4484 968 4566 ostendit,
988 4484 1103 4575 qualis
1151 4487 1413 4566 contaminare,
1461 4501 1495 4556 et
1515 4511 1534 4556 a
1557 4484 1633 4556 Deo
1665 4488 1827 4561 avellere.
1886 4486 1986 4559 llaec
2010 4504 2048 4560 et
2071 4490 2137 4561 alia

116 4596 162 4668 sit
183 4602 309 4664 natura
331 4592 471 4669 divina,
505 4603 540 4659 et
561 4589 679 4682 qualia
705 4590 777 4658 sint
799 4585 1004 4657 discrimina
1021 4609 1102 4676 per·
1150 4587 1261 4656 multa
1281 4588 1329 4677 pii
1349 4584 1417 4658 hoc
1437 4588 1515 4658 loco
1533 4588 1685 4677 cogitare
1707 4602 1856 4681 possunt
1878 4591 2138 4663 considerantes

114 4720 295 4769 sonarum.
346 4692 495 4762 Etcum
519 4691 702 4761 vocabulis
724 4704 844 4762 utatur
864 4686 980 4767 Deus,
1012 4711 1102 4782 quae
1150 4690 1226 4757 dari
1245 4689 1417 4778 Spiritum
1444 4705 1603 4760 sanctum
1628 4691 1706 4782 ipso
1723 4687 1849 4762 halitu.
1915 4688 2053 4786 Estque
2075 4691 2138 4765 hos

113 4800 235 4893 aliquo
256 4798 365 4867 modo
385 4791 632 4884 intelligimus,
659 4795 737 4864 vult
752 4815 819 4863 nos
843 4790 890 4861 ita
914 4812 1102 4881 agnoscere
1150 4792 1352 4876 sciendum,
1379 4815 1459 4861 cum
1482 4787 1614 4876 halitu,
1646 4815 1708 4862 seu
1730 4794 1840 4878 llatu,
1865 4815 1928 4864 seu
1950 4798 2137 4868 emissione

113 4916 149 4973 et
169 4901 335 4970 invocare
354 4899 493 4981 Deum,
522 4908 557 4964 et
574 4918 653 4964 cum
671 4895 904 4965 discerneres
920 4916 1102 4963 commen·
1150 4894 1296 4983 spiritus
1308 4894 1503 4985 corporalis
1518 4918 1559 4962 ex
1575 4907 1715 4984 pectore
1730 4892 1876 4979 Christi,
1890 4920 2014 4969 revera
2032 4899 2138 4971 simul

113 5004 201 5076 titiis
217 5001 438 5074 numinibus.
491 4996 605 5068 Filius
622 5008 770 5066 vocatur
788 4988 897 5092 λόγος
923 5009 957 5066 et
987 4994 1102 5084 imago
1150 4995 1256 5064 luisse
1282 4994 1397 5085 ipsum
1425 4994 1599 5086 Spiritum
1630 5008 1813 5081 sanctum,
1852 5021 2043 5088 personam
2067 5017 2138 5074 ter·

113 5106 242 5198 patris,
267 5104 486 5196 significatur
507 5122 608 5188 crgo,
636 5098 731 5167 nasci
756 5098 869 5166 lilium
890 5096 1102 5186 cogitatione
1150 5096 1235 5166 tiam
1258 5096 1476 5182 divinitatis,
1509 5112 1548 5168 ut
1569 5092 1655 5167 haec
1672 5121 1753 5168 vere
1765 5114 1981 5190 congruant:
2008 5101 2140 5177 Effun-

114 5209 225 5299 patris
247 5229 320 5277 sese
344 5201 537 5285 intuentis,
564 5213 598 5270 et
623 5199 798 5289 gignentis
821 5199 875 5268 sui
901 5198 1102 5287 imaginem,
1149 5199 1233 5267 dam
1251 5200 1295 5268 de
1311 5199 1437 5289 spiritu
1453 5222 1544 5270 meo.
1594 5197 1691 5269 Haec
1713 5201 1868 5273 breviter
1885 5207 2070 5292 recensui,
2100 5221 2142 5281 ot

113 5309 203 5380 sicut
230 5310 268 5378 in
291 5305 438 5379 bomine
465 5302 678 5393 cogitatione
707 5301 866 5392 gignitur
900 5300 1016 5389 imago
1049 5301 1102 5370 rei
1150 5300 1299 5371 lectores
1330 5301 1531 5374 invitentur
1550 5302 1595 5372 ad
1618 5302 1713 5395 piam
1738 5304 1783 5373 de
1810 5299 1871 5375 bis
1901 5306 2012 5378 unda
2032 5310 2143 5383 rebus

114 5411 302 5501 cogitatae:
336 5406 389 5480 lta
404 5400 843 5505 inhomsuacogitatiooe
857 5401 978 5497 aliquo
991 5403 1101 5472 modo
1147 5402 1416 5492 'cogitationem
