4522 5782
91 134 165 261 sss
354 180 455 259 ιιιι
507 182 547 257 s.
574 175 874 273 ausonense
897 179 1054 295 uersu
1074 178 1230 261 ,otuu
1256 180 1326 261 an
1349 181 1614 269 nonanus,
1664 187 1771 271 car.
1796 194 1863 273 ιιι
2049 208 2128 291 m

90 380 191 429 mum
215 368 267 431 est
293 376 416 429 omnes
433 349 629 449 Prophetas
652 368 688 425 et
713 376 837 426 omnes
860 368 1000 427 sanctos
1016 370 1088 428 sta.
1139 354 1185 426 lis
1203 371 1255 429 est
1270 350 1444 443 horribile
1459 361 1741 437 testimoniumet
1758 367 1978 446 iudiciumin
1992 390 2120 457 natura

90 472 213 544 mm,
244 459 343 552 quod
365 481 430 549 W
450 458 730 535 mjoeficordtam
754 456 832 529 Deo
849 457 1030 547 placeant,
1054 474 1087 530 et
1137 450 1324 529 hominum
1338 465 1506 543 adversus
1522 479 1720 554 peccatum,
1743 482 1779 540 et
1799 473 1914 563 arguit
1934 500 2030 551 ream
2051 506 2118 555 ns·

90 554 182 633 hanc
214 559 495 631 misericordiam
526 558 736 657 promissam
775 572 810 630 et
841 572 972 630 certam
1012 583 1085 631 esse
1135 572 1271 650 turam,
1298 586 1370 631 non
1391 564 1537 637 liberat:
1560 580 1709 639 testatur
1726 594 1808 663 ergo
1832 599 1922 667 opus
1944 601 2018 653 esse
2038 605 2116 657 ms-

90 676 239 754 pmpger
255 664 509 744 mediatorem,
535 675 570 731 et
584 660 687 729 fidem
705 660 771 729 niti
790 660 992 731 obedientia
1010 685 1084 731 me-
1133 662 1280 742 diatore,
1297 681 1331 733 et
1345 666 1517 753 significat
1530 668 1722 755 iusticiam,
1737 668 1844 764 quam
1861 680 2034 753 mediator
2049 688 2114 757 asl-

90 762 260 845 iiatoris,
287 788 360 835 non
378 762 517 835 iusticia
543 761 731 832 essentiali.
781 759 877 833 Haec
899 764 1082 834 manifesta
1130 762 1211 833 lert.
1265 762 1360 834 llaec
1377 770 1497 836 omnia
1513 770 1631 840 minus
1646 772 1881 865 intelligimus,
1900 779 1940 849 in
1963 776 2113 859 hacno-

89 865 295 939 suntetism
311 889 352 935 ex
375 858 442 936 hoc
459 864 555 934 dicto
580 865 624 933 ad
649 857 839 953 Ephesios:
872 860 942 932 Per
964 864 1080 955 ipsum
1130 875 1200 932 stra
1220 865 1388 954 caligine,
1408 871 1547 958 quiade
1570 873 1644 960 lege
1665 876 1792 945 morali
1812 871 1988 953 humanae
2011 910 2113 958 men·

89 969 261 1039 sudemus
284 966 448 1038 accedere
472 966 509 1034 iu
536 965 663 1035 fiducia
688 988 751 1054 per
774 964 878 1033 fidem
898 964 937 1033 in
953 965 1080 1056 ipsum.
1129 978 1181 1034 tes
1195 966 1302 1036 nimis
1317 972 1465 1057 puerilia
1482 974 1618 1042 somnia
1640 969 1789 1061 habent,
1814 980 2111 1081 cogitamusqus·

89 1063 132 1141 sst
146 1092 357 1162 quanquam
375 1090 499 1137 verum
517 1080 588 1151 est,
614 1065 715 1135 inea
738 1065 980 1137 consolatione
1003 1067 1079 1136 fieri
1127 1065 1303 1160 lecunque
1325 1071 1466 1143 frenum
1489 1096 1563 1141 esse
1586 1097 1711 1164 regens
1733 1093 1894 1153 externos
1914 1100 2051 1175 gestus,
2074 1104 2112 1163 et

89 1170 386 1254 deificationem,
418 1182 454 1238 et
479 1165 594 1238 Deum
618 1168 809 1237 accendere
833 1191 944 1236 novas
969 1169 1080 1240 actio-
1126 1168 1311 1239 fremimus
1341 1174 1509 1243 adversus
1541 1170 1607 1245 boc
1637 1177 1840 1267 vinculum,
1867 1197 1902 1254 et
1923 1187 2110 1263 mallemus

89 1294 147 1343 m
164 1271 206 1341 in
222 1265 386 1355 homine,
412 1285 528 1343 umen
548 1271 694 1339 creden,
716 1267 754 1336 5„
770 1268 948 1338 infinitum
975 1285 1077 1341 ame.
1127 1271 1246 1357 vagari
1261 1271 1492 1361 opinionibus
1508 1290 1540 1344 et
1558 1278 1813 1368 cupiditatibus
1836 1283 1913 1355 sine
1931 1288 2015 1359 ullis
2032 1314 2108 1364 me·

89 1376 149 1444 'ert
182 1372 426 1445 obedientiam
456 1372 659 1441 mediatoris
682 1365 737 1437 his
771 1370 972 1441 actionibus
999 1354 1077 1452 Dei,
1126 1369 1181 1441 tis.
1233 1370 1329 1442 llaec
1356 1376 1553 1445 tristissima
1577 1379 1668 1448 mala
1706 1381 1743 1450 in
1771 1377 1958 1457 hominum
1981 1404 2109 1467 natura
2225 1458 2229 1463 .

89 1498 175 1568 prae
200 1474 273 1545 iam
302 1475 340 1545 iu
365 1487 488 1544 renato
516 1473 616 1544 liunt.
674 1468 771 1541 llaec
793 1484 875 1541 sunt
894 1472 1077 1563 perspicua
1125 1495 1200 1540 non
1224 1475 1307 1544 satis
1330 1478 1571 1563 agnoscimus:
1606 1494 1726 1570 postea
1753 1484 1918 1572 fingimus
1945 1493 2107 1584 qualem·
2170 1540 2172 1545 ·

90 1575 324 1647 onsideranti
339 1576 528 1646 discrimen
548 1573 635 1662 legis
653 1585 688 1642 et
703 1568 912 1663 Evangelii,
938 1588 973 1645 et
989 1598 1076 1644 con·
1125 1597 1266 1666 cunque
1288 1591 1465 1647 externam
1491 1579 1714 1669 disciplinam
1738 1606 1811 1655 esse
1826 1587 1912 1678 legis
1927 1589 2106 1685 impletio-

89 1678 331 1773 olationesyiu
344 1700 424 1748 vers
441 1676 685 1748 conversione.
1124 1696 1206 1744 nem
1233 1688 1268 1746 et
1293 1678 1480 1750 iusticiam.
1546 1678 1636 1751 Cum
1654 1683 1764 1771 igitur
1786 1710 1859 1759 non
1876 1691 1960 1761 satis
1974 1696 2106 1785 cogite-

1124 1799 1221 1860 mus,
1246 1779 1333 1870 quid
1358 1780 1404 1849 sit
1428 1780 1483 1850 lex
1508 1777 1596 1868 Dei,
1627 1798 1661 1853 et
1684 1810 1794 1878 qsrare
1815 1803 1963 1863 naturae
1984 1788 2104 1867 homi·

1122 1900 1208 1948 num
1232 1878 1337 1950 insita
1358 1880 1422 1965 sit,
1455 1907 1563 1974 quare
1592 1910 1677 1954 voce
1708 1885 1773 1957 Dei
1804 1892 1950 1983 repetita
1973 1896 2039 1979 sit,
2069 1912 2106 1973 et

182 1978 261 2053 Cur
276 1983 393 2077 inquit
420 1980 571 2052 stabiliri
596 1981 731 2070 legem,
756 2002 836 2049 cum
858 1978 928 2047 iam
949 1978 1074 2069 politia
1121 1980 1277 2070 quodad
1293 2004 1368 2049 eam
1392 1984 1534 2051 condita
1559 1985 1604 2054 sit
1629 2000 1752 2057 natura
1777 1985 1983 2079 hominurn,
2008 2000 2105 2071 etad

88 2080 193 2155 tloisi
217 2084 379 2155 funditus
403 2084 517 2152 deleta
541 2083 588 2153 sit
612 2076 778 2151 horribili
802 2081 876 2149 irae
899 2077 989 2149 Dei?
1012 2080 1073 2149 An
1121 2104 1198 2147 eam
1216 2082 1421 2152 restituatur
1437 2107 1499 2174 per
1520 2085 1630 2154 lilium
1647 2085 1732 2172 Dei,
1759 2105 1792 2159 et
1815 2116 1921 2184 quam
1948 2096 2105 2171 dissimi-

88 2208 146 2257 tor
164 2201 306 2256 nonest
325 2186 466 2255 abolere
489 2182 627 2272 legem?
651 2179 699 2254 Et
720 2184 899 2252 decretum
917 2181 1072 2272 Aposto-
1120 2180 1164 2249 lis
1187 2182 1233 2252 sit
1254 2182 1322 2269 legi
1347 2197 1471 2254 natura
1496 2183 1701 2260 bominum:
1743 2207 1886 2282 propter
1913 2189 2005 2268 hane
2034 2223 2103 2271 no.

88 2310 219 2371 orum,
249 2290 344 2381 quod
365 2286 533 2356 recitatur
555 2287 592 2355 in
608 2285 707 2354 Actis
730 2284 842 2374 capite
862 2279 922 2357 15.
938 2285 975 2352 in
998 2308 1069 2376 quo
1120 2295 1227 2351 stram
1252 2284 1438 2372 caliginem
1473 2287 1565 2356 dieta
1583 2286 1686 2358 Pauli
1716 2290 1883 2363 videntur
1905 2298 2011 2367 nobis
2035 2301 2103 2373 ols-

222 1843 283 1917 Aa
305 1844 423 1942 igitur
442 1841 555 1939 legem
577 1838 795 1913 adolemus?
820 1837 939 1912 Adsit.

91 2412 243 2480 xpresse
259 2388 534 2477 pronunciatur,
559 2385 786 2458 Ceremonias
803 2382 978 2454 Mosaieas
994 2409 1068 2455 non
1118 2406 1240 2468 seura,
1265 2399 1300 2455 et
1322 2386 1500 2456 interdum
1522 2389 1649 2461 accidit
1664 2388 1703 2459 in
1718 2388 2035 2485 Enarrationibus,
2061 2401 2102 2474 id
2231 2398 2234 2403 ’

88 2513 154 2561 sse
187 2489 379 2573 iusticiam,
407 2491 451 2559 de
473 2513 542 2581 qua
567 2489 798 2558 concionatur
823 2481 1068 2574 Evangelium,
1117 2487 1215 2577 quod
1237 2485 1275 2554 in
1299 2489 1486 2573 proverbio
1517 2490 1665 2578 dicitur,
1692 2506 1731 2562 ut
1754 2509 1871 2569 sonet:
1895 2497 2006 2571 Aliud
2021 2500 2101 2587 Pes,

88 2615 142 2661 tec
166 2615 226 2660 res
243 2591 452 2660 necessarias
474 2613 547 2659 esse
573 2590 611 2657 in
635 2586 791 2658 Ecclesia
816 2586 881 2654 filii
904 2584 989 2670 Dei,
1015 2588 1067 2656 fa·
1116 2586 1216 2657 aliud
1242 2583 1399 2659 Cithara.

88 2707 176 2763 :tnm
195 2706 231 2763 et
246 2692 378 2763 editum
396 2707 446 2762 est
466 2705 654 2783 antequam
670 2688 802 2759 Paulus
817 2682 908 2756 hanc
922 2684 1067 2786 Episto-
1216 2686 1297 2758 Non
1315 2689 1550 2778 imaginemur
1571 2689 1683 2780 legem
1701 2696 1870 2765 moralem
1886 2721 1960 2770 esse
1976 2702 2099 2775 decre-

88 2819 149 2863 am
184 2796 229 2863 ad
253 2791 435 2865 Romanos
463 2793 621 2878 scripsit,
655 2792 737 2884 qnia
768 2793 946 2859 decretum
974 2791 1063 2859 illud
1116 2800 1190 2859 tum
1207 2789 1321 2859 simile
1338 2790 1530 2881 Spartanae
1545 2792 1613 2882 legi
1638 2794 1681 2862 de
1701 2794 1814 2867 ferreo
1841 2822 1971 2885 numo,
2000 2808 2097 2896 quod

88 2911 211 2968 actum
225 2910 277 2966 est
297 2897 500 2988 priusquam
517 2892 650 2963 Paulus
667 2896 705 2961 in
721 2888 901 2980 Europam
919 2891 1066 2960 traiecit.
1115 2914 1188 2958 non
1206 2891 1321 2959 solum
1339 2895 1467 2961 mutari
1482 2908 1516 2963 et
1532 2893 1666 2963 aboleri
1683 2897 1813 2985 potuit,
1840 2902 1900 2969 sed
1923 2903 2027 2972 etiam
2043 2906 2098 2976 fa-

88 2996 116 3067 it
133 2991 225 3066 haec
238 2994 397 3087 Epistola
413 2996 542 3086 scripta
560 3008 612 3064 est
635 2992 798 3071 aPaulo,
825 3015 906 3060 cum
924 2992 960 3061 in
975 2994 1065 3062 urbe
1114 2992 1181 3059 cile
1204 3005 1237 3059 et
1260 2997 1445 3062 commode
1467 3009 1639 3064 mutatum
1663 3011 1727 3068 est,
1779 2996 1848 3068 Sed
1873 3000 2022 3075 seiamu,
2045 3006 2099 3077 te.

88 3093 256 3171 lorintho
278 3112 378 3170 esset.
428 3095 497 3167 Sed
521 3096 634 3165 facilis
658 3108 709 3163 est
732 3092 921 3182 explicatio
948 3095 1063 3163 consi·
1114 3115 1191 3180 gem
1215 3090 1301 3171 Dei,
1336 3119 1425 3186 quae
1451 3097 1659 3165 nominatur
1689 3098 1853 3180 moralis,
1885 3124 1957 3171 esse
1983 3120 2097 3177 aeter-

88 3198 218 3270 leranti
236 3194 322 3269 haec
337 3200 445 3268 dicta:
469 3194 632 3267 Christus
647 3210 698 3265 est
713 3195 794 3263 finis
809 3194 906 3283 legis.
959 3192 1063 3264 ltem:
1115 3217 1196 3259 nam
1220 3208 1254 3263 et
1277 3194 1456 3264 immotam
1475 3196 1682 3284 sapientiam
1703 3212 1737 3268 et
1760 3223 1921 3273 normam
1938 3204 2096 3278 iusticise

87 3300 161 3373 ¹lon
185 3302 267 3369 ceni
282 3302 419 3369 solvere
443 3300 575 3388 legem,
601 3299 662 3366 sed
685 3297 843 3386 implere.
897 3293 990 3365 Tota
1006 3296 1063 3364 lex
1114 3294 1150 3362 in
1166 3291 1242 3363 Deo
1267 3296 1473 3385 patefactam
1498 3296 1662 3367 rationali
1682 3313 1881 3381 creaturae,
1915 3316 1950 3374 et
1972 3319 2096 3396 postu.
2192 3318 2195 3323 ·

90 3401 254 3491 ignificat
266 3396 469 3482 Christum,
495 3415 534 3469 ut
552 3398 776 3467 manifestum
803 3409 874 3474 est,
901 3397 1063 3465 victimas
1113 3395 1264 3477 fantem,
1287 3411 1327 3466 ut
1349 3398 1534 3467 rationalis
1558 3412 1714 3469 creatura
1729 3401 1775 3472 sit
1790 3404 1985 3475 conformis
2002 3410 2097 3492 Deo,

88 3505 189 3575 'uisse
213 3517 316 3597 typos
338 3518 372 3572 et
395 3503 540 3573 umbras
562 3514 732 3569 venturae
755 3499 937 3581 victimae,
963 3498 1063 3567 cuius
1116 3513 1149 3566 et
1165 3499 1402 3566 destruentem
1427 3522 1644 3571 omnesnon
1667 3502 1874 3576 conformes.
1926 3502 2022 3580 Haec
2035 3534 2096 3582 ae-

87 3604 317 3675 »hedientiam
347 3605 511 3673 mirando
539 3601 687 3670 consilio
719 3599 814 3670 Deus
843 3599 955 3669 voluit
989 3622 1062 3668 esse
1115 3611 1213 3668 terna
1230 3600 1401 3694 sapientia
1419 3599 1485 3671 Dei
1503 3625 1723 3695 nequaquam
1739 3604 1901 3677 aboletur
1919 3606 1957 3675 in
1972 3607 2096 3683 Evan-

87 3706 232 3779 »retium
253 3729 318 3796 pro
340 3706 455 3778 nobis.
520 3699 691 3772 Exhibita
714 3715 831 3769 autem
856 3723 937 3768 vera
959 3700 1062 3769 vieti·
1116 3699 1218 3786 gelio.
1281 3698 1329 3770 Et
1350 3701 1440 3772 sicut
1462 3696 1646 3772 bominum
1667 3716 1793 3775 natura
1816 3706 1980 3778 mirando
2009 3737 2095 3783 eou-

87 3832 154 3887 na,
180 3801 370 3876 exhibetur
392 3808 429 3875 id
451 3807 545 3899 quod
568 3804 849 3893 significaverant
871 3801 965 3895 typi,
995 3802 1063 3869 sci·
1115 3800 1196 3869 silio
1220 3800 1262 3867 ad
1289 3794 1382 3869 hanc
1406 3803 1614 3891 sapientiam
1644 3817 1679 3874 et
1702 3806 1982 3879 conformitatem
2012 3836 2095 3883 curn

87 3912 160 3981 icet
194 3909 435 3977 reconciliatio
476 3919 509 3976 et
547 3905 683 3974 iusticia
723 3926 785 3992 per
820 3904 1063 3984 mediatorem,
1116 3900 1192 3970 Deo
1209 3901 1349 3970 condita
1367 3915 1430 3981 est,
1448 3902 1495 3971 ita
1513 3901 1691 3974 vultDeus
1705 3907 1841 3977 restitui
1861 3931 1926 3978 nos
1941 3912 1985 3979 ad
2002 3907 2094 3985 hanc
2218 3928 2223 3939 '

87 4033 167 4105 'uae
182 4009 366 4098 agnitione
381 4023 414 4079 et
430 4005 558 4077 fiducia
576 4004 968 4092 mediatorisaccipitur.
994 4002 1064 4072 Fa·
1117 4002 1227 4091 ipsam
1252 4002 1366 4071 lucem
1390 4017 1422 4073 et
1443 4005 1726 4078 conformitatem
1747 4031 1810 4098 per
1831 4009 1956 4085 lilium.
2006 4011 2093 4087 ldeo
2199 4050 2203 4057 =

89 4114 141 4183 ile
157 4110 310 4199 intelligi
327 4125 457 4202 potest,
481 4103 663 4178 Christum
687 4106 791 4172 finem
816 4127 889 4171 esse
906 4128 1063 4173 ceremo-
1115 4100 1278 4173 Christus
1303 4104 1434 4173 dicitur
1454 4128 1527 4174 esse
1549 4107 1630 4175 finis
1648 4106 1746 4197 legis.
1810 4105 1858 4180 Et
1881 4105 1939 4180 hic
1961 4109 2094 4191 Paulus

87 4214 236 4295 uiarum,
262 4214 345 4305 quia
362 4227 454 4283 certe
467 4211 542 4304 typi
564 4220 648 4278 sunt
663 4219 807 4297 propter
830 4204 1061 4295 significatam
1115 4205 1248 4296 inquit:
1274 4203 1363 4275 Fide
1378 4204 1488 4295 legem
1506 4207 1723 4291 stabilimus,
1749 4210 1844 4301 quod
1863 4211 1906 4280 de
1922 4212 1998 4301 lege
2015 4240 2093 4288 mo-

89 4315 268 4387 ictimam.
1115 4306 1180 4373 rali
1208 4305 1257 4373 sic
1280 4306 1505 4397 interpretor.
1561 4306 1639 4379 Etsi
1655 4325 1770 4380 autem
1793 4311 1912 4382 iudico
1936 4329 2093 4391 nostram

177 4412 227 4485 Et
253 4429 324 4485 tota
350 4412 472 4502 politia
498 4413 624 4481 umbra
648 4421 699 4478 est
721 4406 854 4476 aeterni
879 4406 976 4495 regni
1001 4428 1062 4473 seu
1116 4407 1446 4496 interpretationem
1481 4432 1599 4477 veram
1636 4433 1728 4495 esse,
1773 4424 1807 4480 et
1842 4431 2092 4501 congruentem

88 4532 241 4591 eternae
260 4513 447 4586 Ecclesiae.
499 4512 590 4583 Cum
616 4511 723 4601 igitur
746 4509 893 4578 Messias
920 4504 1062 4577 exbibet
1116 4533 1196 4576 cnm
1220 4507 1352 4599 Paulo,
1385 4523 1502 4577 tamen
1524 4510 1636 4579 fateor
1659 4535 1715 4580 me
1743 4512 2012 4603 amplitudinem
2035 4544 2092 4594 ss-

89 4635 260 4691 eternnm
281 4638 447 4704 regnum,
490 4615 581 4683 cedit
605 4613 729 4680 umbra
760 4611 810 4678 rei
837 4609 1060 4697 significatae.
1116 4609 1268 4695 pientiae
1297 4609 1507 4698 apostolicae
1544 4634 1617 4680 non
1655 4612 1738 4681 satis
1769 4614 1942 4704 explicare
1977 4643 2092 4708 posse,

86 4722 116 4793 it
131 4720 281 4810 quidem
296 4718 415 4785 omnia
439 4716 607 4783 miracula
627 4712 841 4781 defensionis
863 4727 896 4780 ει
919 4734 1060 4780 conser·
1115 4708 1270 4809 Deploro
1288 4732 1429 4798 gemens
1444 4734 1557 4776 meam
1573 4712 1759 4807 caliginem
1766 4766 1776 4798 ,
1800 4727 1834 4784 ct
1852 4717 1956 4787 doleo
1970 4718 2008 4789 iu
2027 4719 2093 4794 hae

90 4823 231 4895 ationis
248 4820 345 4890 illius
360 4819 505 4908 politiae
529 4831 614 4885 sunt
628 4814 830 4885 testimonia
853 4814 896 4881 de
912 4826 1060 4882 venturo
1116 4812 1278 4880 barbarie
1294 4813 1385 4882 vitae
1401 4810 1566 4901 impediri
1584 4814 1688 4884 etiam
1706 4815 1935 4904 cogitationes
1957 4821 2001 4890 de
2014 4836 2092 4893 tan·

86 4922 220 4997 dessio·
1114 4913 1158 4982 tis
1174 4915 1292 4983 rebus.

176 5023 248 5095 Sed
265 5019 327 5092 bas
346 5035 460 5111 partes
475 5019 560 5106 legis
573 5015 709 5085 omitto.
751 5012 943 5104 Praecipue
965 5012 1059 5081 enim
1215 5013 1296 5085 Scio
1318 5015 1556 5106 Augtutinum
1570 5011 1644 5087 ‘hac
1664 5020 1886 5090 enarratione
1908 5043 2008 5113 saepe
2021 5024 2090 5120 ιιιίζε

86 5130 117 5197 Ιε
136 5127 216 5213 lege
235 5125 360 5193 morali
377 5118 435 5191 hie
452 5122 600 5197 dicitur,
628 5116 711 5209 quia
734 5115 894 5207 loquitur
917 5120 961 5183 de
978 5115 1062 5203 lege,
1116 5112 1184 5184 Per
1200 5116 1305 5185 iidem
1319 5118 1374 5185 lex
1389 5120 1586 5204 stabilitur,
1613 5120 1648 5188 id
1674 5133 1744 5204 est,
1771 5120 1977 5211 impetratur
1991 5127 2092 5194 auxi·

86 5250 167 5323 prae
183 5227 356 5314 siguificat
371 5223 546 5293 iusticiam
561 5233 595 5288 et
612 5216 726 5305 arguit
741 5230 932 5308 peccatum.
958 5211 1062 5286 Chri·
1116 5216 1225 5302 lium,
1240 5231 1277 5288 ut
1291 5218 1359 5308 legi
1376 5221 1522 5290 obedire
1538 5219 1659 5312 possis.
1691 5218 1786 5289 llaec
1800 5223 1976 5294 enarratio
1992 5227 2095 5299 valde

86 5345 150 5413 tus
166 5344 219 5396 est
234 5326 317 5396 fissis
332 5325 437 5395 etiam
460 5322 545 5408 legis
556 5319 723 5403 moralis,
751 5315 836 5410 quia
850 5314 923 5387 Lex
939 5314 1061 5387 Mora·
1115 5319 1233 5388 tenuis
1256 5333 1291 5391 ει
1306 5321 1432 5391 mutila
1448 5337 1511 5397 est.
1561 5316 1640 5393 Etsi
1662 5344 1784 5392 verum
1801 5336 1870 5405 est,
1887 5324 1964 5394 dari
1979 5325 2095 5420 Spiri-

122 5434 304 5500 birsssrs.
333 5430 436 5496 Orsa.
464 5427 547 5490 Vos.
566 5424 644 5491 XV.
1136 5412 1188 5490 66
