4522 5782
112 178 194 265 ses
315 124 424 263 xut.¹
468 189 506 267 a.
539 184 906 273 couuuuvann
933 186 984 265 us
1010 186 1165 266 aena.
1193 184 1342 266 aanor
1368 190 1441 265 an
1466 188 1730 271 nouenos.
1781 196 1887 277 car.
1915 198 1945 281 1.
2067 180 2147 289 sss

117 362 229 433 modo
246 353 334 433 haec
351 372 447 431 certo
462 359 568 432 nobis
581 360 810 451 contingant,
834 362 964 434 scilicet
982 361 1011 431 si
1027 384 1110 453 pro-
1162 375 1265 433 tuens
1288 363 1327 433 in
1358 365 1573 451 occasiones,
1613 367 1744 463 quibus
1764 370 1933 461 irritam,
1968 373 2151 471 impellere

117 476 199 556 pter
220 462 335 534 hlium
355 476 527 554 petamus.
586 461 710 534 Tertio
731 464 904 554 significat
926 460 1109 536 Christum
1162 479 1196 536 et
1211 468 1400 537 accendere
1413 468 1551 537 animos
1564 466 1786 559 singulorum
1800 489 1928 564 potest.
1959 474 2036 551 Hos
2051 483 2147 554 euim

120 579 248 637 ustura
269 560 386 636 Deum
409 586 502 648 esse,
537 565 613 656 pari
643 568 799 657 potentia
823 590 904 636 cum
932 580 1029 657 patre
1051 589 1109 636 re·
1161 562 1268 639 habet
1284 570 1458 660 captivos,
1485 584 1520 642 et
1536 568 1679 657 incitat,
1715 575 1888 647 obiiciens
1910 581 2025 652 varias
2045 608 2147 655 occa·

122 680 304 759 pentem,
337 667 647 738 adiuvantemnos
670 668 792 737 divina
812 669 990 759 potentia,
1015 667 1106 739 sicut
1159 668 1297 761 siones,
1336 671 1426 742 sicut
1453 671 1491 741 in
1518 672 1754 761 idolomania,
1794 692 1829 749 et
1851 678 1931 751 aliis
1955 676 2147 757 horrendis

123 768 341 863 'promittitur
360 769 401 839 io
422 767 571 842 Psalm.:
609 764 750 841 Allevat
778 768 955 842 Dominus
980 793 1106 841 omnes
1158 771 1315 862 lapsibus
1336 774 1554 864 conspicitur
1578 774 1712 846 diaboli
1738 782 1907 868 potentia.
1963 782 2145 860 Lucium,

126 870 179 968 qui
193 883 385 958 corruunt,
409 884 443 944 et
455 870 560 960 erigit
573 894 697 941 omnes
712 872 831 949 elisos.
1158 887 1278 945 namet
1294 877 1470 968 quendam
1486 877 1646 947 furenter
1667 902 1800 951 amasse
1816 896 1966 954 statuam
1983 884 2143 975 Veneris,

1081 1031 1084 1037 .
1157 987 1191 1044 et
1209 975 1353 1048 solitum
1369 978 1553 1068 complecti
1568 980 1841 1073 lacrymantem,
1875 999 1908 1054 et
1933 989 2141 1068 deosculari.

1156 1075 1210 1145 Ac
1237 1094 1377 1168 possent
1406 1081 1518 1151 multa
1549 1080 1689 1150 narrari
1712 1107 1753 1152 ex
1775 1079 1933 1159 historiis
1963 1084 2141 1163 horrenda

213 1172 383 1250 Membra
421 1177 595 1255 orationis
640 1177 830 1269 diligenter
869 1178 1102 1250 discernenda
1155 1180 1298 1266 auditu,
1325 1182 1763 1273 quaecumalieuasinta
1786 1191 1967 1260 communi
1989 1216 2140 1264 consue.

127 1291 214 1366 sont,
238 1279 451 1350 aliudenim
469 1279 549 1351 aliis
570 1279 660 1349 locis
682 1281 809 1369 agitur.
863 1279 932 1351 Hic
954 1304 1101 1374 praepa·
1155 1283 1279 1353 tudine
1300 1299 1465 1370 naturae,
1506 1286 1588 1355 satis
1614 1301 1758 1374 apparet
1787 1292 1930 1381 proprie
1951 1317 1971 1363 a
1994 1296 2141 1365 diaholo

127 1397 171 1455 rat
183 1382 323 1454 animos
338 1382 532 1468 lectorum,
555 1396 597 1453 ut
612 1382 652 1453 fit
667 1383 705 1451 in
720 1382 888 1454 exordiis:
930 1382 1100 1454 Nondum
1154 1396 1230 1454 orta
1248 1406 1333 1457 esse.
1386 1384 1583 1475 Quaecum
1607 1387 1775 1478 legimus,
1800 1393 1992 1483 cogitemus
2010 1397 2139 1467 diabo-

126 1486 288 1577 disputat,
315 1486 477 1555 nondum
503 1498 663 1553 versatur
683 1484 722 1552 in
744 1507 822 1555 arce
842 1509 975 1560 causae.
1026 1483 1098 1557 Sed
1151 1486 1226 1555 lum
1243 1510 1318 1557 nou
1334 1482 1463 1559 habere
1485 1487 1636 1559 otiosam
1658 1491 1909 1584 tyrannidem,
1939 1498 1999 1566 sed
2018 1491 2138 1569 horri-

126 1582 290 1659 rhetorica
313 1590 486 1678 quaedam
509 1585 696 1678 proponit,
723 1588 921 1677 gratulatur
943 1587 1015 1657 illis
1037 1612 1055 1657 c
1150 1586 1273 1658 biliter
1293 1590 1443 1682 impellit
1456 1590 1585 1682 impios
1600 1592 1644 1660 ad
1664 1592 1795 1662 nefaria
1811 1595 1954 1671 scelera.
2015 1595 2137 1689 Quare

124 1688 308 1780 goitionem
329 1686 534 1779 Evangelii,
575 1687 748 1777 significat
777 1711 876 1759 suam
909 1712 988 1780 erga
1017 1686 1098 1759 illos
1150 1684 1244 1759 nihil
1257 1692 1426 1763 miremur
1439 1716 1520 1763 eum
1538 1715 1639 1784 posse
1654 1697 1843 1765 accendere
1865 1699 1947 1768 odia
1968 1712 2003 1769 et
2021 1702 2135 1771 saevi-

122 1791 418 1877 beoevoleotiam,
443 1792 490 1861 ait
505 1813 542 1860 se
556 1813 681 1882 cupere
699 1790 842 1861 illorum
859 1792 1015 1862 studium
1032 1791 1097 1861 ad·
1150 1791 1234 1862 tiam
1258 1793 1296 1863 in
1320 1789 1514 1887 hypocritis
1540 1806 1573 1866 et
1596 1795 1767 1888 tyrannis.
1837 1795 2018 1872 Videbant
2039 1797 2135 1872 Pha-

121 1894 244 1964 iuvare.
311 1892 455 1963 Deinde
490 1892 636 1964 subiicit
667 1886 890 1993 αἰτιολογίας
919 1908 1095 1964 sumtesa
1148 1893 1254 1963 risaei
1272 1895 1408 1965 aboleri
1432 1896 1646 1965 ceremonias
1661 1894 1747 1986 legis
1772 1910 1807 1969 et
1821 1901 2028 1972 traditiones
2042 1923 2136 1981 suas.

118 1994 294 2067 hinctione
316 1990 490 2087 Apostoli.
542 1992 685 2065 Eruditi
710 2009 844 2066 norunt
867 1996 971 2065 talem
997 2018 1095 2066 com·
1147 1991 1361 2068 Fremehant
1376 1997 1483 2087 igitur
1499 2010 1533 2069 et
1549 1997 1932 2090 quaerebanturDeum
1950 2015 2135 2075 contume-

118 2096 404 2168 nemorationem
423 2109 562 2167 nostrae
583 2096 781 2173 voluntatis⁴
797 2098 835 2165 in
853 2098 1005 2167 exordiis
1020 2097 1094 2166 usi·
1146 2096 1193 2165 lia
1217 2097 1329 2180 affici,
1357 2095 1538 2188 prohiberi
1562 2121 1668 2191 opera
1689 2098 1804 2169 Deum
1826 2101 2020 2193 placantia,
2046 2130 2134 2177 con-

116 2214 216 2271 latam
232 2222 328 2284 esse,
355 2222 419 2269 nec
436 2198 578 2268 difficile
593 2213 643 2269 cst
660 2214 775 2289 partes
792 2200 927 2270 exordii
951 2204 994 2270 ad
1013 2198 1092 2267 vul·
1117 2224 1120 2251 ;
1145 2200 1222 2268 cedi
1245 2201 1425 2271 licentiam
1452 2200 1632 2293 peccandi.
1693 2198 1833 2272 Deinde
1855 2204 2022 2275 videbant
2045 2209 2133 2279 abo·

117 2301 204 2393 garia
217 2316 403 2393 praecepta
423 2301 592 2375 conferre.
645 2299 808 2389 Quatuor
824 2301 991 2372 membris
1006 2324 1093 2370 con·
1144 2300 1207 2370 lita
1223 2301 1299 2392 lege
1319 2302 1447 2373 mutari
1463 2298 1641 2392 Rempub.
1661 2325 1781 2384 suam,
1808 2308 1979 2377 conlundi
2006 2308 2132 2379 discri-

115 2417 192 2489 ttat,
231 2403 394 2495 gratulor
423 2402 525 2472 vobis
557 2405 796 2494 cognitionem
817 2398 1022 2495 Evangelii,
1058 2414 1092 2471 et
1144 2426 1226 2472 men
1241 2407 1460 2476 sacerdotum
1478 2419 1512 2474 et
1536 2403 1677 2495 populi,
1701 2406 1781 2474 tolli
1808 2429 1849 2476 ex
1865 2404 2005 2499 Repuh.
2030 2435 2131 2501 prac-

115 2519 210 2598 opto,
242 2517 285 2576 ut
306 2528 346 2575 ea
376 2505 531 2595 cognitio
555 2505 593 2573 in
619 2507 720 2576 vobis
747 2519 889 2580 crescat.
954 2505 1091 2576 Deinde
1143 2505 1429 2597 cipuumdecus‚
1455 2499 1778 2598 videliceto'tis'wpu
1803 2505 2022 2604 ἱσερατικὸν.
2056 2496 2131 2585 'Pa-
2231 2588 2233 2593 s

89 2684 93 2689 ,
115 2606 268 2701 sequitur
283 2607 421 2678 exordii
439 2607 650 2698 propositio:
677 2606 793 2698 Cupio
812 2632 875 2678 vos
892 2631 1009 2678 coram
1024 2609 1091 2677 do'·
1143 2606 1187 2676 lis
1207 2609 1358 2679 mutatio
1379 2608 1558 2696 ingentem
1577 2608 1736 2677 dolorem
1763 2612 1876 2680 adfert
1898 2614 2129 2704 sapientibus.

116 2732 195 2784 tere.
245 2708 313 2781 Cui
328 2715 448 2780 attexit
461 2709 577 2778 statim
591 2710 863 2780 adversativam:
888 2713 950 2781 sed
972 2704 1089 2780 hacte-
1143 2708 1217 2781 Has
1239 2709 1397 2780 flammas
1418 2710 1492 2780 odii
1521 2710 1669 2798 augebat
1698 2710 1881 2796 diabolus,
1917 2715 2130 2788 incendebat

117 2834 181 2909 uus.
200 2811 433 2882 detinuerunt
464 2834 519 2878 me
542 2807 669 2881 harum
693 2813 877 2902 regionum
901 2810 1090 2895 Ecclesiae,
1142 2810 1326 2904 Principes
1339 2814 1381 2881 ad
1399 2811 1663 2895 crudelitatem,
1690 2815 1732 2880 ad
1753 2812 2013 2886 interficiendos
2029 2817 2130 2909 Apo·

116 2927 148 2985 ot
160 2914 202 2984 ad
219 2937 284 2984 vos
297 2912 468 3004 proficisci
488 2936 561 2982 non
582 2915 770 3005 potuerim.
822 2912 945 2986 Tertio
970 2913 1089 3006 sequi·
1141 2914 1261 2984 stolos.
1313 2913 1364 2985 lta
1391 2928 1425 2984 et
1448 2908 1516 2982 hoc
1541 2926 1697 3002 tempore
1722 2916 1972 3006 superbissime
1987 2920 2129 2989 deride-

117 3028 166 3086 tor
186 3016 280 3087 ratio
304 3015 576 3107 propositionis,
615 3040 679 3085 cur
705 3017 786 3086 illos
813 3024 931 3086 coram
962 3017 1089 3085 docere
1141 3038 1223 3085 mur
1251 3016 1297 3085 ab
1318 3012 1522 3105 Epicureis,
1562 3017 1657 3106 quod
1685 3011 1917 3107 Evangelium
1949 3042 2023 3089 non
2055 3042 2129 3091 esse

117 3119 241 3211 cupiat:
283 3116 400 3206 Quia,
439 3110 575 3209 inquit,
618 3119 731 3188 debeo
754 3118 875 3187 iuvare
901 3115 1087 3207 Evangelii
1140 3116 1422 3186 commentitium
1453 3115 1649 3195 sentimus,
1697 3119 1793 3209 quod
1832 3118 1925 3187 serio
1958 3120 2129 3191 sentimus

116 3220 329 3312 nottaapnd
349 3242 491 3302 omnes,
514 3220 719 3290 eruditoset
738 3221 945 3292 ineruditos.
986 3220 1087 3290 Haec
1140 3218 1173 3288 ei
1188 3219 1503 3309 obtemperandum
1522 3239 1606 3289 esse.
1658 3212 1774 3307 Reges
1797 3233 1830 3288 ct
1847 3218 2030 3311 Principes
2054 3222 2127 3293 lre·

117 3322 225 3391 omnia
254 3322 433 3414 pertinent
460 3323 503 3390 ad
531 3320 627 3391 locos
656 3323 898 3393 conciliandae
931 3325 1087 3394 benevo·
1139 3334 1244 3391 munt
1266 3320 1401 3392 turbari
1420 3317 1713 3411 tranquillitatem
1736 3318 1918 3391 civitatum
1943 3324 2128 3394 dissimili·

115 3420 247 3498 lentiac.
320 3418 442 3492 Altera
471 3418 675 3521 αἰτιολογία
704 3424 822 3495 reddit
846 3425 1012 3496 lectorem
1033 3437 1087 3495 at·
1140 3424 1264 3493 tudine
1286 3423 1480 3494 doctrinae.
1548 3418 1736 3492 Pontifices
1761 3422 1890 3493 nolunt
1914 3421 2130 3517 reprehendi

116 3534 260 3615 tentum,
286 3524 491 3615 adignitate
507 3522 691 3614 Evangelii
708 3540 839 3596 sumta:
879 3525 962 3597 Non
979 3527 1087 3618 pudet
1139 3525 1362 3606 idolatriam,
1388 3547 1433 3593 ne
1456 3522 1627 3594 autoritas
1642 3544 1764 3593 eorum
1779 3524 1931 3612 labefiat,
1955 3524 2128 3598 Monachi

115 3650 161 3696 me
180 3624 380 3716 Evangelii.
447 3623 550 3696 Hanc
575 3651 695 3696 vocem
723 3629 872 3719 opponit
893 3628 1084 3721 impiorum
1140 3641 1303 3699 metuunt
1328 3626 1507 3722 quaestui:
1549 3625 1651 3715 pauci
1675 3626 1926 3718 superstitione
1957 3629 2130 3717 fascinati,
2220 3650 2224 3655 ·

115 3728 434 3799 omniumiudiciis.
475 3727 564 3799 Nam
580 3725 746 3821 Epicurei
763 3731 800 3798 in
818 3734 971 3816 mundo,
996 3754 1086 3826 quo·
1137 3732 1359 3801 contendunt
1381 3720 1563 3820 prohiberi
1584 3727 1677 3797 bona
1700 3751 1818 3821 opera.
1868 3725 1923 3799 Ex
1941 3743 1994 3802 tot
2015 3732 2130 3801 causis

112 3852 183 3900 rum
203 3842 257 3902 est
277 3830 402 3920 ingens
425 3831 637 3915 multitudo,
669 3845 902 3903 contemnunt
923 3829 1086 3923 Evange·
1138 3833 1255 3903 existit
1286 3830 1491 3902 immanitas
1522 3828 1687 3899 odiorum
1719 3842 1841 3900 contra
1875 3826 2127 3921 Evangelium:

112 3930 208 4017 lium,
249 3946 284 4003 et
314 3933 535 4002 arbitrantur
565 3934 845 4004 commentitium
875 3948 910 4005 et
938 3933 1086 4006 stultum
1139 3935 1199 4003 sed
1217 3958 1283 4005 nos
1301 3946 1423 4003 contra
1441 3931 1578 4021 ingenti
1597 3931 1717 4000 animo
1739 3945 1934 4001 statuamus
1957 3956 2030 4001 non
2054 3956 2129 4004 esse

111 4036 228 4123 poema
247 4035 480 4106 barbarorum
496 4032 681 4105 hominum
698 4059 781 4109 esse.
836 4036 1001 4131 Plerique
1021 4061 1087 4128 gu·
1140 4037 1376 4108 abiiciendam
1394 4031 1584 4122 Evangelii
1602 4032 1865 4122 professionem.
1917 4031 1998 4102 Non
2018 4037 2127 4125 pudet

107 4136 310 4207 bernatores
331 4134 564 4226 Reipublicae
591 4138 696 4207 etiam
723 4139 915 4210 crudeliter
934 4139 1088 4210 oderunt
1141 4162 1208 4209 nos
1222 4132 1329 4208 huius
1344 4134 1542 4208 doctrinae.
1583 4130 1666 4203 Non
1683 4147 1736 4204 est
1751 4135 1846 4202 euim
1863 4135 1982 4205 inanis
1997 4136 2128 4222 labaala,

106 4230 172 4308 boc
183 4238 368 4309 doctrinae
384 4260 511 4330 genus,
539 4264 610 4332 quo
626 4240 825 4311 existimant
841 4241 978 4312 turbari
997 4240 1087 4324 civi·
1142 4265 1216 4312 non
1241 4254 1293 4311 est
1316 4236 1502 4309 barbarica
1524 4233 1754 4326 superstitio,
1793 4237 1855 4306 sed
1881 4250 1934 4307 est
1954 4240 2126 4309 sententia

105 4353 215 4411 tatum
240 4352 275 4409 et
297 4341 486 4432 impiorum
511 4341 822 4433 tranquillitatem,
855 4342 1005 4433 cupiunt
1028 4369 1089 4414 ex·
1141 4343 1228 4422 Dei,
1253 4342 1424 4434 patefacta
1439 4337 1631 4416 divinitus,
1656 4358 1725 4428 qua
1741 4335 1818 4405 vult
1835 4331 2043 4409 hominibus
2059 4341 2127 4408 im-

104 4444 263 4535 tioguere
294 4456 461 4534 tanquam
494 4444 604 4512 facem
638 4444 853 4514 seditionum
887 4459 921 4515 et
954 4445 1089 4518 discor·
1142 4446 1271 4539 pertire
1304 4444 1453 4514 salutem
1491 4453 1681 4510 aeternam.
1745 4430 1811 4509 Est
1839 4435 1935 4508 Deus
1961 4443 2128 4511 conditor

104 4547 243 4614 diarum
269 4544 441 4615 civilium.
506 4542 649 4614 Praeter
672 4542 736 4615 hos
758 4541 963 4640 hypocritae
983 4548 1088 4619 iasci-
1141 4548 1301 4619 omnium
1319 4567 1438 4615 rernm
1456 4564 1494 4611 ac
1509 4538 1645 4630 generis
1669 4530 1836 4624 humani,
1862 4540 1892 4609 is
1913 4565 1986 4610 nou
2013 4545 2126 4614 voluit

102 4648 175 4717 nati
207 4646 538 4738 superstitionibus,
578 4650 617 4717 ut
654 4661 737 4718 tunc
774 4646 913 4734 ludaei,
954 4663 987 4720 et
1020 4647 1087 4720 hoc
1143 4672 1285 4743 prorsus
1302 4647 1417 4739 perire
1431 4666 1542 4739 genus
1556 4635 1770 4723 humanum,
1796 4643 1890 4734 quod
1909 4647 2127 4725 condiderat,

102 4762 260 4841 tempore
276 4743 446 4817 Monachi
471 4763 503 4818 et
527 4744 655 4818 horum
676 4748 827 4830 similes,
855 4751 967 4821 multo
992 4776 1089 4822 acer·
1141 4767 1181 4822 nt
1197 4752 1233 4818 in
1254 4771 1296 4818 eo
1312 4749 1444 4817 luceret
1461 4743 1528 4815 Dei
1553 4740 1697 4811 noticia.
1752 4739 1872 4830 Quare
1893 4766 1929 4812 se
1954 4748 1998 4813 ab
2023 4747 2127 4816 initio

101 4850 180 4921 bius
194 4851 349 4921 oderunt
376 4847 627 4939 Evangelinm,
654 4874 760 4944 quam
781 4851 863 4933 alii,
890 4853 972 4945 quia
993 4854 1088 4924 iudi·
1141 4853 1244 4925 certis
1261 4847 1473 4922 testimoniis
1488 4842 1648 4937 patefecit
1663 4841 1845 4934 patribus,
1871 4846 1991 4939 eisque
2006 4844 2127 4916 Evan-

101 4967 181 5026 cant
209 4975 287 5021 esse
315 4952 609 5022 contumeliosum
641 4955 810 5024 adversus
833 4952 971 5039 Deum,
1008 4979 1087 5026 cum
1140 4955 1271 5044 gelium
1285 4952 1445 5024 tradidit.
1496 4946 1569 5019 Nec
1584 4945 1653 5015 alia
1671 4956 1723 5014 est
1738 4968 1886 5038 usquam
1905 4949 2067 5019 doctrina
2081 4952 2127 5019 dc

100 5056 277 5155 vituperat
293 5055 554 5144 superstitiosos
571 5056 704 5139 cultus,
730 5079 819 5147 quos
835 5056 894 5126 isti
919 5070 1087 5150 tanquam
1141 5051 1207 5127 hac
1231 5055 1413 5126 voluntate
1428 5049 1514 5134 Dei,
1546 5059 1640 5118 certa
1665 5047 1851 5118 autoritate
1874 5062 2033 5138 accepta,
2066 5064 2126 5121 ant

101 5177 274 5229 summam
296 5154 461 5245 pietatem
480 5170 509 5224 et
528 5158 717 5249 religiones
741 5157 949 5247 angelorum
972 5159 1087 5228 admi·
1140 5159 1347 5243 confirmata
1362 5155 1455 5226 veris
1470 5148 1682 5222 testimoniis
1698 5147 1926 5228 coelestibus,
1952 5150 2022 5220 nisi
2040 5145 2126 5222 haec

355 1110 366 1131 .-
480 1037 738 1117 Exordium.

97 5273 235 5331 rantur.
302 5252 351 5327 Et
372 5252 439 5327 hos
463 5261 600 5329 furores
624 5259 662 5327 in
688 5257 809 5356 impiis
832 5259 997 5328 diabolus
1019 5259 1088 5330 im·
1137 5256 1325 5350 Evangelii
1338 5256 1513 5328 doctrina.
1566 5249 1687 5340 Quare
1703 5272 1778 5318 non
1794 5271 2022 5338 aspernemur
2035 5275 2125 5338 eam,

95 5362 194 5434 mani
208 5360 295 5432 odio
311 5354 448 5432 Christi
464 5362 609 5444 ardens,¹
633 5372 736 5452 auget
753 5373 787 5434 et
801 5360 1004 5450 confirmat,
1029 5361 1086 5433 io·
1135 5363 1199 5434 sed
1214 5360 1247 5433 ei
1261 5363 1556 5454 obtemperemus,
1574 5378 1614 5425 ac
1628 5352 1779 5423 sciamus
1793 5348 1910 5423 Deum
1927 5375 2010 5425 vere
2023 5376 2126 5448 prae-
