4530 5776
67 187 142 275 nt
465 181 1428 337 xrcnnanntrtotn‘rvanu.1oauu1s
1483 182 1717 266 canxtv.
2030 114 2126 297 gos
2228 180 2232 185 ·

65 394 152 445 vete
168 364 292 445 Adam
317 368 463 463 lapsum
494 368 534 439 in
557 364 729 437 Perediso
755 364 985 453 obiurgabat,
1023 375 1058 432 et
1107 384 1167 439 mo
1182 361 1340 431 ascendit
1356 361 1395 430 in
1409 361 1563 447 coelum,
1590 361 1659 431 nisi
1682 364 1743 456 qui
1768 387 1809 435 ex
1832 367 1931 439 coelo
1954 365 2099 441 descen-

63 474 163 548 misit
176 467 386 557 Christum,
411 484 455 543 ut
472 471 648 562 praedicet
669 467 922 559 poenitentiam
945 479 979 535 et
1002 488 1058 534 re-
1107 464 1177 547 dit,
1211 463 1307 532 filins
1325 459 1502 546 hominis,
1527 464 1592 557 qui
1609 479 1660 535 est
1675 467 1713 533 in
1731 469 1838 543 coelo.

62 576 271 648 missionem
287 587 526 668 peecatorum.
574 567 716 642 Rursus
730 570 835 639 etiam
858 590 895 636 se
918 580 1057 639 susten·
1208 562 1306 635 Haec
1328 567 1420 635 dicta
1441 565 1507 634 etsi
1535 567 1639 655 longe
1670 570 1831 639 omnium
1854 587 2094 661 creaturarum

60 692 135 751 tent
150 679 263 749 oortla
290 701 377 748 voce
393 672 601 764 Evangelii,
634 684 669 740 et
691 670 900 741 intueantur
920 669 1056 739 media-
1105 680 1247 756 captum
1279 681 1471 761 superant,
1516 681 1638 749 tamen
1667 673 1815 740 anobis
1842 675 1909 743 lide
1940 682 2092 747 tenenda

60 797 177 853 torem
190 779 401 861 crucifixum
418 791 452 847 et
467 774 733 857 resuscitatum,
756 786 791 842 ct
806 794 926 841 revera
943 773 1058 841 sciant
1104 782 1208 852 sunt,
1234 791 1274 836 ac
1293 773 1422 839 docent
1440 771 1476 837 in
1495 765 1639 840 Christo
1656 786 1818 843 naturam
1834 777 1993 846 divinam
2010 803 2093 863 esse,

58 907 95 953 se
114 895 275 975 propter
297 902 381 951 eum
404 878 515 969 recipi
538 877 585 946 ab
616 888 762 945 aeterno
780 887 890 964 patre.
948 870 1056 943 Hunc
1105 885 1139 941 et
1164 885 1347 939 aeternnm
1371 885 1504 962 patrem
1528 888 1562 942 et
1584 873 1697 941 filium
1720 898 1857 966 semper
1880 880 2093 963 simulesse,

58 986 298 1056 mediatorem
322 982 435 1052 sciant
454 981 576 1049 sedere
594 978 640 1048 sd
664 978 823 1045 dextram
849 974 976 1066 patris,
1016 986 1056 1045 ut
1105 985 1139 1041 et
1154 973 1258 1040 simul
1276 973 1411 1041 efficere
1426 997 1530 1062 opera
1547 976 1679 1055 omnia,
1700 981 1976 1067 quaedivinitus
1992 983 2092 1066 fictor,
2215 1016 2218 1021 ·

57 1093 117 1159 det
137 1089 241 1157 dona
262 1108 326 1156 sua
346 1079 545 1165 Ecclesiae,
576 1073 673 1150 bunc
693 1079 881 1157 invocent,
915 1068 1054 1147 abhoc
1104 1071 1386 1147 sicutloann.5.
1411 1075 1561 1146 dicitnr:
1601 1075 1706 1146 Pater
1728 1102 1960 1175 mensusque
1983 1092 2090 1155 modo

56 1201 182 1282 petant
198 1189 314 1272 dona,
339 1185 432 1257 sieut
443 1181 619 1276 promisit.
1048 1242 1051 1247 .
1104 1188 1291 1266 operatur,
1317 1190 1350 1244 et
1366 1198 1428 1265 ego
1448 1201 1585 1267 operor.
1638 1178 1776 1249 Docent
1798 1185 1880 1252 item
1897 1208 2090 1271 congruere

1103 1278 1321 1348 voluntatem
1346 1280 1454 1369 patris
1476 1292 1510 1349 et
1530 1279 1614 1364 filii,
1652 1305 1717 1350 nec
1739 1285 1844 1355 aliam
1866 1289 2088 1375 cogitandam

273 1348 553 1465 Qt'ttflvt'delmls
587 1343 852 1448 Vldllpalfssm·
1103 1402 1176 1449 esse
1197 1381 1416 1450 voluntatem
1441 1378 1524 1466 Dei,
1558 1406 1663 1473 quam
1685 1385 1783 1453 illam
1806 1393 1949 1479 quaein
1967 1388 2090 1460 Evan-

160 1490 474 1567 deserventium
504 1484 613 1559 buius
641 1484 842 1567 doctrinae,
879 1504 1055 1575 quaeren-
1101 1481 1193 1569 gelio
1210 1505 1273 1579 per
1293 1481 1407 1551 filium
1429 1485 1642 1553 annunciata
1663 1499 1726 1557 est.
1785 1486 1884 1558 Sicut
1903 1508 1936 1561 et
1952 1488 2008 1561 ltic
2022 1495 2089 1563 ait:

57 1594 369 1670 dumesscDeum
394 1591 579 1682 agnitione
600 1589 668 1659 filii
699 1586 854 1657 crucifixi
876 1600 911 1656 et
936 1607 1052 1655 resus-
1100 1581 1218 1654 Verba
1241 1608 1331 1677 quae
1353 1607 1417 1674 ego
1447 1585 1595 1675 loquor,
1628 1611 1648 1655 a
1673 1588 1827 1676 meipso
1852 1617 1925 1661 non
1949 1594 2089 1686 loquor,

57 1702 176 1784 dmg,
198 1694 456 1785 ,2E72n301fi‚
487 1693 526 1761 in
547 1687 692 1785 quohic
712 1685 888 1758 filiusDei
913 1687 1051 1777 praedi·
1100 1687 1159 1753 sed
1185 1699 1284 1775 pater
1310 1687 1348 1754 in
1374 1711 1431 1755 me
1452 1711 1619 1771 manens,
1658 1690 1733 1778 ipse
1755 1692 1837 1761 facit
1863 1719 1988 1785 opera,
2022 1694 2101 1781 etc,
2167 1736 2173 1741 ·

57 1818 171 1877 catur.
231 1796 306 1869 Nec
334 1801 379 1867 de
406 1795 575 1883 essentie,
615 1815 681 1861 nec
710 1792 755 1860 de
777 1791 960 1859 voluntate
983 1786 1050 1857 Dei
1102 1782 1541 1878 Opponamuscrgohaec
1565 1790 1656 1858 dieta
1678 1794 1847 1862 omnibus
1873 1799 2086 1886 speculatio-

57 1918 153 1975 ,κη
179 1900 310 1985 gemit,
345 1890 515 1988 ignoraus
538 1895 664 1968 filium.
723 1890 923 1979 Sapientes,
955 1886 1049 1960 Eth·
1098 1889 1205 1958 nibus
1220 1891 1264 1957 de
1280 1885 1375 1974 Deo,
1401 1914 1487 1980 quas
1503 1892 1594 1960 ratio
1614 1888 1768 1961 humana
1784 1898 1906 1967 relicto
1924 1895 2086 1987 Evange-

59 2008 152 2095 nici,
180 1996 477 2084 Mahometistae,
510 1996 632 2067 ludaei
656 2007 831 2078 recentes,
865 1995 909 2062 de
931 2016 1048 2061 essen·
1098 1989 1147 2059 lio
1179 1991 1477 2074 comminiscitur,
1517 2003 1552 2061 et
1575 1998 1618 2061 ad
1642 1988 1738 2064 hunc
1761 1993 1943 2069 Christum
1972 2003 2086 2070 cruci·

59 2110 106 2178 tis
127 2106 251 2199 palem
282 2116 423 2186 errent,
455 2100 537 2192 quia
568 2111 696 2187 negant
717 2090 814 2165 hunc
833 2117 906 2163 esse
931 2091 1045 2163 Deum
1098 2092 1206 2161 fixum
1226 2106 1271 2162 “et
1293 2096 1554 2175 resuscitatum,
1601 2109 1636 2165 et
1671 2099 1713 2163 ad
1743 2093 1976 2189 Evangelium
2009 2104 2087 2172 eius

60 2224 275 2295 ementem,
311 2204 376 2297 qui
407 2203 506 2272 misit
534 2195 631 2270 hunc
650 2200 763 2268 filium
786 2194 989 2266 ctttcifixum
1014 2209 1049 2265 et
1098 2207 1233 2262 mentes
1250 2208 1388 2265 nostras
1404 2195 1607 2282 alligemus,
1632 2220 1697 2265 nec
1720 2198 1805 2268 inde
1823 2226 1887 2272 nos
1905 2205 2011 2273 avelli
2034 2209 2086 2293 si-¹

60 2310 319 2383 munitatum.
371 2304 449 2375 lmo
466 2299 562 2375 bunc
580 2302 696 2372 filium
713 2300 983 2381 abominantur,
1008 2310 1049 2367 ut
1098 2317 1240 2378 namus,
1281 2309 1323 2367 ut
1343 2296 1447 2366 multi
1470 2297 1555 2393 inde
1578 2297 1893 2387 imaginationibus
1918 2302 2086 2377 humanis

62 2413 283 2484 teterrimum
297 2406 448 2479 idolum.
498 2403 554 2475 Ac
569 2405 711 2474 interim
725 2403 865 2491 lingunt
889 2401 956 2470 sibi
981 2399 1048 2467 ali·
1098 2422 1237 2489 semper
1251 2398 1366 2468 avulsi
1381 2414 1486 2485 sunt,
1511 2413 1545 2468 et
1557 2402 1773 2474 avelluntur.

63 2538 164 2595 onem
180 2524 398 2594 creatorem,
423 2520 456 2579 et
470 2528 553 2577 suos
576 2507 746 2598 quosdam
768 2503 883 2573 cultus
908 2502 1047 2589 excogi·
1194 2565 1204 2585 ‚
1308 2565 1362 2595 ·.·
1927 2579 1936 2597 ι

64 2630 154 2701 tent,
179 2614 415 2706 quibuscum
434 2609 623 2681 celebrent.
679 2604 911 2675 Hanctotam
936 2604 1048 2673 caeci·
1121 2560 1384 2663 Qmm‘mm
1400 2592 1473 2652 ’Μ’
1501 2596 1628 2669 ⁰W⁰³
1656 2578 2059 2676 9⁸0⁶‘6'0s‘¹⁶¹⁰²⁶¹⁶·

64 2733 163 2791 tatem
188 2720 338 2786 damnat
360 2708 543 2796 Christus,
579 2708 723 2779 loannis
744 2705 780 2780 5.
804 2707 944 2776 dicens:
975 2704 1047 2791 Qui
1198 2705 1331 2797 Magna
1355 2710 1551 2780 consolatio
1574 2728 1625 2784 est
1648 2715 1715 2804 piis
1735 2715 1774 2782 in
1798 2719 1906 2787 tantis
1931 2721 2085 2791 miseriis
2207 2734 2212 2755 ¹

63 2846 129 2892 tron
144 2816 305 2891 honorat
318 2814 542 2894 lilium,non
560 2807 712 2880 honorat
730 2822 876 2899 patrem.
909 2805 1048 2877 Deinde
1095 2804 1292 2893 Ecclesiae,
1330 2834 1417 2901 quas
1443 2836 1523 2881 cum
1551 2817 1757 2901 aspicimus,
1784 2820 1948 2889 videmur
1970 2821 2083 2893 allen

64 2927 159 2995 etde
181 2920 370 2990 voluntate
390 2928 530 2999 errant,
563 2912 702 2982 etiarnsi
725 2911 811 3000 legis
836 2908 965 2977 noticia
990 2924 1049 2978 ut·
1097 2911 1246 2997 negligi,
1285 2925 1319 2980 et
1348 2913 1475 2981 frustra
1505 2915 1730 2986 circumferre
1750 2915 2005 3010 Evangelium,
2048 2943 2084 2997 et

65 3046 201 3119 conque
216 3034 361 3104 ntanet,
385 3032 503 3088 tamen
521 3039 626 3085 nemo
641 3027 757 3105 potest
775 3026 870 3081 certo
896 3024 1049 3080 statuere
1097 3007 1188 3080 banc
1206 3036 1324 3080 vocem
1341 3010 1527 3104 Evangelii
1544 3018 1686 3086 inanem
1708 3022 1865 3090 sonitum
1889 3049 1981 3109 esse,
2008 3051 2082 3097 non

63 3127 167 3219 recipi
185 3139 220 3195 et
244 3120 405 3192 exaudiri
426 3142 464 3188 se
486 3116 616 3201 clleo,
649 3116 718 3185 nisi
738 3111 1047 3206 perEvangelium
1096 3130 1234 3184 mutare
1250 3109 1430 3200 homines,
1455 3141 1528 3186 non
1542 3119 1666 3187 afferre
1683 3125 2005 3194 reconciliationem
2015 3128 2082 3199 Dei

64 3240 225 3319 agnoscat
241 3220 425 3296 Christum
441 3220 691 3290 mediatorem:
721 3218 935 3286 invocarunt
955 3209 1047 3283 Eth-
1096 3229 1130 3284 et
1143 3216 1252 3289 vitam
1268 3229 1457 3291 aeternam.
1499 3215 1665 3312 Denique
1681 3224 1843 3293 videmur
1857 3228 1985 3296 frustra
2003 3255 2082 3300 mo-

63 3333 148 3417 uiei,
192 3341 226 3398 et
253 3328 380 3415 longos
404 3318 556 3417 hymnos
577 3321 790 3399 recitarunt,
825 3318 994 3387 invocant
1014 3329 1045 3385 et
1097 3334 1178 3385 vere
1193 3318 1315 3386 orbem
1331 3331 1523 3406 terrarum,
1548 3336 1581 3391 et
1597 3337 1734 3393 tantum
1756 3329 1858 3395 nobis
1874 3331 2031 3402 miserias
2048 3350 2082 3403 et

64 3425 461 3509 nuneMahometistac,
487 3420 631 3506 ludaei,
656 3420 834 3512 Papistae,
867 3433 900 3488 et
923 3439 1048 3487 omnes
1096 3421 1270 3489 cruciatus
1285 3444 1473 3495 accersere.
1525 3421 1706 3494 Adversus
1729 3423 1820 3497 lianc
1846 3432 1969 3500 falsam
1992 3435 2081 3504 ima·
2196 3450 2201 3461 ·

63 3539 266 3629 ignorantes
279 3525 533 3617 Evangelium,
558 3527 618 3594 sed
635 3546 859 3616 nequaquam
877 3532 1048 3605 statuunt,
1095 3520 1312 3606 ginationem
1330 3520 1493 3594 Christus
1508 3529 1731 3610 consolatur,
1759 3543 1791 3598 et
1816 3535 2000 3605 confirmat
2016 3564 2082 3607 nos

63 3652 145 3711 teet
167 3656 295 3726 preces
317 3653 396 3701 suas
418 3627 538 3716 recipi.
596 3625 762 3695 ludicant
784 3636 940 3711 mentes,
970 3645 1044 3691 non
1095 3616 1160 3691 hac
1180 3624 1395 3714 amplissima
1419 3629 1671 3717 promissione:
1712 3628 1784 3717 Qui
1809 3636 1919 3706 credit
1949 3640 1987 3706 in
2014 3666 2081 3719 me,

62 3741 161 3834 recipi
185 3737 389 3821 indignos„
406 3744 439 3801 et
459 3742 655 3818 agnoscunt
675 3748 712 3795 se
736 3726 867 3814 singuli
892 3747 965 3795 esse
985 3724 1045 3794 in-
1094 3749 1217 3814 opera,
1243 3750 1332 3816 quae
1348 3749 1410 3813 ego
1439 3731 1546 3813 facio,
1581 3746 1613 3801 et
1636 3733 1710 3819 ipse
1731 3734 1854 3817 faciet,
1886 3752 1920 3805 et
1948 3743 2081 3810 maiora

61 3846 200 3935 dignos,
240 3837 406 3909 dubitant
430 3832 538 3922 igitur
558 3854 603 3900 an
635 3829 871 3920 recipiantur,
912 3838 1044 3896 ettan·
1094 3821 1279 3900 ltisfaciet.
1329 3825 1410 3897 Non
1436 3830 1595 3922 loquitur
1616 3829 2080 3910 Cltristnstantmndemi-

10 4000 12 4007 ,
62 3948 131 4017 dem
146 3938 400 4031 desperatione
417 3935 681 4025 opprimuntur.
835 3968 838 3973 ·
1094 3928 1243 4012 raculis,
1271 3952 1360 4021 quae
1376 3930 1563 4001 incurrunt
1584 3934 1621 4000 in
1641 3937 1782 4021 oculos,
1806 3953 1844 4007 ut
1860 3943 1902 4007 de
1925 3946 2080 4012 sanatio-

10 4030 12 4039 *
81 4096 85 4103 -
148 4046 341 4117 Adversus
362 4032 428 4107 lias
447 4037 610 4107 tenebras
633 4049 800 4125 utrasque
823 4031 976 4102 tenenda
994 4043 1045 4099 est
1094 4032 1201 4100 nibus
1215 4032 1450 4119 leprosorum,
1477 4048 1537 4102 aut
1557 4060 1753 4121 caecorum,
1779 4055 1839 4109 ant
1858 4042 2080 4115 claudorum.

10 4127 13 4143 Ι
57 4148 248 4223 sententia:
275 4141 349 4231 Qui
367 4139 464 4209 videt
480 4161 555 4222 me,
589 4136 686 4206 videt
708 4149 854 4226 patrem.
905 4130 1042 4203 DeDei
1094 4134 1193 4203 Haec
1209 4156 1282 4200 non
1297 4148 1380 4203 sunt
1398 4135 1582 4226 praecipua
1608 4163 1714 4225 opera
1736 4156 1881 4237 propter
1906 4170 1994 4234 qnae
2017 4173 2079 4217 ve.

56 4252 202 4324 essentia
232 4259 267 4315 et
292 4244 474 4313 voluntate
504 4262 694 4334 quaerens,
740 4236 913 4306 intuearis
936 4229 1043 4303 Chri·
1093 4235 1146 4304 nit
1164 4232 1341 4323 Christus,
1369 4250 1405 4306 et
1417 4251 1561 4328 propter
1584 4263 1673 4330 quae
1696 4241 1775 4309 data
1800 4259 1850 4313 est
1874 4271 1939 4315 vox
1958 4246 2080 4319 Evan-

54 4374 139 4429 unm
169 4347 379 4422 crucifixum
406 4358 440 4414 et
462 4341 717 4412 resuscitatum.
782 4335 852 4408 Hic
881 4350 932 4405 est
961 4358 1043 4403 vere
1093 4337 1198 4425 gelii‚
1225 4339 1283 4406 sed
1301 4339 1369 4406 alia
1386 4341 1519 4408 maiora
1537 4355 1637 4422 sunt,
1664 4343 1707 4409 de
1733 4345 1863 4432 quibus
1883 4350 1968 4420 dicit
1986 4350 2079 4423 Pau-

53 4452 261 4549 lleus‚.qui
285 4472 321 4517 se
345 4470 408 4538 per
428 4438 524 4514 hunc
545 4443 656 4512 lilium
683 4440 862 4530 patefecit,
898 4452 934 4507 et
955 4432 1042 4505 haec
1092 4440 1164 4508 lus:
1191 4436 2079 4532 EvangeliumestpotentiaDeindsalutemomni

53 4558 226 4633 rereeins
241 4542 406 4620 voluntas
420 4560 502 4625 esto
521 4569 627 4637 quam
652 4539 711 4612 hic
727 4543 822 4613 lilius
835 4540 1041 4618 annunciat,
1090 4543 1260 4611 credenti.
1322 4541 1532 4612 sanationes
1562 4544 1643 4613 illae
1673 4569 1860 4636 corporum
1887 4569 1971 4625 sunt
1999 4560 2080 4648 qni.

52 4658 238 4759 quidiste:
270 4650 433 4725 Haereat
451 4648 615 4717 volontas
631 4647 755 4735 patris,
778 4643 842 4738 qui
860 4641 957 4712 misit
972 4666 1039 4721 me,
1090 4646 1172 4711 dem
1201 4643 1402 4713 testimonia
1431 4646 1632 4731 doctrinae,
1673 4661 1707 4718 et
1728 4673 1864 4741 semper
1887 4648 2083 4729 ltabetEc-

51 4760 228 4839 momnis
247 4758 307 4850 qni
325 4752 436 4825 credit
453 4751 491 4819 in
508 4750 634 4829 lilium,
660 4743 786 4818 habeat
803 4747 909 4817 vitam
925 4760 1038 4814 aeter·
1088 4745 1193 4815 clesia
1232 4745 1350 4837 aliqua
1395 4747 1499 4816 etiam
1537 4750 1732 4840 corporalia
1780 4754 1967 4841 miracula,
2019 4766 2080 4829 secl

52 4888 143 4939 nan.
195 4858 296 4931 Haec
312 4855 473 4925 doctrina
491 4876 555 4921 nec
571 4851 742 4937 intelligi,
775 4872 840 4919 nec
862 4848 948 4918 disci
975 4870 1039 4936 po—
1090 4847 1181 4916 alias-
1206 4848 1334 4934 magis,
1374 4850 1461 4918 alias
1492 4853 1611 4920 minus
1642 4854 1829 4945 conspicua
1856 4873 1890 4927 et
1914 4862 2079 4947 gloriosa,

51 4982 134 5053 test,
170 4963 243 5035 nisi
262 4961 304 5031 in
324 4981 407 5027 vero
424 4977 536 5044 agone
548 4969 582 5024 et
598 4952 690 5020 veris
704 4951 1037 5041 exercitiis-invoca·
1090 4951 1148 5018 sad
1175 4948 1279 5035 longe
1304 4973 1410 5037 supra
1435 4945 1498 5020 has
1521 4978 1710 5045 corporum
1740 4960 1940 5030 sanationes
1967 4966 2079 5031 collo-

52 5070 170 5143 tionis.
231 5061 419 5155 Aspiciens
441 5057 574 5139 lilium,
606 5054 693 5122 scito
719 5049 815 5123 hnnc
836 5074 975 5140 semper
1000 5052 1038 5119 in
1090 5063 1216 5121 centur
1243 5051 1413 5120 beneficia
1443 5067 1595 5124 aeterna.
1653 5051 1887 5147 Evangelinm
1920 5081 2080 5137 nonest

52 5176 129 5245 sinn
160 5192 235 5241 esse
262 5162 398 5237 aeterni
427 5159 552 5249 patris,
588 5156 677 5225 sicut
703 5151 760 5225 ltic
782 5155 914 5246 inquit:
962 5151 1038 5241 Ego
1090 5152 1209 5220 inanis
1240 5154 1397 5238 sonitus,
1438 5157 1497 5222 sed
1524 5178 1607 5225 vere
1641 5173 1691 5228 est
1716 5162 1972 5254 ministerium,
2007 5191 2082 5258 quo

52 5274 318 5365 sominpatre‚
345 5276 382 5333 et
406 5262 566 5350 paterio
588 5281 646 5326 me
668 5273 729 5329 est.
780 5254 967 5327 Etloann.
989 5259 1038 5325 l.:
1092 5253 1189 5327 Deus
1205 5257 1264 5323 dat
1282 5256 1528 5326 remissionem
1545 5274 1782 5347 peecatorum,
1807 5263 1979 5353 Spiritum
1997 5291 2083 5337 san-

53 5378 163 5453 lilius
176 5374 240 5471 qui
252 5385 308 5445 est
325 5369 366 5439 in
389 5365 472 5435 sinu
493 5361 612 5457 patris.
662 5357 775 5440 ltem,
791 5382 866 5452 cap.
880 5358 936 5432 a:
968 5353 1039 5427 Ne-
1093 5371 1212 5442 ctum,
1236 5356 1345 5429 vitam
1361 5372 1552 5448 aeternam,
1577 5374 1612 5433 et
1627 5364 1758 5437 vocatis
1776 5367 1819 5437 ad
1842 5367 1948 5437 vitam
1965 5387 2082 5443 aeter-

2039 5706 2154 5740 1—
