4522 5782
177 238 254 317 ω,
764 213 1603 299 rursusnscnursnxncnnca
1764 282 1767 289 .
2139 216 2220 297 sos

186 411 337 506 gelium,
371 402 681 495 sacramentorum
701 393 1064 477 administrationem,
1089 416 1175 464 con·
1224 392 1417 471 dictionem
1432 394 1670 487 superiorem,
1702 393 1741 463 id
1760 403 1833 478 est,
1857 390 1991 465 iudicia
2011 415 2136 463 rernm
2159 416 2220 465 ca·

187 514 374 586 sessionem
407 501 612 593 Evangelii,
652 499 766 570 multa
791 497 992 567 testimonia
1020 494 1176 588 Spiritus
1226 495 1409 586 pitalium,
1434 511 1475 567 ut
1495 502 1632 567 norun‘t
1653 497 1879 566 mediocriter
1899 496 2019 581 docti,
2051 518 2155 588 saepe
2177 497 2218 567 in

187 614 300 689 sancti
324 613 362 680 in
387 606 612 678 invocatione
638 614 673 697 et
697 601 734 669 in
764 599 1033 669 afflictionibus.
1085 595 1175 671 Cum
1225 598 1483 687 gubernatione
1499 594 1563 669 has
1576 612 1694 690 partes
1709 623 1728 669 a
1743 598 1892 669 diversis
1909 598 2105 689 possideri·
2131 596 2218 671 ldaa

189 716 283 791 enim
312 712 400 784 velit
431 708 529 780 Deus
560 730 596 777 se
620 716 654 774 et
680 703 793 772 filium
824 723 928 771 suum
958 701 1177 771 innotescere
1227 713 1343 769 autem
1360 696 1715 787 haecrecitantur,ut
1729 701 2107 771 discamusconvenire
2122 696 2218 772 hane

190 818 357 891 omuibus
373 809 603 894 hominibus,
629 819 663 877 et
678 802 837 874 invocari
852 803 891 870 in
906 824 1032 892 genere
1050 795 1177 872 huma·
1227 797 1412 872 historiam
1433 805 1480 873 ad
1504 815 1644 893 tempus
1664 802 1817 872 Messiae
1831 803 2050 893 praedictum
2066 803 2108 872 in
2126 799 2218 873 Pro·

140 916 144 924 ¹
190 947 260 1004 rto,
307 917 383 987 vult
405 909 600 984 Eeclesiam
634 930 734 977 suam
761 905 918 996 conspici
951 917 986 974 et
1007 906 1178 979 exaudiri.
1229 898 1362 994 phetis,
1394 905 1459 1001 qui
1482 906 1691 995 praedicunt
1713 902 1896 976 Christum
1918 918 2112 975 venturum
2140 926 2219 975 ces-

192 1022 314 1112 Quare
336 1040 410 1087 non
434 1026 597 1107 putemus
613 1007 807 1078 Ecclesiam
828 1029 904 1076 esse
920 1006 1035 1075 ideam
1056 1004 1180 1078 Plato·
1228 1019 1327 1076 sante
1349 1029 1457 1095 regno
1474 1004 1563 1076 luda
1585 1008 1692 1098 paulo
1708 1022 1790 1079 ante
1805 1006 2072 1096 dissipationem
2089 1029 2220 1077 secun·

193 1126 332 1206 nicam,
359 1142 449 1212 quae
471 1137 645 1210 nusquam
668 1109 825 1199 conspici
847 1109 978 1200 possit,
1013 1110 1072 1176 sed
1098 1109 1179 1179 ubi·
1230 1111 1310 1176 dam
1328 1109 1443 1197 gentis
1462 1105 1649 1193 ludaicae,
1670 1122 1711 1180 ut
1728 1111 1767 1179 iu
1784 1109 1937 1179 Daniele
1958 1109 2053 1178 clare
2073 1107 2219 1185 dicitur.

188 1248 335 1318 ‚cunque
349 1233 398 1290 est
414 1232 551 1299 coetus,
575 1237 696 1284 revera
716 1212 990 1281 fundamentum
1010 1209 1181 1296 retinens,
1230 1208 1299 1279 Hic
1316 1234 1400 1280 vero
1415 1212 1520 1281 etiam
1537 1212 1796 1292 consideretur,
1831 1212 2011 1304 quomodo
2028 1210 2127 1282 Deus
2143 1234 2220 1281 ser·

194 1329 233 1399 id
250 1341 318 1409 est,
344 1321 512 1393 articulos
529 1317 629 1411 fidei,
655 1327 690 1384 et
713 1337 788 1382 non
810 1314 1003 1382 defendens
1025 1314 1181 1404 pertina-
1231 1327 1289 1383 vet
1304 1334 1402 1382 suam
1418 1309 1611 1384 Ecclesiam
1633 1315 1672 1383 in
1690 1315 1804 1383 media
1825 1313 2015 1397 servitute,
2039 1325 2082 1382 ut
2103 1313 2221 1383 disca-

196 1429 283 1500 citer
295 1425 411 1507 idola,
435 1421 488 1490 ibi
502 1432 555 1489 est
571 1441 650 1487 vere
668 1411 866 1487 haereditas
881 1408 1033 1497 Christi,
1059 1428 1093 1485 et
1112 1417 1180 1484 ali·
1232 1436 1330 1498 mus,
1370 1437 1444 1486 non
1466 1427 1613 1506 propter
1634 1413 1790 1511 humana
1819 1415 1994 1507 praesidia
2022 1410 2221 1485 Ecclesiam

197 1555 266 1624 qua
294 1526 453 1598 membra
481 1523 589 1593 electa
616 1532 700 1590 sunt
733 1518 778 1586 ad
810 1529 988 1585 aeternam
1022 1515 1183 1605 gloriam,
1233 1540 1377 1585 manere
1403 1531 1584 1610 perpetuo.
1641 1513 1730 1590 Erat
1759 1518 2000 1588 testimonium
2034 1517 2111 1586 irae
2137 1516 2221 1604 Dei,

197 1630 334 1704 etiamsi
352 1640 436 1698 suut
449 1622 651 1702 dissimilia,
677 1619 747 1689 alia
765 1618 999 1688 imbecilliora
1015 1619 1105 1693 aliis.
1234 1621 1328 1711 quod
1349 1620 1544 1690 subiecerat
1567 1620 1739 1711 populum
1752 1618 1947 1705 Romanis,
1973 1642 2128 1711 quorum
2152 1618 2222 1687 im·

301 1729 486 1819 Quantum
510 1737 629 1795 autem
653 1721 738 1790 mali
760 1721 826 1800 sit,
852 1720 1104 1791 transformare
1125 1746 1183 1790 re·
1234 1721 1332 1812 peria
1355 1723 1439 1792 satis
1459 1723 1548 1791 dura
1566 1737 1600 1793 et
1615 1736 1760 1792 cruenta
1779 1735 1902 1801 erant,
1928 1722 2033 1790 multi
2051 1714 2222 1791 haeredes

97 1858 99 1862 ’
198 1854 308 1926 gemm
317 1827 452 1904 Christi
464 1831 502 1897 in
519 1825 715 1918 politicum,
732 1818 797 1891 hac
814 1822 890 1911 ipsa
905 1822 1059 1912 imagine
1073 1822 1181 1913 signi·
1234 1823 1325 1892 vitae
1341 1839 1503 1895 aeternae
1518 1824 1708 1894 crudeliter
1723 1824 2047 1914 interficiebantur,
2073 1836 2111 1893 et
2125 1822 2222 1893 mitt

199 1941 340 2008 licatum
358 1945 427 2018 est,
451 1931 546 2024 quod
568 1921 730 2000 Christus
748 1923 957 2017 producitur
973 1924 1010 1993 iu
1027 1949 1184 2017 purpura
1235 1939 1311 1997 tum
1327 1926 1532 2021 ¹petulantia
1560 1925 1799 2016 dissipabatur
1818 1926 2019 2018 disciplina.
2072 1923 2221 1996 luteritu

77 2088 80 2093 -
199 2054 235 2111 et
249 2036 361 2130 spinis
376 2043 576 2104 coronatus.
628 2026 702 2097 Nec
717 2027 868 2097 dubium
885 2040 936 2096 est
958 2020 1051 2096 hanc
1072 2027 1182 2118 ipsam
1235 2041 1370 2113 tamen,
1387 2044 1427 2097 ut
1442 2040 1585 2118 possent
1599 2051 1741 2097 manere
1758 2029 1920 2098 doctrina
1936 2043 1970 2098 et
1983 2027 2112 2109 cultus,
2127 2023 2222 2097 Deus

200 2138 437 2213 tristissimam
461 2133 633 2225 speciem,
660 2143 836 2199 ostensam
861 2150 936 2198 esse
956 2122 1048 2198 hanc
1073 2130 1183 2219 ipsam
1236 2130 1275 2197 in
1298 2131 1466 2200 interiore
1489 2130 1734 2200 iurisdictione
1763 2130 1877 2200 voluit
1898 2127 2040 2198 ludaeis
2062 2125 2222 2200 αὐτονο·

200 2245 249 2313 ob
265 2261 423 2322 causam,
449 2235 533 2329 quia
550 2230 608 2302 hic
623 2254 723 2301 error
740 2231 778 2298 in
795 2225 952 2299 Ecclesia
967 2230 1036 2299 late
1050 2253 1185 2319 grassa·
1235 2227 1330 2324 μίαν
1353 2233 1518 2317 concedi,
1544 2232 1635 2327 sicut
1649 2255 1747 2302 nunc
1767 2233 1834 2303 sub
1851 2231 1981 2302 Tuccia
1998 2245 2083 2303 sunt
2097 2228 2221 2301 Eccle-

201 2360 303 2417 turus
327 2352 425 2410 esset.
477 2334 664 2407 Romanus
678 2330 844 2405 Pontifex
865 2332 1108 2420 multipliciter
1129 2334 1186 2400 iu-
1235 2336 1307 2406 siae
1325 2338 1364 2403 in
1379 2336 1501 2405 multis
1519 2334 1617 2406 locis.

202 2446 282 2536 jicit
293 2461 483 2533 purpuram
499 2430 661 2513 Christo,
688 2448 722 2505 et
738 2447 884 2504 coronat
901 2456 980 2502 eum
998 2434 1125 2523 spinis,
1148 2448 1188 2504 ut
1338 2436 1417 2507 Hoc
1438 2437 1546 2526 igitur
1567 2435 1726 2525 exemplo
1742 2435 1936 2516 discamus,
1963 2459 2039 2506 non
2055 2428 2220 2505 humanis

202 2570 283 2617 cum
303 2536 623 2628 affirmatimperia
645 2535 770 2606 mundi
796 2535 947 2624 petenda
969 2558 1042 2605 esse
1064 2559 1083 2604 a
1106 2536 1187 2604 secle
1238 2540 1396 2615 consiliis
1411 2553 1472 2610 aut
1488 2538 1625 2608 viribus
1640 2539 1773 2607 serrari
1790 2535 1984 2623 Ecclesias,
2002 2553 2037 2609 et
2053 2561 2136 2608 cum
2151 2559 2219 2607 ser-
2245 2616 2253 2629 Ι

201 2645 387 2727 Romana,
427 2654 468 2711 ut
492 2639 529 2708 in
555 2661 686 2709 corona
712 2630 900 2726 Rodolphi
921 2634 1010 2726 Imp.
1033 2639 1188 2727 scripsit:
1239 2642 1350 2713 vitute
1362 2640 1617 2739 opprimimur,
1641 2639 1793 2710 sciamus
1810 2654 1979 2733 tanquam
1996 2662 2146 2728 poenam
2168 2653 2218 2709 to·

200 2740 539 2826 PetradeditPetro,
553 2739 678 2809 Petrus
692 2738 853 2808 diadema
862 2735 1068 2829 Rodolpho.
1095 2736 1189 2810 Surit
1240 2744 1419 2813 lerandam
1442 2766 1534 2828 esse,
1560 2767 1625 2812 nee
1645 2755 1763 2811 tamen
1784 2755 1969 2839 propterea
1990 2739 2217 2812 Ecclesisma

204 2851 310 2921 etiam
332 2846 475 2946 spinae,
501 2865 653 2913 canones
675 2843 718 2910 de
738 2840 890 2928 primatu
908 2855 940 2912 et
956 2842 1077 2911 multis
1092 2865 1188 2911 cere·
1239 2844 1315 2915 Deo
1332 2845 1501 2916 abiectam
1521 2868 1612 2924 esse,
1645 2858 1706 2914 aut
1721 2843 1797 2913 sine
1812 2845 1955 2913 custode
1970 2867 2054 2917 esse.
2108 2842 2216 2932 Vaga·

202 2950 357 3033 moniis,
383 2968 471 3040 quas
485 2945 585 3033 tingit
601 2967 674 3013 esse
692 2942 826 3025 cultus,
852 2954 886 3011 et
901 2942 1046 3035 quidem
1069 2967 1189 3012 ueces·
1239 2949 1420 3022 banturet
1435 2948 1498 3015 illo
1513 2960 1688 3037 tempore,
1716 2959 1750 3015 et
1769 2960 1870 3016 antea
1891 2946 1927 3013 in
1948 2946 2076 3016 ludam
2093 2946 2216 3015 exerci-

100 3082 103 3087 ’
205 3053 315 3123 sarios
334 3052 378 3120 ad
394 3062 573 3118 aeternam
589 3046 749 3116 salutem.
799 3042 858 3115 Sic
877 3059 1023 3136 peccant
1038 3059 1073 3115 et
1089 3041 1186 3114 Ana·
1239 3064 1295 3120 tus
1311 3043 1485 3129 Parthici,
1510 3046 1685 3131 Romani,
1711 3045 1927 3133 Herodiani,
1952 3073 1992 3118 ac
2010 3048 2142 3129 mirum
2164 3059 2216 3132 est,

203 3154 397 3246 baptistae,
417 3150 481 3231 oui
497 3149 589 3237 leges
605 3150 648 3217 de
663 3145 846 3215 Platonica
870 3147 1190 3216 communicatione
1240 3154 1278 3220 in
1295 3153 1402 3222 tantis
1418 3151 1612 3221 latrociniis
1629 3162 1745 3219 tamen
1761 3152 1922 3219 defensas
1936 3173 2030 3234 esse,
2056 3165 2092 3221 et
2106 3173 2216 3220 serva·

204 3280 345 3340 rerum,
380 3265 416 3322 et
438 3253 481 3321 de
501 3272 594 3319 nova
610 3249 725 3318 forma
739 3248 1007 3335 magistratuum
1035 3264 1068 3320 et
1094 3249 1190 3319 iudi·
1239 3270 1294 3324 tas
1310 3254 1482 3343 virgines,
1507 3266 1542 3322 et
1557 3266 1736 3322 matronas
1753 3251 1868 3321 Deum
1888 3276 1967 3321 vere
1988 3253 2162 3336 colentes,
2183 3262 2217 3321 ut

205 3358 342 3426 ciorum
360 3354 491 3427 ferunt.
543 3348 592 3421 Et
615 3351 742 3440 passim
764 3347 827 3417 alii
851 3349 986 3419 indocti
1007 3373 1111 3440 saepe
1132 3365 1189 3422 tu·
1240 3352 1444 3440 Elisabeth,
1468 3349 1632 3433 Annam,
1660 3351 1831 3439 Mariam,
1855 3367 1890 3423 ct
1910 3354 1996 3423 alias
2018 3355 2217 3425 innumera·

205 3458 431 3528 multuantur
455 3455 493 3523 in
521 3452 724 3523 civitatibus
749 3450 796 3519 de
830 3451 982 3539 negotiis
1013 3452 1190 3536 civilibus,
1240 3459 1341 3531 bites,
1382 3455 1431 3527 Ut
1445 3457 1616 3562 igiturpii
1631 3471 1716 3527 tunc
1729 3455 1858 3526 servati
1874 3470 1975 3541 sunt,
1993 3457 2217 3526 etdelensum

206 3558 334 3631 alienis
347 3580 367 3626 a
383 3555 581 3627 ministerio
597 3553 797 3644 evangelico
805 3601 817 3636 ,
842 3553 935 3622 inter
951 3547 1017 3623 hos
1031 3554 1092 3646 qui
1106 3571 1191 3625 sunt
1241 3574 1293 3630 est
1308 3558 1566 3643 ministerium,
1608 3555 1661 3627 lta
1674 3559 1825 3629 sciamus
1840 3581 1936 3627 nuuc
1953 3582 2097 3651 quoque
2112 3556 2218 3629 Deum

207 3658 399 3743 sanabiles,
431 3658 638 3728 intueantur
652 3651 836 3727 Christum
851 3654 1018 3725 amisium
1035 3679 1190 3753 purpure
1241 3660 1417 3732 Ecclesiae
1430 3672 1651 3729 servaturum
1668 3681 1761 3743 esse,
1777 3660 1913 3730 etiamsi
1929 3660 2062 3729 fuerint
2081 3682 2219 3752 oppres·

208 3776 244 3833 et
262 3773 472 3833 coronatum
494 3759 626 3850 spinis,
661 3770 695 3827 et
717 3756 882 3825 desinant
908 3758 1117 3828 tumultuari
1146 3758 1192 3828 de
1241 3788 1299 3834 sae
1316 3763 1493 3836 servitute.
1537 3757 1586 3831 Et
1599 3762 1745 3856 quidem
1760 3761 1957 3853 exemplum
1973 3761 2091 3850 gentis
2105 3760 2220 3845 ludai-

208 3864 361 3954 negotiis
373 3859 500 3932 alienis
515 3862 560 3930 ob
578 3858 779 3951 epangelico
799 3858 999 3929 ministerio
1025 3859 1192 3950 necapiti
1242 3888 1301 3935 cae
1318 3865 1507 3954 significat,
1545 3864 1649 3934 etiam
1674 3887 1772 3934 nune
1795 3865 1979 3956 postremis
2008 3865 2221 3956 temporibus

150 4048 159 4069 Ι
208 3961 343 4036 Christi
368 3962 515 4052 infigant
534 3975 567 4031 et
584 3961 652 4050 ipsi
667 3960 804 4050 spinas,
830 3972 865 4030 et
880 3983 961 4029 eum
978 3961 1191 4033 contumelia
1242 3971 1369 4037 duram
1391 3982 1425 4039 et
1445 3967 1580 4037 tristem
1600 3965 1806 4037 servitutem
1825 3969 1980 4038 suturam
2000 3988 2095 4054 esse,
2121 3988 2221 4063 quam

101 4143 104 4150 ,
208 4067 383 4150 alliciant,
415 4065 505 4134 sicut
526 4062 656 4132 milites
678 4061 868 4131 illudentes
893 4062 1080 4154 inquiunt:
1114 4057 1192 4133 Ave
1242 4067 1567 4161 utDeusmitiget,
1592 4088 1745 4138 oremus.

208 4190 271 4267 rer
293 4169 514 4237 ludaeorum.
565 4164 664 4235 Haec
681 4166 726 4232 de
745 4163 844 4252 regni
858 4161 988 4235 Christi
1005 4180 1039 4235 et
1056 4160 1196 4255 politici

209 4268 437 4352 discrimine,
463 4267 528 4337 etsi
551 4267 706 4339 breviter
721 4259 790 4335 hoc
805 4265 883 4335 loco
899 4266 991 4335 dicta
1009 4279 1112 4351 sunt,
1138 4279 1191 4336 ta-

90 4414 93 4419 ·
209 4393 293 4439 men
307 4392 410 4461 saepe
421 4383 506 4439 sunt
525 4370 734 4460 repetenda,
748 4367 831 4459 quia
847 4369 1002 4437 mundus
1016 4369 1190 4460 multipli-
1580 4369 1717 4480 caput
1789 4368 1912 4456 XIX⁴

211 4471 298 4543 citer
311 4471 352 4541 in
366 4471 574 4542 confusione
590 4466 697 4542 huius
711 4468 928 4539 discriminis
944 4484 1073 4561 peccat.

1346 4583 1457 4661 Actus
1473 4602 1620 4682 quartus
1640 4588 1714 4656 sere
1736 4585 1781 4655 ab
1798 4581 1907 4656 horae
1921 4588 2037 4656 sertae
2052 4587 2159 4660 initio
2173 4610 2223 4658 er·

561 4718 586 4770 n
603 4731 619 4769 e
666 4731 685 4783 q
700 4729 720 4768 u
736 4716 748 4769 a
763 4729 783 4768 ῃ
803 4720 816 4768 ι
831 4729 856 4770 0,
1245 4689 1407 4772 ordiens,
1424 4692 1582 4762 continet
1598 4684 1704 4758 horas
1718 4702 1806 4772 tres,
1821 4702 1854 4759 et
1868 4687 2052 4781 aliquanto
2067 4691 2224 4782 amplius

684 4828 687 4835 ·
1246 4790 1335 4861 Nam
1361 4788 1526 4863 Christus
1555 4787 1643 4861 hora
1666 4814 1761 4860 nona
1784 4804 1946 4861 mortuus
1968 4803 2041 4874 est,
2081 4812 2225 4886 cumqut

310 4888 386 4964 Cur
397 4889 518 4963 ludaei
532 4890 669 4961 tlicant:
682 4888 797 4962 Nobis
813 4915 886 4962 non
903 4891 983 4962 licet
998 4890 1195 4962 interficere
1245 4893 1378 4963 inerint
1395 4889 1502 4964 horae
1515 4886 1680 4985 καιρικαὶ
1695 4892 1843 4962 usitatae
1859 4915 1902 4961 eo
1922 4904 2084 4982 tempore
2100 4909 2226 4967 sertam

205 5018 434 5090 quenquam,
460 5016 534 5064 non
557 4994 685 5063 frustra
710 4994 748 5064 lit
771 4995 908 5063 mentio
929 4993 1111 5064 servitutis
1133 4990 1195 5063 ln·
1244 4993 1395 5064 sciamns
1410 5017 1484 5065 esse
1499 4994 1731 5065 meridianam
1748 4989 1891 5077 horam,
1915 4993 2049 5063 deinde
2064 5018 2154 5067 vero
2168 5020 2228 5067 nu·

82 5144 87 5149 -
209 5097 330 5167 deicae
346 5095 385 5164 in
401 5090 469 5165 boe
488 5096 580 5169 loco.
631 5094 722 5166 Nam
744 5090 831 5167 haec
854 5096 960 5164 verba
983 5094 1192 5185 significant,
1243 5118 1347 5180 nam,
1371 5120 1462 5190 quae
1476 5099 1582 5169 nobis
1595 5111 1680 5169 esta
1697 5096 1847 5165 meridie
1864 5096 1979 5167 tertia.
2030 5093 2229 5172 Continen-

209 5199 324 5290 qnalis
341 5209 427 5268 tunc
440 5198 651 5287 gubernatio
667 5191 775 5267 huius
797 5197 922 5288 populi
943 5197 1062 5269 luerit.
1113 5194 1193 5270 Ro·
1242 5209 1302 5268 tur
1320 5212 1438 5269 autem
1453 5200 1492 5269 in
1512 5194 1580 5270 hoc
1593 5213 1673 5272 actu
1688 5197 1937 5267 condemnatio
1960 5192 2051 5268 facta
2066 5220 2089 5270 a
2105 5197 2232 5286 Pilato,

205 5299 305 5368 mani
319 5312 564 5370 concesserant
579 5295 720 5371 ludaeis
736 5291 972 5391 αὐτονομίαν
988 5299 1027 5367 in
1042 5299 1140 5371 culto
1154 5311 1190 5370 et
1240 5301 1453 5392 supplicium
1467 5297 1622 5383 Christi,
1647 5301 1741 5370 dicta
1765 5299 1843 5371 eius
1867 5300 1905 5369 in
1926 5322 2051 5383 eruce,
2076 5296 2186 5374 mors
2200 5316 2233 5376 et

204 5397 452 5473 iurisdictione
478 5399 661 5485 interioria
698 5401 763 5473 aed
790 5401 975 5475 demorans
1002 5401 1054 5473 eis
1079 5396 1189 5473 inris-
1238 5403 1433 5497 sepultura.
1482 5402 1597 5501 Saepe
1612 5415 1730 5477 autem
1746 5400 1823 5477 iam
1838 5402 1975 5477 dictum
1993 5415 2065 5527 pst,
2092 5404 2234 5498 magni·
