4522 5782
88 238 116 311 r
330 188 437 315 xiie
488 243 524 319 1.
556 230 956 315 acroceraunus
983 231 1392 319 mansuetum
1418 198 1776 320 cenomanos.
1991 236 2068 353 aas
2211 208 2215 215 ’

88 413 214 488 stiriam
235 410 426 485 tradimus:
469 434 545 483 nou
575 410 672 483 enim
702 411 893 485 instificsut
920 436 1030 507 opera
1077 411 1116 482 in
1132 434 1203 508 quo
1219 413 1485 486 annuntientur
1499 414 1609 507 gratia
1623 430 1754 510 etpax,
1777 438 1853 490 non
1873 413 1939 491 irs.
1971 411 2064 488 Nam

88 529 161 589 stra
185 536 305 587 eorem
325 512 415 590 Deo.
488 511 775 609 Alia-quaedam
805 516 944 586 iusticia
967 530 1030 601 est,
1076 515 1134 585 lex
1158 528 1259 586 antea
1279 516 1369 586 iram
1394 514 1462 587 Dei
1485 519 1653 594 ostendit.
1703 515 1773 593 Hic
1796 520 1841 592 d'e
1862 520 1934 590 alio
1954 519 2065 589 verbo

89 640 252 690 acorem
272 615 350 689 Deo
374 616 625 701 iustificamur,
650 639 796 708 nempe,
820 619 962 687 credere
988 617 1027 687 in
1077 616 1290 690 vaticinatur
1319 614 1516 711 Propheta,
1557 623 1653 714 quod
1677 622 1856 714 praedicat
1881 616 2081 692 remissio·'

88 721 245 804 tristam,
269 714 367 790 bunc
384 719 552 814 ¹quisquis
578 713 833 812 apprehendit,
864 719 895 789 is
920 714 1029 790 habet
1076 742 1159 788 nem
1174 730 1409 812 peecatorum,
1432 724 1588 811 etgratis
1603 723 1708 796 offert
1725 724 1899 794 iusticiam
1915 724 2064 794 creden·

89 847 145 894 em
168 822 276 912 legis,
309 821 435 908 idest,
458 844 633 892 summam
653 821 757 912 legis,
791 815 951 905 horest,
976 833 1030 892 est
1076 820 1186 893 tibus.
1237 819 1349 892 Docet
1368 837 1486 894 autem
1503 825 1608 894 fidem
1625 824 1675 894 sic
1696 827 1919 916 contingere,
1944 824 1974 894 si
1996 848 2062 895 aa·

88 937 154 997 stus
170 947 290 995 coram
306 923 401 1009 Deo,
426 923 592 995 satisfecit
604 923 697 998 Deo.
1076 923 1216 993 diamus
1248 925 1398 995 verbum
1420 921 1513 1010 Dei,
1547 927 1754 1021 etquidem
1789 923 1945 998 humana
1977 946 2067 996 voce¹

145 1022 340 1118 Eleganter
372 1035 488 1096 autem
526 1026 669 1096 ornavit
709 1025 952 1097 definitionem
986 1046 1028 1093 cx
1076 1024 1327 1116 praedicatum.
1379 1021 1444 1095 Est
1460 1028 1569 1117 igitur
1585 1052 1690 1099 causa
1714 1028 1868 1100 efficiens
1882 1025 1966 1099 fidei
1982 1050 2064 1099 ver·

88 1127 232 1200 oleario.
297 1125 439 1199 iusticia
472 1138 544 1214 est,
584 1150 658 1198 noo
691 1128 808 1198 dicere
842 1128 881 1195 in
908 1127 1028 1212 corde,
1076 1128 1181 1209 bum,
1216 1150 1287 1221 quo
1302 1128 1455 1219 impellit
1477 1141 1512 1199 et
1536 1128 1764 1202 movetDeus
1787 1132 1893 1202 corda
1918 1131 1964 1201 ad
1988 1152 2066 1205 eree

88 1232 120 1302 is
140 1232 307 1302 ascendet
328 1231 368 1299 in
391 1229 550 1315 coelum,
582 1243 645 1301 aut
673 1229 754 1324 quis
775 1229 964 1300 descendet
987 1227 1027 1297 in
1075 1229 1245 1303 dendum.
1297 1229 1384 1301 Sine
1400 1231 1508 1302 verbo
1524 1254 1597 1301 non
1613 1232 1789 1322 contingit
1804 1231 1959 1325 Spiritus
1980 1253 2065 1302 ean·
2210 1302 2216 1319 ,

88 1328 233 1428 palum?
266 1329 332 1403 hae
355 1332 488 1422 figurae
511 1332 697 1404 continent
719 1331 876 1403 rationes
899 1324 1027 1400 huma·
1075 1342 1162 1404 ctus.
1213 1328 1261 1401 Et
1276 1344 1315 1401 ut
1327 1331 1564 1404 ministerium
1579 1334 1680 1405 verbi
1696 1331 1764 1405 Dei
1787 1334 2063 1419 commendaret,
2186 1370 2189 1383 =

87 1457 120 1515 s,
159 1447 195 1505 et
218 1435 415 1526 depingunt
427 1434 499 1528 'cor
521 1433 760 1506 incredulum.
819 1430 911 1504 Nam
935 1430 1026 1502 ratio
1074 1432 1212 1503 addidit
1225 1433 1431 1504 missionem
1446 1459 1601 1529 quoque.

88 1549 305 1626 gumentatur
327 1531 397 1605 boc
416 1537 542 1606 modo:
576 1533 660 1605 Non
675 1557 819 1627 possum
838 1534 1027 1605 ascendere
1175 1531 1311 1605 Multas
1334 1558 1375 1606 ac
1397 1558 1541 1624 magnas
1568 1536 1740 1609 utilitates
1767 1540 1954 1632 decerpere
1980 1538 2064 1631 pius
2146 1616 2152 1631 .

98 1639 240 1709 coelum
256 1650 290 1709 et
312 1661 431 1708 coram
454 1638 576 1708 videre
594 1638 813 1709 voluntatem
829 1634 918 1722 Dei,
942 1658 1025 1727 ergo
1075 1634 1185 1706 lector
1198 1659 1239 1706 ex
1254 1632 1322 1709 hoc
1336 1637 1450 1730 capite
1464 1652 1589 1729 potest.
1637 1637 1753 1732 Supra
1766 1642 1871 1712 valde
1886 1640 1978 1712 clara
1996 1664 2063 1732 po·

88 1742 280 1813 ueredam
308 1752 365 1809 m'e
386 1737 464 1810 Deo
492 1762 596 1810 curae
624 1761 715 1825 esse,
750 1762 825 1809 non
854 1737 1027 1810 assentiar
1073 1736 1174 1809 nitur
1186 1738 1346 1809 definitio
1360 1739 1458 1825 bdei,
1483 1740 1521 1808 in
1536 1763 1605 1835 qua
1628 1743 1725 1815 censi
1746 1756 1881 1834 potest,
1907 1743 1993 1835 quid
2015 1740 2062 1812 sit

88 1865 151 1913 um
177 1866 244 1913 nos
267 1841 459 1933 respicere,
485 1838 602 1912 Deum
618 1840 722 1912 uobis
740 1835 930 1912 boemodo
948 1839 1026 1933 pla·
1073 1839 1172 1911 fides.
1238 1837 1372 1913 Natura
1395 1841 1490 1911 enim
1514 1855 1549 1913 et
1570 1843 1624 1912 vis
1644 1844 1727 1913 fidei
1753 1845 1856 1915 valde
1878 1845 1972 1914 clare
1997 1844 2062 1915 de·
2143 1886 2148 1893 ⁶

88 1944 110 2015 ri
130 1943 233 2015 iuxta
257 1944 420 2016 verbum.
492 1941 567 2013 Nee
591 1943 759 2014 descendi
786 1943 827 2012 in
847 1944 1026 2037 abyssum,
1074 1941 1244 2033 pingitur,
1267 1966 1348 2012 cum
1364 1943 1605 2015 dubitationes
1619 1945 1702 2016 illae
1716 1947 1845 2017 mentis
1861 1945 1991 2038 impiae
2005 1968 2063 2015 re-

88 2059 195 2127 test,
222 2069 297 2117 non
317 2044 390 2115 vidi
407 2046 590 2143 quomodo
606 2045 738 2116 mortui
754 2047 901 2134 degant,
934 2067 1027 2137 quo·
1076 2038 1359 2135 prehenduntur.
1419 2043 1511 2134 Quis
1534 2047 1691 2118 ascendit
1712 2047 1749 2116 in
1774 2048 1939 2118 eoelum?
1979 2045 2061 2136 Qua

88 2149 143 2218 ido
157 2147 278 2219 redire
296 2149 342 2217 ad
359 2148 468 2219 vitam
484 2146 631 2237 possint.
683 2143 883 2237 Igiturnon
907 2169 1026 2216 assen—
1075 2145 1132 2216 via
1155 2160 1251 2238 patet
1279 2145 1414 2217 reditus
1441 2147 1603 2241 mortuis
1619 2150 1664 2219 ad
1694 2149 1829 2221 vitam?
1866 2146 1933 2221 Est
1963 2149 2061 2218 enim

88 2270 336 2344 rquenquam
364 2250 579 2320 'reviviscere
607 2269 735 2340 posse,
772 2263 833 2322 aot
862 2256 1025 2337 ajmorte
1073 2247 1177 2334 fides,
1210 2271 1299 2341 quae
1324 2261 1418 2319 certo
1442 2251 1566 2321 statuit
1588 2251 1633 2321 de
1653 2250 1837 2324 voluntate
1858 2248 1948 2341 Dei,
1984 2246 2061 2320 Deo

88 2351 196 2428 erari.
270 2349 379 2425 Ratio
408 2351 504 2420 enim
536 2352 635 2421 ducit
664 2364 870 2441 argumenta
891 2344 1024 2430 erbis,
1074 2372 1140 2418 nos
1156 2373 1261 2419 curae
1279 2373 1370 2436 esse,
1397 2346 1512 2421 Deum
1534 2350 1641 2423 nobis
1664 2351 1845 2443 ignoscere
1870 2352 1967 2423 iuxta
1994 2344 2064 2422 hoc

88 2477 128 2524 ae
149 2476 256 2525 sensu
277 2447 556 2546 comprehendit.
606 2449 705 2523 Haec
723 2452 886 2546 impietas
906 2450 1025 2524 cordis
1067 2451 1244 2549 verbum,
1285 2453 1355 2541 tegi
1385 2465 1419 2522 et
1450 2451 1594 2523 delendi
1621 2465 1656 2525 et
1679 2456 1812 2526 servari
1836 2476 1903 2524 nos
1925 2477 1944 2524 a
1968 2453 2063 2528 Deo.

88 2570 161 2629 eret
175 2556 215 2626 iu
230 2557 397 2625 omnihus
412 2550 619 2626 bominibus
632 2567 771 2631 natura.
1075 2551 1162 2623 ltern
1180 2567 1324 2645 separat
1338 2553 1511 2626 iusticiam
1528 2556 1612 2625 fidei
1626 2579 1646 2626 a
1661 2553 1798 2627 iusticia
1815 2555 1919 2647 legis,
1947 2569 1981 2626 ct
1996 2552 2065 2629 soii

137 2652 304 2752 Opponit
326 2656 435 2747 igitur
455 2656 694 2742 contrarium,
719 2650 850 2727 habere
872 2654 1022 2727 verbum
1071 2655 1154 2725 fidei
1181 2656 1309 2728 tribuit
1334 2655 1647 2745 iustificationem,
1685 2659 1789 2732 alteri
1817 2656 1938 2751 generi
1966 2656 2061 2728 clare

89 2761 222 2846 corde,
253 2760 380 2844 idest,
416 2781 499 2829 vere
520 2758 702 2845 assentiri,
734 2761 831 2852 quod
853 2752 922 2829 hoc
942 2781 1023 2827 ver·
1053 2757 1210 2835 ‚adimis

88 2886 144 2950 m,
169 2863 268 2956 quod
282 2861 486 2953 praedicant
498 2855 682 2953 Apostoli,
706 2882 830 2931 verum
844 2860 901 2947 sit,
926 2861 1022 2954 quod
1174 2857 1313 2929 Deinde
1329 2859 1489 2950 gradatio
1505 2861 1548 2928 de
1569 2862 1676 2931 modo
1694 2859 1973 2948 iustificationis,
1999 2884 2062 2934 seu

88 2977 181 3057 epter
201 2960 384 3034 Christum
411 2963 624 3055 recipiamur
651 2963 690 3031 in
721 2962 868 3052 gratiam
897 2963 1020 3055 patris,
1074 2963 1117 3031 de
1141 2961 1223 3031 bdei
1256 2984 1358 3031 causa
1383 2983 1594 3053 magnopere
1621 2962 1842 3035 observanda
1867 2981 1920 3037 est
1940 2977 2065 3036 contra

88 3069 131 3139 od
159 3077 309 3166 propter
327 3060 510 3136 Christum
537 3065 721 3153 contingat
743 3063 903 3148 iusticia,
937 3062 1023 3144 vita,
1072 3063 1244 3135 fanaticos
1268 3057 1447 3149 homines,
1482 3064 1544 3156 qui
1566 3077 1803 3136 contemnunt
1823 3066 2062 3138 ministerium

88 3182 180 3262 »pter
192 3164 373 3240 Christum
387 3191 469 3237 vere
484 3167 594 3237 simus
608 3165 684 3237 Deo
701 3188 823 3253 curae,
848 3164 945 3261 quod
960 3166 1022 3234 de-
1072 3165 1191 3250 vcrbi,
1218 3164 1301 3260 qui,
1327 3166 1456 3234 omisso
1481 3166 1612 3247 verbo,
1646 3190 1756 3236 novas
1779 3167 2063 3239 illuminationes

88 3272 255 3343 &mura
272 3266 349 3340 Deo
368 3282 402 3341 et
415 3291 607 3359 servemur.
911 3349 917 3361 ,
1072 3265 1286 3363 requirunt,
1333 3266 1395 3360 qui
1435 3267 1507 3335 suis
1545 3268 1845 3358 speculationibus
1886 3282 2063 3341 conantur

133 3366 405 3471 Epiphonema,
440 3372 547 3442 eorde
574 3370 733 3442 creditur
763 3368 807 3440 ad
835 3366 1022 3456 iusticiam,
1072 3370 1187 3442 Deam
1222 3363 1543 3460 comprehendere,
1582 3371 1645 3464 qui
1681 3372 1860 3443 somniant
1887 3369 2064 3466 Spiritum
2128 3380 2130 3382 ’

88 3499 147 3547 ore
162 3474 203 3544 fit
219 3474 390 3544 confessio
413 3475 457 3543 ad
479 3475 642 3548 salutem.
691 3469 882 3564 Repetitur
905 3485 1022 3543 autem
1073 3485 1234 3543 sanctum
1251 3470 1390 3562 concipi
1407 3484 1468 3540 aut
1489 3470 1629 3563 operari
1650 3472 1689 3541 iu
1711 3473 1818 3543 nobis
1838 3498 1901 3566 per
1922 3488 2064 3546 nostras

88 3593 181 3648 ectus
201 3576 305 3666 fidei,
329 3574 480 3662 scilicet,
512 3577 608 3669 quod
632 3575 717 3646 fides
738 3573 921 3658 iustificet,
946 3596 1021 3643 non
1073 3573 1331 3665 speculationes
1357 3571 1433 3642 sine
1457 3575 1572 3645 verbo¹
1589 3570 1676 3660 Dei,
1700 3574 1761 3667 qui
1784 3574 2063 3668 somniantSpi·

88 3702 153 3750 era.
220 3673 272 3748 Et
304 3678 449 3747 additur
480 3677 722 3749 testimouium
757 3699 799 3746 ex
824 3669 1021 3766 Prophetas
1072 3678 1180 3747 ritum
1203 3687 1363 3745 sanctum
1382 3673 1522 3767 concipi
1549 3697 1613 3766 per
1635 3677 1922 3769 praeparationes
1945 3692 2062 3749 certo·-

88 3783 169 3851 nnis
188 3781 254 3877 qui
280 3780 470 3849 crediderit
496 3802 569 3850 non
596 3779 759 3871 pudefiet.
826 3773 966 3847 Citatur
987 3789 1021 3847 et
1073 3802 1153 3848 rum
1179 3800 1340 3874 operum.
1393 3775 1500 3845 Tales
1522 3771 1690 3850 haeretici
1713 3780 1860 3850 fuerunt
1885 3779 1971 3850 olim
2003 3777 2064 3850 ἐν·

88 3885 131 3955 ad
146 3881 407 3956 testimonium:
433 3875 566 3951 Omnis
579 3881 642 3975 qui
657 3878 876 3951 invocaverit
889 3900 1021 3950 nomen
1072 3872 1317 3963 θουσιασταὶ,
1345 3878 1455 3948 etalii
1470 3878 1586 3951 multi.
1637 3879 1685 3950 Et
1700 3882 1828 3951 nostris
1843 3880 2064 3971 temporibus

88 3985 199 4069 mini,
224 3983 342 4053 salvus
357 3982 436 4058 erit.
1073 3995 1156 4053 suut
1172 3978 1445 4073 Anabaptistae,
1471 3994 1505 4051 et
1531 3981 1592 4050 alii
1619 3982 1680 4075 qui
1704 3982 1940 4052 ministerium
1962 3981 2063 4052 verbi

134 4086 210 4160 Suo
233 4109 332 4154 more
352 4085 511 4157 annectit
525 4084 788 4174 gradationem,
806 4109 883 4179 qua
902 4086 1021 4157 decla·
1072 4096 1323 4161 contemnunt,
1349 4094 1385 4152 et
1406 4081 1585 4153 somniant
1601 4081 1773 4174 Spiritum
1799 4096 1958 4153 sanetum
1983 4084 2062 4154 dari

88 4190 258 4259 ‚modum
287 4187 562 4271 iustificationis,
604 4201 638 4256 et
660 4186 742 4255 fidei
763 4209 922 4273 cansam,
958 4210 1020 4258 seu
1071 4187 1149 4256 sine
1164 4186 1273 4256 verbo
1288 4184 1371 4258 Dei.
1421 4182 1543 4277 ltaque
1560 4185 1700 4276 publice
1725 4180 1940 4276 prodesthic
1962 4185 2060 4258 locus

88 4292 214 4362 omodo
240 4291 326 4359 {ides
357 4289 586 4380 concipiatur.
661 4284 845 4360 Dialectici
873 4290 1021 4360 tradunt
1071 4290 1116 4358 ad
1138 4285 1365 4357 retinendum
1379 4285 1617 4355 ministerium
1635 4286 1734 4357 verbi
1749 4284 1828 4356 Dei.

88 4396 164 4466 iten
180 4392 313 4464 versari
335 4392 374 4459 in
394 4392 507 4460 causis
522 4404 556 4461 et
574 4390 767 4461 effectibus.
819 4386 884 4461 Est
901 4407 1018 4462 autem
1049 4417 1052 4422 ·
1172 4386 1321 4460 Prodest
1337 4403 1371 4459 et
1386 4386 1550 4479 privatim
1567 4389 1606 4456 in
1628 4388 1884 4460 tentationibus
1907 4388 2062 4482 piorum.

88 4499 158 4569 cites
174 4493 372 4585 gradationi
388 4493 516 4567 affinis.
567 4490 651 4562 ldeo
672 4490 822 4579 Paulus,
848 4516 929 4563 cum
944 4494 1020 4562 vel·
1071 4488 1162 4561 Nam
1180 4512 1280 4578 aegre
1297 4490 1428 4587 pendet
1446 4511 1583 4559 mensa
1604 4489 1679 4560 solo
1704 4493 1831 4577 verbo,
1858 4505 1892 4562 et
1910 4492 2061 4585 requirit

102 4600 286 4670 ostendere
307 4597 391 4665 fidei
414 4618 573 4681 caricam,
600 4594 755 4666 instituit
774 4596 1018 4685 gradationem
1071 4593 1158 4662 alias
1174 4591 1450 4671 consolationes,
1477 4590 1778 4675 illuminationes,
1803 4617 1876 4663 non
1898 4597 2004 4665 audet
2025 4617 2070 4688 se

88 4700 235 4772 cmodo.
1071 4709 1208 4766 tantum
1224 4694 1333 4762 serbo
1348 4705 1555 4768 sustentare.
1607 4689 1657 4764 Ut
1681 4694 1790 4784 igitur
1809 4696 1959 4766 sciamus
1986 4720 2061 4765 non

132 4803 248 4874 Nemo
264 4801 423 4886 invocat,
451 4800 519 4869 nisi
535 4800 672 4870 credat:
1071 4819 1144 4866 esse
1158 4795 1245 4866 alias
1261 4794 1520 4865 consolationes
1536 4793 1784 4888 requirendas,
1809 4798 1907 4868 iubet
1923 4820 1989 4867 nos
2013 4799 2058 4866 ad
2096 4850 2100 4857 .

130 4904 246 4977 Nemo
261 4903 392 4986 eredit,
415 4903 485 4971 nisi
500 4901 676 4972 audiverit
690 4900 855 4971 verbum:
1070 4898 1217 4967 verbum
1241 4897 1433 4988 respicere,
1466 4919 1506 4966 ac
1527 4896 1678 4983 sentire,
1712 4900 1808 4992 quod
1829 4894 1924 4969 haud
1949 4897 2061 4968 dubie

128 5006 212 5078 Non
227 5019 340 5098 potest
354 5005 471 5074 audiri
490 5003 653 5087 verbum,
678 5001 746 5072 nisi
763 5001 993 5093 praedicetur.
1070 4996 1155 5069 haec
1169 4999 1214 5069 sit
1227 4995 1296 5067 Dei
1314 4999 1479 5069 voluntas
1499 4997 1648 5070 iuvandi
1670 5023 1758 5085 nos,
1783 5001 1925 5095 quaein
1949 4998 2059 5070 ierbo

129 5109 214 5180 Non
237 5121 352 5206 potest
374 5106 567 5196 praedicari
589 5105 758 5190 verbum,
783 5104 853 5172 nisi
873 5105 1019 5175 mittan·
1069 5101 1279 5175 ostenditur.
1337 5096 1388 5171 Et
1408 5123 1454 5169 ne
1473 5100 1716 5195 requireretur
1739 5102 1807 5170 alia
1828 5101 2063 5188 illuminatio,

88 5211 295 5304 ’aDeoqui
312 5210 523 5299 praedicent.
564 5203 611 5277 Et
627 5205 749 5278 recitat
763 5205 1018 5286 testimonium,
1068 5216 1216 5274 testatur
1241 5224 1279 5272 se
1307 5201 1407 5296 loqui
1435 5203 1480 5272 de
1514 5203 1623 5273 verbo
1660 5204 1863 5294 praedicato
1900 5197 2056 5275 humana

88 5340 154 5412 quo
167 5307 348 5404 Propheta
369 5310 544 5402 praedixit
563 5310 724 5379 futurum
752 5327 845 5391 esse,
871 5320 911 5376 ut
933 5307 1018 5377 mit·
1068 5328 1171 5391 voce,
1204 5306 1249 5374 de
1271 5303 1449 5397 corporali
1477 5305 1609 5391 verbu,
1643 5306 1740 5397 quod
1771 5304 1917 5394 legitur,
1960 5308 2059 5398 quod

88 5435 169 5508 itur,
193 5416 258 5514 qui
272 5438 407 5485 novum
426 5414 575 5487 verbum
593 5408 816 5504 spargentia
831 5410 1018 5500 muudum,
1065 5420 1232 5502 personat
1246 5405 1287 5478 iu
1300 5406 1459 5487 auribus.
1494 5403 1580 5478 ldeo
1593 5405 1723 5479 diserte
1740 5405 1790 5480 eit
1800 5404 1937 5482 Moses:
1965 5406 2057 5485 Ver-
2108 5478 2120 5483 ,
2238 5459 2240 5462 ⁴
