4522 5782
178 222 279 342 raso
376 272 379 277 .
524 283 529 289 ,
687 206 1606 292 rvunumsmuraaraoruca
2055 208 2204 293 uso

277 396 481 474 Secundum
498 389 653 464 officium
671 386 932 465 concionantis
948 399 1001 460 eat
1012 382 1161 457 Docere.
1211 386 1473 461 invocationem
1498 407 1723 482 nequaqnam
1748 383 1887 460 irritam
1904 409 1996 459 esse.
2047 384 2205 461 leniun-

176 502 243 580 Est
264 516 384 576 autem
406 519 478 568 una
499 493 649 586 simplex
670 491 728 563 via
751 489 923 574 docendi,
947 490 987 559 in
1010 487 1162 560 lectione
1213 503 1272 561 tur
1287 512 1371 580 ergo
1386 489 1528 560 dolores
1544 510 1607 582 spe
1619 489 1856 580 mitigationis
1870 490 2132 578 calamitatum,
2147 505 2204 564 sut

177 628 289 703 genus
304 599 477 677 sermonis
493 619 670 682 enarrare,
695 608 730 667 et
743 592 874 663 deinde
887 605 1085 663 monstrare
1101 615 1161 660 or·
1214 592 1456 676 liberationis,
1489 615 1598 685 quarn
1619 593 1774 684 petimus
1794 607 1830 667 et
1856 607 2103 684 expectamus.
2159 588 2203 666 Et

177 710 299 784 dinem
316 725 458 787 rerum,
481 721 571 794 quae
585 708 854 790 proponuntur,
879 707 914 765 et
929 695 1087 763 membra
1105 692 1162 763 di·
1212 695 1406 785 gratiarum
1427 693 1520 765 actio
1541 694 1767 778 accenditur,
1792 718 1873 765 cum
1888 694 2024 766 ordine
2040 693 2201 766 benelida

176 813 382 899 stinguere,
412 815 449 874 et
471 802 528 872 via
551 802 704 894 quadam
726 797 855 868 artium
883 797 1013 865 addere
1035 794 1163 864 delini-
1213 796 1282 867 Dei
1296 808 1476 890 utcunque
1493 795 1727 885 agnosdmua.
1777 794 2202 868 Primum›remissionem

177 914 294 986 tiones
310 922 346 979 et
361 904 579 978 collationes.
625 899 729 973 Utin
747 897 924 991 principio
941 895 1026 966 libri
1042 894 1162 990 Moysi
1216 911 1459 990 peccatorum,
1478 898 1608 968 deinde
1623 898 1815 985 auxilinm,
1840 911 1876 968 et
1890 899 2137 989 praesentiam
2145 896 2203 967 otii

178 1035 319 1105 necesse
342 1021 394 1079 est
418 1029 564 1077 monere
587 1003 778 1083 lectorem,
810 1000 873 1069 ubi
895 1001 939 1068 de
962 995 1163 1081 Creatione,
1217 1001 1287 1073 Dei
1309 1023 1375 1070 uos
1395 999 1643 1084 sustentantis,
1681 1015 1801 1093 postea
1825 1000 2097 1092 mitigationem
2118 999 2204 1072 cala-

179 1116 245 1188 ubi
261 1115 304 1184 de
320 1110 438 1203 Lapsu
453 1107 649 1200 primorum
666 1115 850 1196 parentum
866 1100 1016 1175 dicatur.
1216 1102 1382 1174 mitatum
1399 1101 1457 1171 vel
1474 1100 1740 1178 liberationem.

282 1229 409 1301 Postea
429 1223 583 1296 discerni
613 1234 753 1314 oportet
782 1219 957 1291 iusticiam
983 1233 1018 1290 et
1043 1239 1165 1308 pecea-
1320 1202 1408 1275 Mox
1430 1203 1557 1295 repetit
1583 1205 1705 1273 eadem
1731 1225 1859 1294 genera
1882 1204 2132 1275 concionum:
2168 1200 2202 1274 si

181 1348 278 1419 tum,
304 1330 435 1402 deinde
459 1329 571 1416 legem
596 1339 631 1396 et
654 1321 937 1416 promissionem.
1001 1318 1166 1412 Denique
1217 1328 1378 1376 reversus
1408 1307 1453 1375 ad
1489 1328 1553 1375 vos
1586 1319 1726 1377 tantum
1752 1307 1859 1376 variis
1882 1306 2022 1396 linguis
2048 1326 2203 1376 sonarem

182 1437 259 1507 sani
273 1453 396 1504 omnes
410 1428 624 1518 intelligunt,
650 1426 689 1495 in
707 1425 867 1494 docendo
881 1418 1044 1492 adhiberi
1060 1443 1166 1512 opor·
1218 1432 1312 1478 meas
1339 1406 1558 1500 precationes
1579 1421 1640 1478 aut
1663 1405 1841 1502 hymnos,
1883 1409 1974 1502 qnid
2008 1408 2203 1500 prodessem

181 1552 255 1612 tere
272 1531 516 1616 Gramaticen,
543 1527 855 1610 Numerationem,
877 1521 1108 1605 Dialecticen,
1133 1533 1168 1591 et
1221 1510 1338 1594 v⁰bl⁸2
1362 1508 1432 1579 ⁰5⁸3
1449 1523 1485 1580 01
1499 1509 1624 1578 c⁰¹1cl⁰
1638 1511 1818 1581 accederet
1832 1534 1874 1580 ex
1890 1510 2130 1601 revelatione,
2154 1507 2201 1578 vel

182 1641 331 1709 aliarum
354 1634 485 1704 artium
509 1629 739 1701 adminicula.
800 1625 947 1697 Necesse
970 1639 1021 1694 est
1035 1623 1169 1696 articu-
1219 1611 1384 1696 scientie,
1408 1611 1464 1681 vel
1484 1605 1690 1703 prophetia,
1717 1613 1772 1680 vel
1789 1611 1981 1684 doctrina?

183 1742 237 1811 los
259 1737 342 1807 fidei
364 1735 491 1806 ordine
512 1731 645 1824 populo
666 1728 838 1823 proponi,
865 1727 1019 1798 discerni
1039 1724 1167 1815 Legem
1321 1710 1490 1784 Nominat
1518 1712 1717 1785 doctrinam
1756 1713 1965 1798 lectionem,
1997 1728 2037 1787 et
2067 1714 2205 1802 dogma·

184 1850 219 1912 'et
239 1836 497 1926 Evangelium,
520 1845 699 1926 peccatum
726 1845 761 1903 et
784 1832 1039 1914 redemtorem,
1064 1826 1169 1898 iusti·
1219 1829 1296 1886 tum
1311 1814 1573 1897 mlbfiwtffla
1606 1829 1646 1886 ¹11
1661 1838 1766 1908 tutte
1781 1816 1917 1886 dietum
1934 1827 2000 1889 etl.
2053 1809 2206 1908 Prophe·

184 1943 274 2012 ciam
296 1931 578 2031 philosophicam
597 1950 632 2006 et
654 1933 757 2003 aliam
782 1929 977 2015 iusticiam,
1002 1942 1168 2023 quaeant
1219 1917 1306 1989 tiam
1321 1914 1583 1988 enarrationem
1599 1928 1633 1986 et
1650 1918 1814 1989 lectionis
1835 1930 1868 1990 et
1891 1917 2119 2008 dogmatum.
2166 1908 2206 1986 Et

184 2056 330 2136 propter
361 2040 473 2109 fitium
506 2037 612 2107 nobis
642 2037 859 2128 imputator,
902 2045 965 2104 aut
995 2031 1034 2101 in
1064 2029 1169 2100 nobis
1221 2015 1308 2089 haec
1327 2020 1401 2090 ooo
1419 2019 1578 2089 membra
1601 2019 1731 2110 parum
1752 2022 1798 2090 ad
1822 2041 1933 2109 senus
1957 2016 2204 2101 didascalicon.

184 2143 396 2217 restituitur.
1222 2121 1351 2213 partim
1367 2119 1579 2192 adulterum
1595 2143 1707 2209 genus
1722 2122 1922 2213 pertinent,
1950 2123 2053 2214 quod
2075 2140 2205 2190 nuum·

285 2257 449 2333 Discerni
472 2269 612 2348 oportet
627 2250 821 2326 Ecclesiam
844 2267 878 2325 et
900 2250 1072 2345 Imperia,
1099 2248 1172 2321 Ve-
1222 2222 1320 2344 imi}
1337 2222 1630 2297 ⁸⁰⁰⁸⁰¹⁸fi⁰¹¹⁸¹¹b
1689 2222 1847 2343 3⁰3⁰le
1869 2236 1922 2294 ‘⁸¹
1943 2222 2149 2295 adffl⁰⁰ffi⁰
2168 2219 2206 2289 ‘l‘

185 2379 242 2436 tus
256 2377 293 2434 et
307 2362 448 2433 Novum
467 2357 755 2442 Testamentum,
772 2357 867 2447 leges
881 2356 1022 2425 divinas
1045 2369 1079 2424 et
1102 2347 1171 2423 hu·
1223 2325 1384 2443 ¹¹2⁰Ub⁰⁸
1398 2336 1434 2394 ‘¹
1445 2325 1489 2443 {¹⁸
1502 2337 1646 2443 sslffffl
1661 2327 1935 2414 f⁰b0f⁰³l¹⁰¹¹⁹2
1964 2339 2138 2442 ulfulffl
2155 2343 2205 2392 α·

186 2486 326 2548 manaa,
350 2476 509 2533 aeternas
526 2482 658 2551 poenas
671 2471 705 2528 et
721 2471 865 2528 aeterna
883 2458 1050 2549 praemia.
1224 2441 1296 2517 pate
1309 2425 1520 2545 duodecimo
1544 2426 1678 2497 dictum
1701 2442 1768 2512 est,
1794 2441 1835 2497 ut
1854 2429 1898 2496 de
1912 2427 2095 2497 electione
2116 2440 2148 2497 et
2169 2425 2205 2491 de

1225 2540 1395 2618 potestate
1416 2527 1661 2598 ministrorum
1686 2525 1892 2618 Evangelii,
1923 2529 1971 2597 de
1997 2529 2119 2617 legum
2144 2526 2204 2594 dis·

1224 2629 1393 2714 crimine,
1417 2653 1508 2722 quae
1531 2629 1602 2700 sint
1616 2631 1790 2714 abolitae,
1816 2654 1906 2723 quae
1922 2630 1998 2701 sint
2013 2642 2206 2720 perpetuae,

1225 2732 1270 2802 de
1286 2754 1353 2801 usu
1375 2730 1569 2814 libertatis,
1598 2733 1643 2801 de
1666 2731 1809 2802 iudiciis
1834 2728 2033 2812 Ecclesiae,
2061 2733 2109 2800 de
2129 2752 2205 2798 con·

1226 2833 1348 2924 iugio,
1386 2833 1432 2902 da
1454 2855 1521 2902 usu
1544 2854 1663 2902 rerum
1692 2834 1943 2925 politicarum,
1979 2846 2017 2905 et
2039 2832 2207 2903 similibus

1226 2934 1389 3025 negotiis.

1327 3033 1597 3107 Revelationem
1613 3058 1697 3105 vero
1713 3035 1874 3105 nominat
1897 3036 2098 3126 singularia
2121 3033 2208 3108 teati-

1226 3135 1347 3208 mouia
1362 3136 1545 3207 doctrinae
1559 3137 1626 3226 ipsi
1644 3131 1818 3218 exhibita,
1845 3136 1998 3214 sicuttad
2017 3135 2141 3211 Galat.
2161 3137 2209 3204 in·

1227 3238 1321 3334 quit:
1347 3237 1429 3309 Non
1446 3240 1490 3309 ab
1506 3234 1653 3309 homine
1665 3239 1781 3329 accepi
1796 3235 2053 3330 Evangelium,
2082 3264 2146 3309 nec
2161 3261 2209 3306 me

1227 3343 1413 3434 quisquam
1435 3335 1622 3410 hominum
1645 3341 1784 3427 docuit,
1810 3343 1870 3410 sed
1894 3343 2012 3434 accepi
2036 3342 2209 3413 revelante

1227 3446 1305 3512 lesu
1333 3437 1486 3513 Christo.
1555 3439 1741 3513 Pertinent
1772 3440 1843 3513 hue
1874 3458 1908 3515 et
1938 3444 2206 3533 praedictiones,

1228 3546 1319 3615 sicut
1334 3544 1378 3613 de
1395 3543 1583 3634 postremis
1598 3540 1776 3614 Ecclesiae
1798 3546 2021 3633 temporibus
2045 3545 2210 3616 vaticina·

1228 3661 1288 3718 tur
1306 3645 1351 3716 ad
1367 3639 1700 3715 Thessalonicenses
1721 3659 1756 3717 et
1778 3648 1824 3716 ad
1838 3643 2000 3720 Timoth.
2058 3644 2148 3718 ltem
2163 3646 2211 3715 in·

1228 3746 1320 3818 dicia
1336 3748 1380 3816 de
1394 3747 1556 3817 fanaticis
1571 3748 1798 3831 doctoribus,
1824 3750 1944 3841 quales
1963 3763 2054 3819 trrnc
2077 3768 2210 3846 quoqne

1229 3848 1332 3918 multi
1359 3851 1600 3938 vagabuntur,
1636 3864 1669 3919 et
1697 3851 1901 3920 iactitabant
1934 3872 2016 3919 suas
2047 3853 2214 3944 quasdam

1229 3950 1532 4033 illuminationes,
1572 3952 1740 4020 novariis
1767 3952 1963 4042 praestigiis
1986 3943 2208 4023 fallebantet

1230 4053 1423 4124 turbabant
1453 4048 1644 4136 Ecclesiae,
1678 4055 1778 4125 utin
1803 4054 2039 4144 Actiacapite
2071 4055 2131 4127 13.
2173 4050 2207 4121 ln

322 4223 331 4240 .
580 4220 622 4238 ..
661 4219 670 4238 .
1229 4151 1348 4249 Cypro
1372 4149 1535 4248 Elymam
1563 4155 1666 4244 punit
1686 4158 1871 4238 coecitate,
1903 4169 1936 4224 et
1953 4170 2079 4226 narrat
2096 4158 2141 4227 ad
2154 4153 2208 4224 Ti·

197 4246 277 4291 eum
297 4244 476 4307 vivamus,
500 4235 536 4291 et
555 4243 709 4290 vrcrssrm
734 4245 812 4290 eum
836 4220 1065 4292 celebremus.
1116 4215 1179 4288 Est
1231 4252 1432 4341 mophfflm,
1470 4253 1773 4349 ,eHymenaeum
1805 4271 1839 4327 et
1868 4253 2121 4328 Alexandrum
2145 4271 2209 4326 m·

197 4324 306 4414 igliur
322 4321 865 4459 8²⁰¹¹⁸²¹lfef¹¹⁰¹¹¹⁰⁰¹¹⁵⁰¹³¹i⁰·
1017 4440 1025 4456 ι
1230 4357 1361 4426 didisse
1390 4355 1563 4438 Satanae,
1609 4371 1649 4428 ut
1681 4359 1881 4432 desinerent
1922 4382 2094 4450 spargere
2126 4360 2208 4431 blas

296 4439 489 4536 Postquam
504 4456 613 4531 agatur
623 4442 851 4510 concionator
860 4455 1041 4529 proposuit
1058 4439 1180 4509 lectio·
1231 4453 1401 4550 phania,

197 4566 279 4663 nem
294 4556 328 4612 el
345 4543 561 4662 doclrlssfffis
584 4544 745 4613 ⁰⁸l⁸¹¹d³l
768 4542 947 4628 q¹¹⁰¹¹¹⁰d⁰
970 4543 1178 4631 ῃΡΡῙἱεὸηάὃ
1332 4558 1498 4629 Vidimus
1517 4574 1550 4629 et
1565 4573 1686 4630 nostro
1706 4575 1862 4652 tempore
1883 4563 2000 4634 multo
2020 4577 2107 4634 ante
2128 4562 2210 4634 sedi·

198 4657 244 4716 eli
258 4646 302 4716 ed
319 4646 615 4764 ⁶⁰9⁸0hl¹⁰¹¹²¹¹¹2
641 4657 675 4715 θῑ
692 4647 735 4713 ad
753 4639 849 4713 hunc
866 4643 1027 4712 ‘fficium
1045 4658 1179 4735 POSlifl·
1231 4661 1364 4730 tionem
1381 4662 1595 4732 rusticanam
1621 4662 1812 4733 fanaticum
1829 4659 2014 4733 hominem
2034 4665 2210 4736 Nicolaum

197 4771 258 4818 mo
280 4761 478 4819 strabonem
499 4748 638 4819 refetdi·
712 4742 761 4818 Ei
783 4746 914 4836 gladiis
937 4740 995 4813 hle
1017 4745 1180 4816 consitie-
1232 4761 1358 4842 fflopk,
1393 4778 1515 4833 natum
1536 4761 1718 4858 Cyssssffla
1755 4767 1873 4855 vagari
1896 4767 1933 4834 in
1952 4763 2011 4836 bis
2034 4767 2209 4859 religioni.

197 4863 332 4921 rentur.
1231 4865 1316 4944 hus,
1343 4865 1405 4957 qui
1428 4867 1612 4950 narrabat,
1645 4889 1747 4955 saepe
1768 4868 1912 4956 angelos
1934 4869 2076 4940 visibili
2105 4868 2210 4962 specie

297 4968 460 5041 Primum
482 4965 646 5057 erigenda
672 4978 723 5037 est
744 4966 847 5050 fides,
888 4965 924 5033 id
949 4978 1017 5046 est,
1051 4963 1179 5035 fiducia
1231 4988 1347 5035 secum
1370 4967 1616 5052 locutoaesse‚
1647 4981 1681 5037 et
1698 4968 1763 5059 ipsi
1784 4969 2017 5059 praedixisse,
2045 4972 2208 5041 foreeum

196 5071 478 5158 misericordiae,
503 5071 722 5162 quacumin
741 5064 816 5137 Deo
833 5067 1097 5160 acquiescimus,
1124 5090 1179 5135 se·
1231 5069 1356 5138 ducem
1391 5069 1659 5140 instaurationis
1684 5066 1934 5146 Ecclesiamm.
1988 5070 2210 5167 Loquebatur

197 5175 320 5265 quitur
343 5199 408 5266 pax
425 5187 458 5245 et
482 5172 672 5263 gaudium,
696 5183 737 5239 ut
762 5169 1020 5256 scriptumest:
1047 5166 1179 5238 lustifi-
1231 5184 1347 5239 autem
1365 5172 1410 5240 de
1431 5171 1583 5241 cultibus
1608 5196 1706 5240 more
1722 5169 2043 5257 enthusiastarum,
2081 5175 2207 5244 dicebat

287 2581 426 2653 llarum
460 2603 579 2650 rerum
612 2578 871 2647 enarrationem
906 2576 944 2645 in
972 2568 1173 2646 Corinthiis

187 2685 350 2756 nominat
379 2683 510 2752 Paulus
539 2679 845 2752 aedificationem.
918 2675 965 2749 Et
999 2677 1174 2764 intelligat

188 2787 435 2870 concionator,
454 2805 546 2877 quae
558 2781 725 2852 materiae
740 2781 811 2850 sint
828 2779 1039 2872 principales
1053 2802 1092 2847 ac
1110 2801 1173 2846 ne-

189 2888 357 2958 cessariae
371 2888 415 2956 ad
432 2884 730 2968 aedificationem,
754 2883 790 2951 id
808 2895 877 2968 est,
899 2883 943 2951 ad
960 2881 1173 2950 confirman-

190 2992 272 3061 dam
297 2990 403 3057 bdem
431 2987 471 3055 in
497 2985 666 3056 omnibus
698 2983 868 3056 articulis.
933 2980 1008 3052 Has
1030 2992 1175 3071 repetat,

189 3091 328 3162 omissis
345 3088 541 3181 peregrinis
554 3086 873 3177 disputationibus,
906 3085 997 3155 sicut
1018 3085 1114 3155 iubet
1130 3083 1173 3151 ad

190 3186 423 3263 Timotheum
439 3190 522 3280 eligi
539 3189 641 3259 utilia
656 3188 699 3257 ad
717 3187 1007 3259 aedificationem.
1059 3181 1175 3254 Perti-

191 3309 277 3365 nent
299 3307 416 3362 autem
438 3288 525 3362 haec
547 3293 619 3361 duo
650 3312 777 3379 genera
806 3289 911 3360 lectio
935 3301 969 3359 et
992 3286 1176 3358 doctrinae

192 3394 377 3487 explicatio
392 3395 437 3463 ad
452 3413 563 3482 genus
577 3391 828 3462 didascalicon.

295 3510 457 3583 Tertium
473 3532 583 3600 genus
599 3521 651 3580 est
663 3505 879 3582 Consolatio.
927 3502 1010 3577 Non
1026 3520 1075 3578 eat
1095 3506 1176 3576 finis

194 3610 377 3690 duitrinae
399 3613 438 3681 in
462 3609 618 3683 Ecclesia
647 3623 785 3681 tautum
812 3609 977 3690 scientia,
1011 3633 1075 3678 nec
1098 3623 1176 3678 tan·

194 3730 270 3787 tum
300 3716 455 3786 actiones
485 3727 646 3798 nostrae,
687 3715 748 3782 sed
771 3713 871 3783 Deus
901 3734 936 3780 se
957 3710 1119 3804 patefecit
1143 3723 1177 3780 et

194 3813 429 3906 Evangelium
453 3814 617 3900 tradidit,
650 3827 691 3884 ut
713 3815 840 3885 liberet
856 3835 922 3883 nos
943 3824 962 3881 a
986 3826 1125 3904 peccato
1143 3825 1178 3882 et

195 3931 335 3990 aeterua
356 3930 492 4002 morte,
523 3931 557 3986 et
580 3916 660 3986 finis
684 3929 752 4001 est,
778 3930 817 3985 ut
839 3915 972 3987 abolito
990 3928 1129 4005 peccato
1145 3926 1178 3983 et

195 4033 319 4106 morte,
343 4020 499 4088 fruentes
512 4018 832 4087 communicatione
847 4016 1049 4107 sapientiae,
1075 4016 1179 4084 iusti-

196 4123 270 4193 ciae
296 4131 330 4192 et
361 4121 514 4191 laetitiae
538 4120 628 4197 Dei,
672 4120 711 4186 in
734 4119 834 4188 omni
856 4119 1059 4188 aeternitate
1083 4117 1178 4208 apud

196 5276 479 5365 catifidepacem
496 5271 678 5343 habemus.
718 5269 764 5341 Et
781 5271 1078 5360 proximigradus
1095 5285 1180 5340 sunt
1231 5272 1406 5342 iusticiam
1437 5295 1510 5341 esse
1540 5273 1578 5340 in
1606 5273 1773 5343 cordibus
1806 5298 1937 5343 novam
1967 5289 2003 5345 et
2030 5276 2206 5346 coelestem

193 5371 394 5461 invocatio,
409 5375 498 5469 Spes
513 5390 548 5448 et
565 5372 774 5449 Gratiarum
789 5372 892 5449 actio.
924 5370 1064 5443 Scimus
1080 5372 1179 5442 enim
1229 5373 1344 5444 lucem
1353 5426 1364 5460 ,
1389 5387 1423 5446 et
1438 5396 1551 5445 novos
1564 5387 1682 5446 motus
1696 5399 1757 5448 seu
1770 5375 1922 5454 afflatus.
1974 5375 2053 5451 Nec
2066 5375 2208 5448 recteds
