4522 5782
104 190 175 269 ⁶⁰0
407 186 510 269 ¹111.
558 182 1813 285 aconstituunturtuuets‘r..enuu1suuot1a1t08.
1934 183 1939 191 ’
2055 199 2134 283 stu

102 367 230 437 bantur
242 361 284 433 in
300 361 644 459 omnibnsperienlis
658 376 693 434 et
706 362 916 435 terroribus.
942 318 991 434 Et
1006 362 1089 456 qut-
1143 373 1179 433 et
1201 362 1471 436 meminerimus
1487 358 1724 456 Evangelium
1748 390 1823 438 esse
1843 393 1965 440 vocem
1982 373 2133 462 promit-

103 471 178 539 dem
191 478 321 537 norant
338 461 435 536 hune
450 464 646 537 Dominum
667 465 737 535 sibi
752 468 889 550 adesse,
922 464 1012 534 sicut
1030 464 1087 535 la·
1139 477 1272 537 tentem
1289 480 1323 537 et
1338 463 1563 538 exhibentem
1584 463 1670 539 haec
1686 469 1873 554 beneficia,
1897 472 1989 546 sicut
2012 474 2131 569 inquit

102 572 162 642 coh
181 570 314 641 diserte
329 570 448 665 inquit
465 565 596 641 Genea.
613 567 692 638 ts:
728 567 887 658 Angelus
908 568 971 661 qui
994 567 1085 638 lihe-
1139 563 1289 639 Paulus:
1315 566 1552 660 Evangelium
1572 584 1624 642 est
1649 570 1890 660 potentiaDci
1910 576 1956 643 sd
1979 576 2130 649 salutem

100 672 186 744 rasit
202 671 319 740 mede
335 670 610 756 cunctismalis,
638 671 825 741 benedicat
848 670 967 762 pueris
989 669 1083 740 istis:
1136 670 1235 738 omni
1256 671 1435 756 credenti,
1469 672 1506 743 id
1532 686 1605 757 est,
1635 669 1871 763 Evangelium
1894 677 1999 749 offert
2022 679 2129 753 nobis
2190 753 2194 761 ,

98 772 272 868 praedicnt
286 772 382 842 enim
398 796 479 844 eum
496 768 712 856 Dominum,
739 794 802 863 per
824 795 969 863 quemn
994 795 1083 842 cun·
1134 771 1282 858 gratiam
1308 786 1342 844 et
1367 773 1475 844 vitam
1498 787 1696 861 aeternam,
1723 777 1831 863 gratis
1855 792 2000 871 propter
2019 776 2127 853 Chri·

98 876 157 948 etis
168 874 273 945 melis
290 874 459 946 liberatus
480 886 549 955 est,
584 886 620 946 et
636 876 682 945 ah
701 870 768 945 hoc
782 875 888 964 petit,
915 887 956 944 ut
971 874 1081 943 bene·
1133 885 1247 958 stum,
1272 898 1346 946 non
1373 889 1516 966 propter
1536 877 1661 965 legem.
1719 876 1765 947 Et
1787 902 1849 967 per
1871 873 1939 950 hoc
1962 880 2126 973 Evange-

97 977 361 1067 dicstposteris.
412 973 509 1048 Haec
523 977 920 1068 nuncpossuntsliter,
948 976 1016 1044 nisi
1036 977 1082 1045 de
1132 973 1220 1044 lium
1233 973 1330 1047 Deus
1344 1001 1424 1048 vere
1447 991 1498 1049 est
1521 979 1661 1062 efficax,
1684 979 1746 1051 dat
1761 979 1935 1070 Spiritum
1951 974 2130 1071 sanctum,

95 1076 253 1151 attollet
275 1078 439 1170 intelligi.
496 1074 545 1151 Et
559 1076 692 1149 Paulus
707 1080 779 1165 sit,
805 1078 916 1147 tilium
932 1075 998 1148 Dei
1017 1100 1080 1147 co·
1131 1075 1564 1150 incoatinnobisnovam
1583 1080 2078 1157 lucemetvitamaeternam.

94 1181 257 1252 mitatnrn
272 1203 347 1251 esse
360 1192 473 1252 castra
490 1179 615 1273 populi
632 1178 753 1252 laralil.
806 1177 957 1263 loannes
972 1179 1077 1250 etiam
1235 1178 1421 1251 Peccatum
1442 1206 1516 1251 non
1537 1182 1709 1269 significat
1732 1197 1871 1255 tantum
1893 1187 2049 1258 actiones
2067 1189 2123 1259 vi-

93 1283 229 1378 iaqnit,
254 1281 375 1353 omnia
399 1296 464 1376 per
482 1277 715 1355 hunctilinm
738 1283 829 1352 facta
852 1303 942 1367 esse,
968 1295 1002 1353 et
1020 1280 1077 1351 lu·
1130 1280 1265 1366 tiosas,
1300 1283 1390 1354 sicut
1419 1279 1634 1383 Philosophi
1666 1287 1711 1356 de
1747 1286 1922 1357 vocabulo
1948 1289 2122 1382 iudicant,

92 1409 165 1456 rem
180 1386 222 1453 in
238 1386 393 1456 tenebris
408 1383 559 1460 fulsisse,
604 1379 742 1455 Omnes
757 1378 933 1474 triumphi
948 1385 1077 1454 adver·
1128 1384 1188 1453 sed
1213 1385 1462 1473 complectitur
1487 1386 1593 1456 etiam
1624 1386 1803 1477 ingentem
1828 1389 2119 1473 imbecillitatem,

91 1486 149 1559 su's
169 1486 356 1558 diabolum
376 1487 469 1579 parti
488 1498 573 1558 snut
596 1508 660 1577 per
681 1480 778 1557 hunc
799 1485 924 1561 hlium.
996 1484 1076 1557 No'e‘
1127 1508 1218 1580 quse
1242 1486 1427 1558 nobiseum
1451 1489 1628 1573 nascitur,
1653 1512 1744 1582 quae
1767 1502 1913 1561 vocatur
1937 1505 2118 1583 peccatum

94 1603 269 1674 serrsnn,
306 1590 471 1660 defensus
501 1582 709 1674 Abraham,
746 1587 914 1659 excitatus
937 1583 1076 1679 loseph,
1127 1586 1294 1676 originis,
1326 1592 1421 1682 quod
1446 1590 1512 1660 etsi
1533 1591 1647 1660 securi
1670 1585 1832 1662 homines
1855 1592 2014 1665 iudicant
2039 1595 2119 1665 leve

94 1692 261 1763 liberatus
275 1693 430 1782 populus
450 1715 493 1761 ex
511 1691 692 1785 Aegypto,
718 1689 847 1760 Daniel
870 1689 1075 1763 etiamtum
1126 1691 1258 1759 malum
1282 1711 1376 1776 esse,
1414 1692 1486 1760 imo
1510 1685 1721 1785 Philosophi
1742 1716 1787 1762 ne
1815 1693 1947 1763 malum
1971 1695 2118 1789 quidem

92 1819 132 1863 eo
159 1791 390 1886 colloquitur.
463 1791 525 1864 Sic
549 1788 785 1883 Evangelium
820 1790 1074 1884 Apostolorum
1125 1790 2039 1885 essearbitrantur,tsmenlongealiterindicendum
2055 1812 2118 1875 est,

93 1895 324 1965 concionatur
346 1897 392 1966 de
412 1889 587 1981 Christo,¹
610 1908 759 1968 testatur
781 1917 854 1964 esse
882 1893 1073 1979 victimam,
1123 1890 1206 1965 Non
1227 1906 1311 1965 sunt
1327 1893 1417 1965 levia
1430 1894 1523 1966 mala
1537 1896 1756 1967 tenebraetac
1774 1897 1950 1967 dubitatio
1963 1899 2009 1968 de
2025 1895 2115 1983 Deo,

95 1996 315 2068 liberatorem
350 2010 385 2068 et
412 1998 649 2082 salvatorem,
689 2012 723 2070 et
745 1997 843 2068 iubet
875 2018 941 2065 nos
961 1995 1073 2066 conli-
1124 2018 1172 2065 an
1194 2008 1293 2067 curet
1315 1991 1492 2082 humans,
1521 2020 1568 2068 an
1594 1998 1737 2087 puniat,
1768 2022 1815 2068 an
1834 2000 1923 2085 alat,
1947 2001 2118 2084 sniuvet,

97 2100 172 2168 dere
195 2093 266 2168 hoc
287 2100 379 2169 duce
406 2113 440 2169 et
466 2099 669 2172 liberatore.
719 2098 821 2171 Siout
841 2111 875 2169 et
899 2098 1072 2189 plurimae
1122 2120 1170 2167 an
1194 2097 1356 2168 exaudiat
1378 2094 1556 2169 homines:
1591 2096 1681 2169 Item
1704 2123 1829 2171 vacare
1849 2114 1967 2181 metu,
1992 2126 2115 2175 amore

96 2199 283 2272 sententiae
305 2200 343 2269 in
362 2198 550 2291 Prophetis
570 2202 716 2280 docent,
747 2214 788 2273 nt
809 2199 989 2274 psalma.
1014 2200 1072 2267 in·
1121 2196 1208 2282 Dei,
1240 2223 1359 2271 amare
1382 2202 1564 2292 nosipsos
1586 2201 1745 2292 neglecto
1767 2198 1865 2287 Deo,
1898 2203 2021 2271 mirari
2044 2228 2114 2273 no-

96 2302 181 2395 cuit:
207 2296 432 2373 Oseulamini
453 2301 579 2378 filium.
628 2301 730 2373 Beati
753 2303 960 2396 omnesqui
984 2325 1070 2371 con·
1122 2315 1229 2370 stram
1253 2302 1480 2394 sapientiam,
1526 2303 1648 2375 ludere
1676 2303 1908 2394 opinionibus
1935 2304 2113 2393 fugiendis

99 2404 203 2476 idunt
225 2404 266 2474 in
286 2427 341 2479 eo.
398 2404 551 2475 sicsine
578 2398 751 2486 haclide,
778 2404 909 2484 idest,
942 2404 1070 2473 fiducia
1123 2404 1281 2490 chco,
1310 2399 1494 2494 Epicureis
1514 2420 1573 2476 aut
1598 2405 1866 2496 superstitiosis,
1893 2400 2023 2475 habere
2043 2407 2113 2477 im-

100 2505 350 2577 misericordiae
381 2507 573 2598 promissae
607 2518 752 2597 propter
783 2506 926 2592 hlium,
971 2506 1072 2575 nulla
1124 2518 1225 2594 petus
1240 2506 1337 2575 varie
1353 2522 1530 2591 errantes,
1557 2504 1840 2592 aversosaDeo,
1865 2522 1900 2578 et
1916 2520 2112 2598 pugnantes

103 2620 145 2677 est
164 2632 244 2678 cera
267 2605 335 2678 Dei
358 2607 557 2694 invocatio,
591 2608 683 2681 nulli
706 2608 781 2679 veri
803 2608 930 2683 cultus.
980 2604 1072 2677 Nam
1124 2630 1204 2677 cum
1229 2608 1303 2698 lege
1328 2605 1406 2683 Dei.
1458 2608 1554 2679 Haec
1578 2632 1651 2678 esse
1674 2609 1830 2698 ingentia
1853 2609 1965 2693 mala,
1990 2623 2111 2680 osten-

104 2731 154 2799 per
167 2703 263 2782 hunc
277 2706 483 2782 Pontificem
508 2706 679 2781 hahemus
700 2709 835 2781 aditum
856 2711 900 2779 ad
925 2721 1073 2803 patrem,
1123 2710 1214 2779 dunt
1229 2733 1373 2801 poenae.
1430 2709 1520 2783 Nam
1543 2724 1688 2802 propter
1704 2705 1791 2779 haec
1807 2711 1897 2779 nrala
1912 2709 2009 2781 Deus
2025 2713 2117 2803 suh-¹
2176 2709 2177 2713 ’

105 2824 135 2880 ut
146 2834 245 2904 saepe
260 2811 430 2904 scriptum
448 2827 511 2887 est.
561 2809 769 2883 Execranda
788 2825 840 2883 est
863 2810 974 2900 igitur
994 2834 1073 2882 cae·
1124 2812 1204 2880 iecit
1225 2834 1335 2900 genus
1358 2805 1553 2903 humanum
1579 2812 1705 2896 morti,
1732 2812 1835 2902 punit
1849 2825 1884 2881 et
1899 2817 2036 2884 coercet
2052 2812 2110 2881 in·

105 2912 174 2983 citas
191 2913 353 2999 illorum,
374 2915 435 3008 qui
452 2914 591 3005 fingunt
604 2911 839 3004 Evangelium
862 2936 936 2983 esse
962 2913 1072 3004 legem
1125 2914 1289 3002 gentihus
1312 2913 1583 2987 calamitatibus.
1635 2910 1776 2983 Deinde
1796 2936 1876 2984 cum
1894 2913 2110 2987 Deusnulla

103 3014 326 3087 continentem
355 3023 539 3115 praecepta
567 3020 740 3110 quaedam
771 3018 815 3086 de
836 3029 959 3086 mutua
981 3015 1072 3083 ‹lile-
1125 3014 1267 3084 victima
1283 3016 1414 3113 placari
1437 3017 1607 3101 voluerit,
1631 3015 1701 3084 nisi
1723 3013 1791 3086 fih’i
1811 3029 1944 3100 morte,
1969 3039 2111 3091 necesse

103 3117 215 3203 ctione,
229 3117 365 3210 requiri
382 3132 498 3189 autem
515 3118 632 3208 fidem,
648 3118 683 3188 id
700 3131 762 3200 est,
777 3117 946 3187 noticiam
958 3112 1072 3188 histo·
1124 3130 1177 3187 est
1200 3115 1321 3206 ingens
1345 3141 1418 3187 esse
1443 3118 1595 3201 malum,
1635 3117 1733 3208 quod
1756 3129 1854 3186 tanto
1877 3119 1991 3214 pretio
2013 3120 2109 3187 redi-

101 3218 159 3289 rise
181 3215 402 3305 decurtato,
428 3234 461 3292 et
484 3216 579 3290 hunc
608 3215 811 3290 habendum
829 3241 901 3289 esse
925 3242 989 3309 pro
1006 3221 1072 3288 do·
1124 3221 1293 3289 mendum
1308 3217 1387 3289 fuit.
1442 3217 1577 3288 Mirum
1604 3233 1655 3289 est
1677 3231 1815 3289 tantum
1839 3218 2023 3288 inanimis
2040 3213 2111 3290 hu-

101 3336 203 3391 rtore:
242 3335 284 3391 ut
314 3319 478 3393 Socrates
514 3335 577 3393 aut
606 3317 818 3414 Phocylides
849 3321 1072 3392 tradiderunt
1124 3320 1239 3390 manis
1253 3332 1432 3412 stuporem
1448 3339 1540 3398 esse,
1565 3333 1605 3391 ut
1618 3315 1715 3390 hunc
1728 3321 1894 3390 morbum
1910 3344 1984 3390 noo
1999 3343 2111 3410 agno·

100 3422 180 3494 bons
202 3435 396 3515 praecepta.
454 3419 502 3493 Et
524 3422 790 3512 imaginandum
815 3416 977 3493 homines
999 3443 1073 3493 esse
1123 3437 1232 3496 scant.
1283 3419 1404 3510 Quare
1419 3421 1515 3492 Deus
1530 3421 1687 3515 patelieri
1703 3444 1786 3492 enm
1804 3444 1866 3492 sna
1882 3445 1967 3492 voce
1982 3444 2022 3492 ac
2042 3423 2110 3493 do·

99 3525 196 3597 iustos
219 3537 365 3618 propter
388 3523 450 3596 illa
475 3525 678 3596 dilectionis
700 3525 835 3615 officia,
866 3526 929 3595 sed
953 3538 1071 3596 tamen
1122 3524 1236 3595 ctrina
1257 3525 1384 3594 voluit.
1441 3522 1537 3594 Huic
1557 3523 1808 3605 assentiamur,
1834 3547 1901 3593 nec
1920 3524 2110 3596 audiamus

99 3620 328 3700 dubitandum
339 3650 430 3708 esse,
456 3651 501 3695 an
519 3625 612 3696 Deus
628 3627 784 3717 ignoscat
799 3626 903 3697 nohis
911 3674 924 3715 ,
951 3629 998 3695 an
1011 3650 1072 3696 es·
1122 3625 1364 3697 cavillationes
1378 3621 1645 3717 sophistarum,
1675 3625 1737 3720 qni
1761 3623 2110 3699 ridentSardonium
2227 3664 2232 3671 ·

98 3731 206 3801 arrdiat
227 3752 313 3809 nos,
351 3753 397 3797 an
425 3728 561 3820 aliquid
585 3729 631 3800 sit
656 3730 689 3799 ei
712 3728 845 3818 negotii
872 3729 1070 3800 nobiscum.
1122 3728 1258 3812 risum,
1283 3742 1318 3799 et
1342 3729 1506 3796 morbum
1528 3740 1736 3810 extenuant,
1760 3721 2109 3799 levitercurantho-

97 3828 139 3902 lta
178 3827 350 3902 Monachi
389 3844 420 3901 et
463 3855 560 3901 rrtrne
601 3832 746 3923 qnidam
787 3825 1069 3922 Philosophastri
1122 3830 1224 3901 stiam
1246 3823 1448 3912 Christum,
1480 3828 1673 3919 autetiam
1699 3839 2110 3919 prorsnscontemuuut.

97 3934 337 4004 transformant
362 3929 594 4021 Evangelium
619 3932 657 4001 in
686 3933 919 4002 academicam
951 3927 1071 4025 philo·
1122 3924 1181 4001 Ab
1199 3931 1259 4000 illa
1275 3931 1383 4019 impia
1401 3924 1627 4023 philosophia
1648 3930 1749 4001 decet
1767 3952 1833 4000 nos
1853 3928 1983 4001 animis
2004 3941 2110 4023 atque

99 4032 267 4127 sophiam,
294 4033 331 4104 id
355 4032 430 4119 est,
457 4035 655 4104 doctrinam
680 4038 726 4105 de
745 4034 930 4123 operibus:
957 4046 993 4104 et
1015 4032 1070 4103 iu·
1122 4032 1272 4104 auribus
1291 4028 1498 4102 abhorrere.

97 4137 171 4209 hent
185 4139 352 4208 dubitare
368 4137 412 4205 de
428 4137 722 4235 promissionibus
737 4134 890 4218 divinis,
914 4158 978 4204 nec
1002 4134 1068 4204 do·
1228 4133 1424 4206 iustificare
1442 4131 1620 4205 Hebraica
1647 4128 1769 4224 phrasi
1795 4129 1941 4216 usitate,
1968 4146 2025 4204 eet
2052 4130 2110 4205 iu.-

98 4253 166 4311 cent
187 4239 315 4325 fidem,
341 4240 378 4308 id
401 4251 470 4321 est,
495 4237 680 4324 fiduciam,
705 4260 797 4331 quae
817 4237 946 4308 nititur
963 4230 1073 4307 Chri·
1122 4249 1217 4307 stnm
1240 4236 1480 4328 pronunciare
1497 4235 1555 4304 vel
1576 4247 1759 4326 reputare,
1782 4250 1823 4305 ut
1838 4231 1989 4304 Ehralte
2014 4234 2110 4305 dice-

98 4358 141 4411 sto
171 4343 389 4425 liberatore,
429 4341 516 4432 petit
537 4354 572 4411 et
597 4352 754 4433 expectat
781 4351 926 4430 propter
954 4337 1071 4429 ipsum
1122 4350 1237 4409 retur:
1262 4335 1622 4429 PopulnsRomauus
1637 4333 1841 4427 Scipionem
1861 4349 2063 4407 accusatum
2089 4362 2108 4407 a

95 4444 256 4514 beneficia
270 4443 441 4534 promissa
457 4443 686 4512 necessariam
706 4464 790 4516 esse.
842 4438 946 4530 Rogo
965 4440 1076 4530 igitur
1123 4439 1297 4511 Tribunis
1313 4440 1532 4522 iustificavit,
1557 4438 1680 4522 idest,
1705 4436 1876 4523 absolvit,
1900 4438 2108 4508 serriustum
2181 4511 2184 4515 ,

94 4571 208 4617 omnes
229 4545 304 4637 pios
324 4547 489 4625 lectores,
523 4545 555 4613 si
577 4558 698 4617 amant
721 4538 924 4627 Christum,
948 4556 990 4613 ut
1014 4536 1072 4609 hic
1122 4542 1388 4634 pronunciavit,
1459 4539 1510 4611 lta
1533 4540 1571 4608 in
1593 4533 1650 4607 his
1678 4537 1780 4609 Pseu
1808 4540 2113 4633 disputationibus

93 4651 311 4720 considerent
341 4647 536 4717 discrimen
557 4647 643 4736 legis
671 4660 706 4717 et
726 4642 935 4735 Evangelii,
974 4641 1071 4713 Mosi
1123 4645 1392 4716 certeseiamus
1411 4640 1910 4732 iustificationemsignihcare
1932 4643 2111 4711 remissio-

94 4767 120 4823 ιι
134 4749 289 4834 Christi,
316 4764 349 4820 et
360 4750 550 4839 diligenter
563 4748 732 4838 cogitent,
759 4772 848 4842 qnae
868 4747 981 4835 gloria
1007 4745 1071 4815 tri·
1125 4770 1205 4814 nem
1223 4756 1456 4838 peccatorum,
1474 4757 1509 4814 et
1522 4743 1795 4835 acceptationem
1812 4744 1982 4815 advitam
1997 4757 2111 4817 aeten-

93 4856 226 4925 huenda
250 4854 296 4923 sit
316 4851 392 4922 filio
408 4848 495 4936 Dei,
520 4852 581 4943 qni
598 4852 669 4921 sint
689 4850 765 4919 veri
784 4846 956 4931 honores,
982 4869 1073 4939 quos
1122 4870 1223 4930 nam,
1249 4848 1339 4929 sicut
1353 4847 1437 4917 satis
1454 4845 1638 4937 perspicue
1654 4857 1922 4937 testaturcaput
1944 4859 2110 4938 quartum

92 4961 117 5027 ei
137 4959 356 5031 tribuerunt,
416 4951 538 5023 Patres
560 4948 698 5036 Adam,
723 4949 847 5036 iacob,
873 4944 1071 5041 Prophetae
1122 4951 1166 5018 ad
1192 4946 1393 5033 Romanos,
1419 4949 1484 5019 uhi
1506 4947 1630 5020 delinit
1654 4945 1937 5020 iustificationem
1960 4969 2034 5017 esse
2054 4969 2112 5017 re-

88 5075 116 5132 et
140 5058 320 5150 Apostoli.
392 5051 453 5125 Ab
470 5051 528 5125 his
553 5055 727 5124 discamus
747 5049 928 5124 Christum
949 5054 1073 5120 adesse
1122 5050 1326 5120 missionem
1342 5064 1579 5142 peccatorum.
1635 5044 1702 5120 Est
1717 5071 1819 5138 ergo,
1840 5048 2112 5119 Fidei-unifica·

88 5186 166 5234 snae
185 5160 366 5231 Ecclesiae
388 5159 533 5238 ducem,
571 5157 864 5246 gubernatorem,
902 5153 1071 5225 liberato·
1120 5175 1222 5236 mur,
1248 5152 1342 5221 idem
1366 5159 1465 5246 quod
1488 5164 1695 5243 reputamur
1719 5152 1801 5221 iusti
1825 5173 1845 5219 a
1867 5147 1947 5220 Deo
1969 5164 2115 5242 propter

88 5290 177 5348 rem,
201 5263 427 5346 salvatorem,
452 5262 673 5329 defensorem
689 5259 855 5326 adversus
870 5254 1072 5327 diabolum:
1121 5248 1322 5334 Christum,
1348 5277 1427 5326 enm
1443 5255 1634 5324 credimus.
1682 5250 1731 5323 Et
1747 5251 1978 5337 vocabulum,
2004 5249 2114 5323 lusti-

88 5370 257 5441 distamus
274 5380 310 5438 et
331 5365 400 5434 lide
419 5363 624 5455 accipienda
644 5357 907 5430 essebeneficia
923 5349 1071 5439 Christi,
1123 5357 1199 5440 cia,
1229 5378 1304 5427 non
1328 5350 1388 5428 hic
1411 5355 1586 5446 significat
1605 5353 1782 5426 iusticiam
1805 5352 1913 5446 legis,
1942 5376 2005 5426 seu
2027 5354 2114 5426 oh'e·
