4522 5782
166 186 265 287 ,aaa
770 168 902 247 enm
925 168 1044 248 nnn
1069 166 1284 259 mera
1310 162 1615 261 masuras
1682 212 1687 219 -
1885 218 1899 247 ..
2108 167 2196 253 uu

43 448 47 455 ,
167 365 314 442 clasiae,
348 368 478 433 nsum
497 344 659 424 etlmieae
680 369 760 419 cum
783 345 921 419 meritis
940 344 1013 416 ism
1034 338 1158 415 Euan.
1211 360 1295 420 ω,
1316 339 1541 417 monarchi„
1575 343 1705 433 suque,
1742 357 1826 417 ,me
1850 338 2060 439 pamm,
2096 338 2203 416 M,

157 4908 172 4941 0

171 468 301 561 galium
328 455 596 554 profitentibus,
635 464 698 521 aut
718 452 845 541 fratres
869 472 950 519 cum
976 448 1160 534 fratribus,
1213 474 1310 532 cam,
1336 446 1511 518 Graecam
1532 459 1567 517 et
1583 445 1800 521 Romanam.
1852 442 1902 519 Et
1928 445 2044 519 multa
2071 446 2205 535 vestigia

171 568 235 641 lilii
260 588 343 635 cnm
367 558 587 654 parentibus.
637 549 778 623 Horum
803 551 914 645 aliqui
938 574 1019 622 cum
1037 551 1162 621 audie·
1213 552 1308 644 apud
1323 564 1444 642 gentes
1461 536 1664 619 testimonia
1681 551 1852 642 praebent
1868 546 2081 641 antiquitati
2092 542 2203 621 Eccle-

173 674 261 743 bant
281 663 394 737 taxari
417 660 596 732 idolorum
620 655 755 738 cultus,
781 666 817 725 et
838 675 981 743 magnas
999 652 1164 724 tenebras
1215 655 1300 724 siae.
1353 650 1482 724 Graeci
1516 652 1672 723 fatentur
1701 673 1738 721 se
1768 664 1866 723 ortos
1896 673 1973 721 esse
2003 651 2051 721 ab
2084 647 2203 743 lapeto,

173 766 433 845 Ethnicorum,
460 773 552 830 certe
567 758 812 829 flectebantur.
865 751 913 827 Et
926 755 975 825 sic
991 753 1164 846 paulatim
1215 754 1343 827 Persae
1368 756 1413 824 ab
1437 749 1555 828 Elam.
1607 749 1654 824 Et
1684 754 1813 823 similia
1846 753 1958 823 multa
1995 763 2093 823 sunt.
2141 750 2202 823 tte

176 873 359 942 collectam
387 888 460 935 esse
478 859 672 932 Ecclesiam
700 859 924 927 manifestum
946 871 1009 928 est.
1062 853 1167 925 Tali·
1217 859 1291 929 nlla
1308 857 1346 926 in
1362 869 1437 927 toto
1455 879 1582 945 genere
1601 851 1759 926 humano
1775 868 1896 926 extant
1908 854 2066 946 scripta,
2091 876 2204 947 quaes

175 978 244 1046 bus
279 966 372 1040 nihil
408 963 597 1058 profuisset
630 956 785 1054 hymnus
824 958 1009 1052 peregriua
1042 957 1166 1048 lingua
1220 983 1338 1030 rerum
1372 957 1484 1027 initiis
1509 958 1717 1028 continuam
1748 957 1874 1027 seriem
1902 978 2089 1026 annornm
2116 978 2205 1027 mon·

177 1072 408 1164 compositus.
461 1064 501 1136 lu
524 1060 617 1133 hanc
637 1061 847 1132 senteutiam
870 1057 928 1132 hic
951 1057 1085 1130 Paulus
1110 1058 1165 1128 in·
1221 1074 1353 1144 strent,
1396 1059 1556 1129 nisisola
1581 1055 1731 1129 historia
1755 1058 1945 1132 Ecclesiae.
2015 1054 2204 1128 Teneamus

177 1177 274 1271 quit:
318 1173 359 1243 st
388 1167 609 1259 ingrediatur
634 1164 811 1247 infidelis,
840 1178 979 1234 utcum
1012 1159 1169 1232 ministri
1222 1165 1331 1254 igitur
1361 1161 1518 1251 regulam
1555 1159 1772 1234 Tertulliani
1811 1161 2007 1253 optimam:
2058 1156 2205 1239 Primum
2249 1250 2251 1259 Ι

177 1276 337 1350 Cornelii
363 1266 757 1344 Centurionisaudiunt
781 1263 927 1336 Petrum
952 1263 1170 1334 concionan·
1223 1267 1389 1361 quodque
1415 1263 1637 1333 verissimum
1662 1277 1726 1334 cst.

177 1395 261 1452 tem.
314 1372 388 1444 Aut
404 1372 539 1456 idiota,
564 1369 688 1449 idest,
720 1367 838 1447 rudis,
865 1366 927 1458 qui
944 1366 1098 1455 primum
1114 1388 1171 1434 ce·

178 1482 233 1573 pit
243 1471 456 1549 Catechismi
476 1471 675 1543 doctrinam
694 1470 833 1539 audire:
861 1467 979 1553 Tales,
993 1468 1053 1553 ait,
1071 1465 1174 1556 argui
1223 1468 1444 1539 resuscitatio
1471 1481 1695 1536 mortuorum
1712 1483 1746 1538 et
1764 1466 1853 1546 alia,
1879 1490 1973 1559 quae
1996 1489 2206 1561 nequaqnam

179 1598 213 1653 et
232 1577 399 1651 convinci
415 1578 460 1646 ab
477 1573 666 1655 omnibus,
691 1587 724 1641 et
740 1571 876 1641 occulta
895 1570 1056 1640 cordium
1073 1580 1173 1658 pate·
1225 1583 1340 1663 potest
1365 1570 1495 1638 imitari
1514 1569 1691 1641 diabolus.
1743 1564 1797 1638 Ac
1815 1592 1982 1638 recenseo
2000 1568 2097 1639 inter
2115 1567 2207 1637 mira·

178 1684 274 1761 lieri,
313 1683 448 1763 idest,
484 1676 605 1746 arrdita
635 1673 817 1756 doctrina,
860 1684 1003 1742 taxante
1032 1664 1173 1739 ethnica
1226 1672 1303 1743 cula
1339 1670 1597 1764 praedictiones
1627 1673 1670 1740 de
1705 1665 1950 1754 monarchiis,
1995 1670 2034 1740 in
2081 1666 2208 1766 Moyse,

179 1786 286 1868 vitia,
320 1780 515 1874 Epicureas
538 1775 746 1865 opiniones,
771 1787 831 1844 aut
846 1773 964 1843 cultus
981 1772 1175 1854 idolorum,
1226 1770 1352 1857 Esaia,
1398 1771 1548 1842 leremia
1573 1785 1607 1843 et
1632 1770 1792 1842 Daniele.
1852 1771 1893 1842 ld
1921 1771 2140 1844 miraculum
2170 1787 2210 1845 est

179 1887 351 1956 libidines
377 1896 408 1952 et
432 1880 501 1951 alia
526 1878 676 1959 scelera,
702 1891 735 1946 et
761 1887 981 1946 monstrante
1008 1873 1082 1942 veri
1107 1869 1175 1942 Dei
1227 1877 1365 1946 illustre
1405 1874 1649 1946 testimonium
1686 1898 1901 1969 quocunque
1939 1888 2108 1966 tempore
2146 1888 2211 1965 post

180 1986 476 2081 patefactionem,
509 1978 669 2050 converti
691 2002 750 2049 eos
773 1979 816 2047 ad
840 1976 974 2061 Deum,
1008 1989 1043 2046 et
1065 1997 1176 2064 agno·
1227 1990 1406 2048 eventum.
1460 1974 1551 2047 Cum
1571 1977 1731 2046 viderent
1753 1975 1856 2046 urnlti
1877 1988 2043 2067 ternpore
2069 1974 2211 2048 Romani

181 2113 278 2159 scere
299 2085 495 2156 Ecclesiam
520 2104 602 2151 vere
632 2102 705 2149 esse
733 2093 870 2150 coetum
894 2075 985 2160 Dei,
1027 2090 1061 2146 et
1085 2072 1177 2145 hanc
1229 2080 1369 2168 imperii
1387 2079 1492 2149 talem
1517 2080 1623 2148 fuisse
1644 2078 1902 2148 successionem
1919 2072 2212 2158 monarchiarum,

181 2190 380 2262 doctrinam
411 2209 486 2254 non
517 2206 589 2253 esse
621 2181 915 2255 commentitiam.
968 2175 1016 2249 Et
1040 2201 1178 2248 summa
1228 2183 1369 2274 qualem
1407 2175 1607 2271 Prophetae
1640 2166 1917 2270 praedixerant,
1950 2179 2210 2251 fatebanturet

180 2296 258 2363 laus
274 2287 456 2360 Ecclesiae
478 2281 536 2355 his
560 2282 779 2353 brevissimis
807 2282 926 2351 verbis
947 2280 1178 2352 describitur:
1230 2279 1322 2353 hanc
1346 2284 1545 2352 doctrinam
1570 2307 1588 2350 a
1613 2278 1689 2351 Deo
1716 2283 1882 2352 traditam
1908 2305 2007 2367 esse,
2053 2298 2090 2353 et
2116 2280 2211 2353 llenn
2239 2284 2244 2295 “

181 2393 353 2484 Agnoscit
388 2405 424 2460 et
457 2390 588 2457 fatetur
612 2408 694 2453 vere
728 2384 843 2455 Deum
875 2384 1056 2454 intervos
1088 2404 1180 2464 csse,
1230 2408 1349 2475 regere
1373 2384 1460 2454 tales
1483 2385 1717 2475 imperiorum
1735 2384 1974 2469 mutationes,
2000 2397 2035 2454 et
2057 2382 2213 2455 divinitus
2240 2412 2243 2417 ·

183 2488 451 2591 ἀπαγγέλλων,
488 2483 545 2560 ὅτι
570 2481 590 2558 ὃ
614 2481 705 2565 θεὸς
736 2483 856 2566 ὄντως
888 2484 929 2559 ἐν
963 2479 1057 2574 ὑμῖν
1087 2477 1177 2557 ἐστὶ.
1230 2486 1433 2557 conservari
1461 2509 1572 2575 genus
1597 2480 1807 2560 humanum.

1325 1364 1488 1436 Tertium
1527 1379 1795 1455 argumentum:
1843 1361 2024 1435 Miracula
2059 1362 2205 1450 assidua,
2249 1362 2251 1419 ῗ

183 2597 253 2668 llic
274 2609 369 2664 retro
395 2592 598 2678 cogitentur
621 2581 790 2657 historiae
812 2589 857 2657 de
880 2587 1088 2657 collectione
1109 2581 1179 2654 Ec-

1333 2587 1432 2658 ldem
1463 2601 1710 2678 argumentum
1737 2585 1841 2657 nohis
1870 2611 2020 2681 quoque
2052 2607 2214 2679 propona-

181 2699 319 2770 clesiae.
373 2692 506 2763 Hostes
537 2687 727 2778 Evangelii
752 2690 844 2759 male
870 2690 1111 2784 loquebantur
1138 2688 1182 2755 de
1232 2714 1331 2774 mus,
1365 2703 1404 2759 ut
1427 2689 1627 2760 firmissima
1651 2688 1854 2760 assensione
1876 2689 2085 2761 doctrinam
2108 2686 2214 2761 Eccle-

182 2798 429 2889 congressibus
446 2790 759 2875 Christianorum,
785 2803 827 2862 ut
845 2793 967 2862 scribit
987 2788 1182 2858 'l'ertullia-
1232 2794 1305 2865 siae
1324 2792 1588 2882 amplectamur.
1774 2802 1777 2807 ’

182 2926 272 2988 nus,
315 2914 348 2969 et
375 2898 448 2967 alii.
505 2893 661 2966 Adducti
694 2907 779 2964 sunt
811 2894 916 2962 amici
949 2892 1182 2975 credentium,

18 2990 23 2995 Ι
134 3056 137 3061 -
181 3018 223 3075 ut
246 3014 460 3095 spectatores
486 3009 620 3077 essent,
647 3007 680 3064 et
698 3008 903 3077 narrarent,
929 2996 1014 3088 quid
1032 2993 1083 3062 ibi
1102 3016 1183 3081 age-

1337 2893 1400 2966 Est
1422 2907 1456 2963 ct
1480 2890 1548 2963 hoc
1565 2893 1775 2963 miraculum
1800 2892 2008 2978 assiduum,
2037 2894 2135 2987 quod
2157 2914 2215 2962 non

1236 2996 1347 3067 deleri
1367 3010 1480 3086 potest
1497 2993 1674 3084 Ecclesia,
1702 3021 1780 3065 cum
1799 2998 1970 3065 omnibns
1986 2997 2119 3065 seculis
2133 3019 2215 3065 snm·

183 3120 294 3176 retur.
348 3103 494 3172 Horum
521 3099 625 3168 multi
658 3123 737 3166 curu
762 3110 798 3167 et
823 3098 988 3166 audirent
1012 3095 1183 3187 optimam
1233 3101 1415 3187 mireges,
1442 3111 1476 3167 et
1492 3097 1742 3168 antecellentes
1759 3098 1871 3187 gloria
1897 3112 1932 3168 et
1956 3099 2140 3190 potentia,
2165 3120 2217 3186 op·
2250 3120 2253 3167 t

183 3207 407 3287 doctrinam,
457 3215 490 3272 ct
516 3197 766 3269 honestissima
799 3199 956 3290 exempla
986 3209 1182 3279 cernerent,

182 3311 440 3388 movebantur,
491 3316 531 3372 ut
563 3316 596 3371 et
628 3302 695 3393 ipsi
726 3298 964 3389 Evangelium
994 3299 1185 3389 amplecte·

183 3425 323 3482 rentur.

288 3508 337 3580 Et
353 3507 483 3577 usitata
501 3505 640 3574 suntin
659 3502 793 3572 lustina
809 3501 987 3598 Martyre,
1010 3500 1074 3594 qui
1096 3499 1185 3569 scri-

182 3611 239 3684 bit
262 3614 306 3680 ad
333 3609 497 3680 Marcum
532 3605 758 3678 Antoninum
782 3606 1050 3694 imperatorem,
1087 3602 1186 3672 etin

183 3717 266 3785 aliis
290 3724 502 3802 argumenta
534 3722 705 3802 quatuor,
749 3707 879 3799 quibus
909 3707 1064 3777 refutant
1095 3698 1187 3773 Eth-

181 3818 305 3895 nicos,
335 3837 425 3907 quae
451 3813 490 3881 in
516 3824 706 3903 conspectu
732 3805 862 3878 hahere
886 3807 1046 3898 singulos
1068 3805 1188 3877 utilis-

182 3919 315 3988 simum
348 3929 412 3985 est.

292 4017 479 4089 Primum:
507 4013 697 4084 Manifesta
716 4013 915 4083 absurditas
927 4026 963 4083 ct
980 4009 1190 4080 manifestus

184 4124 290 4192 furor
315 4134 368 4190 est
390 4115 651 4207 Ethnicorum,
678 4113 889 4206 Episcureas
909 4114 1098 4210 opiniones
1114 4133 1190 4179 am-

184 4223 326 4315 plecti,
360 4232 420 4291 aut
442 4221 591 4311 probare
616 4219 730 4288 cultus
759 4219 958 4299 idolorum,
998 4226 1033 4283 et
1059 4213 1189 4284 multos

183 4326 312 4408 Deos,
340 4337 400 4393 aut
415 4322 566 4411 probare
584 4322 735 4389 nefarias
758 4321 936 4388 libidines.
989 4314 1085 4385 Haec
1103 4313 1189 4383 vitia

193 4424 565 4495 demonstrationibus
592 4423 814 4490 naturalibus
849 4420 995 4489 refutari
1030 4426 1191 4507 possunt,

197 4549 290 4620 quae
324 4551 426 4615 saepe
446 4550 465 4594 a
489 4524 557 4614 piis
589 4526 795 4613 cogitandae
822 4536 924 4610 sunt,
970 4534 1003 4588 et
1025 4516 1191 4588 refutatio

199 4631 334 4699 multos
353 4624 525 4699 Ethnicos
539 4628 662 4711 movit,
689 4645 729 4695 ut
745 4625 849 4693 aliam
868 4623 1065 4694 doctrinam
1085 4643 1192 4713 quae·

198 4745 332 4801 terent.

306 4832 510 4902 Secundum
536 4842 801 4915 argumentum:
838 4823 944 4913 Quod
963 4827 1074 4894 bonas
1090 4846 1192 4892 men-

202 4950 251 5007 tes
276 4935 379 5003 valde
395 4933 599 5013 confirmat,
626 4947 658 5000 et
674 4932 768 5020 quod
789 4927 945 4998 lustinus
963 4927 1114 4996 maxime
1130 4949 1192 4994 ur-

202 5052 279 5127 get,
321 5050 477 5107 sumtum
504 5046 554 5102 est
581 5032 625 5099 ab
650 5031 872 5122 antiquitate.
930 5028 1025 5118 Quia
1045 5028 1195 5096 manife-

201 5155 295 5208 stum
325 5152 397 5215 est,
444 5132 628 5203 historiam
656 5130 834 5202 Ecclesiae
853 5133 1092 5224 antiquiorem
1122 5152 1196 5199 esse

1236 3201 1388 3290 primere
1416 3223 1491 3268 eam
1515 3198 1632 3268 conati
1654 3199 1744 3284 siut,
1778 3212 1816 3268 ut
1839 3195 2004 3284 Pharao,
2033 3199 2216 3288 Nahugdo·

1236 3325 1365 3387 nosor,
1399 3295 1619 3379 Antiochus,
1660 3299 1817 3373 Romani
1851 3301 2092 3392 imperatores
2117 3299 2218 3379 multi,

1237 3417 1356 3496 postea
1381 3402 1493 3471 anci
1516 3418 1551 3473 et
1575 3402 1648 3476 alii.
1700 3398 1764 3473 Est
1786 3402 1893 3489 igitur
1916 3403 2140 3496 perpetuitas
2163 3399 2217 3472 Ee-

1238 3506 1363 3575 clesiae
1390 3505 1483 3574 inter
1506 3517 1621 3574 tantos
1642 3504 1771 3574 ssrrctus
1802 3505 1940 3574 illustre
1970 3504 2217 3581 testimonium,

1238 3608 1333 3702 quod
1361 3607 1536 3690 ostendit,
1561 3607 1762 3676 conservari
1785 3628 1858 3675 eam
1877 3602 2003 3676 aDeo.

1343 3706 1520 3796 Quartum
1544 3723 1789 3796 argumentum
1820 3708 1974 3778 sumitur
2000 3711 2050 3779 ab
2077 3710 2152 3805 ipso
2172 3730 2219 3796 ge-

1240 3835 1324 3881 nere
1352 3810 1544 3882 doctrinae.
1603 3809 1710 3879 Nulla
1736 3834 1820 3897 gens
1843 3805 1953 3879 habet
1976 3811 2095 3899 legem
2123 3807 2219 3879 hone·

1239 3915 1382 3985 stiorem
1408 3925 1442 3981 et
1462 3911 1592 3981 rectius
1616 3914 1882 3982 convenientem
1906 3912 2046 3983 iudicio
2073 3911 2219 3982 naturali.

1240 4015 1333 4084 Tota
1372 4008 1598 4104 philosophia
1632 4014 1761 4083 fatetur
1787 4015 2098 4105 imperfectionem
2125 4036 2219 4094 suan,

1241 4118 1336 4210 quod
1365 4115 1461 4184 videt
1489 4115 1528 4182 in
1553 4115 1691 4184 ratione
1715 4117 1833 4184 lucere
1863 4140 1966 4187 veras
2000 4119 2220 4199 noticias,et

1240 4233 1360 4290 tamen
1377 4218 1564 4285 dissidium
1587 4240 1661 4286 esse
1682 4218 1874 4286 maximum
1897 4217 2036 4290 virium
2064 4215 2220 4289 humana·

1241 4344 1340 4404 rum,
1366 4319 1402 4388 id
1423 4321 1518 4389 uude
1535 4322 1581 4390 sit
1600 4321 1757 4408 ignorat,
1783 4343 1849 4389 nec
1874 4322 2036 4391 remedia
2053 4323 2220 4392 ostendere
2252 4312 2255 4387 l

1242 4435 1367 4514 potest.
1588 4485 1597 4496 .
2252 4438 2255 4457 '

1344 4521 1452 4591 Videt
1476 4522 1628 4591 absurda
1652 4523 1904 4614 multasequi,
1945 4525 1976 4592 si
1995 4526 2142 4596 animae
2165 4542 2243 4591 non·

1244 4626 1315 4694 sint
1339 4624 1574 4694 immortales:
1618 4637 1654 4696 et
1678 4638 1795 4695 tamen
1818 4625 1963 4698 dubitat
1983 4629 2033 4696 de
2057 4628 2222 4696 immorta-

1242 4729 1351 4797 litate.

1346 4825 1579 4918 Nequaquam
1616 4840 1731 4918 potest
1771 4828 1949 4899 affirmare
1991 4825 2224 4923 philosophia,

1245 4929 1406 5002 exaudiri
1427 4930 1530 4998 etiam
1555 4929 1687 5010 bonos,
1718 4944 1760 5001 nt
1779 4928 2009 5003 Palamedem
2035 4949 2100 5005 aut
2115 4932 2224 5005 Socra·

1246 5047 1337 5116 tem,
1364 5032 1403 5098 in
1419 5031 1692 5103 calamitatibus.

1352 5133 1458 5203 Nulla
1484 5156 1569 5221 gens
1594 5149 1688 5205 extra
1704 5132 1898 5205 Ecclesiam
1923 5130 2036 5209 hahet
2056 5152 2181 5210 certam
2198 5145 2224 5200 tl

202 5239 363 5307 omnium
382 5234 619 5307 Ethuicorum
644 5231 813 5304 historiis.
862 5234 977 5305 Series
994 5249 1195 5325 temporum
1252 5258 1448 5326 expressam
1475 5237 1673 5307 doctrinam
1699 5238 1743 5307 de
1765 5237 1979 5319 remissione
2002 5254 2236 5333 peecatorum·

203 5356 238 5410 et
255 5342 485 5430 imperiorum
501 5338 674 5423 ostendit,
701 5335 877 5407 lsrae'litas
893 5351 927 5406 et
943 5350 1057 5427 patres
1074 5358 1197 5405 eorum
1252 5341 1296 5407 de
1316 5339 1514 5427 praesentia
1543 5336 1610 5406 Dei
1639 5342 1733 5430 apud
1759 5362 1839 5409 vere
1869 5341 2101 5429 invocantes,
2137 5354 2168 5411 ct
2190 5337 2223 5405 ds
