4522 5782
60 182 199 275 m,
321 223 376 287 .·
479 174 560 251 xrs.
611 168 1442 277 nnanaarrornnvauc.1oaums.
1494 169 1707 259 eman
1865 213 1873 221 -
2012 195 2102 297 ,ῃ

28 426 32 439 ,
63 357 241 456 quomo&
259 352 388 447 'potest
417 374 496 423 cum
520 348 583 419 illa
604 347 717 418 animi
745 346 880 419 laetitia
909 346 1055 419 existere
1103 371 1168 418 cor
1189 336 1434 434 et'volontas,
1473 361 1515 421 ut
1536 373 1573 420 se
1596 352 1789 431 subiiciant
1820 360 1998 436 voluntati
2016 361 2097 454 Dei,
2176 374 2178 379 '

63 459 321 539 consternatio,
350 468 411 527 ant
436 451 636 533 moestitia,
656 449 787 541 'qualis
810 450 897 520 alibi
922 451 1054 520 descri—
1101 464 1140 520 ut
1156 449 1193 519 in
1209 450 1354 521 caeteris
1379 451 1464 521 viris
1483 453 1657 537 fortibus,
1687 457 1727 527 in
1742 460 1896 534 Daniele
1919 462 1981 538 aut
1996 467 2092 539 lere·

61 566 172 648 bitur,
197 584 280 631 curn
298 558 368 629 ait:
403 553 533 624 Tristis
554 566 606 622 εει
629 551 748 620 anima
772 576 849 621 mea
871 573 983 644 usque
1008 554 1052 623 ad
1099 552 1170 622 mia
1187 565 1239 622 est
1253 567 1366 624 metus
1382 552 1505 623 mortis
1528 551 1567 623 in
1581 559 1705 644 corde,
1733 575 1768 635 et
1789 558 1847 634 hic
1865 568 1957 659 rapit
1974 592 2091 642 secum

61 677 219 736 mortem.
279 655 361 731 Etsi
388 670 506 729 autern
530 655 690 743 ingentes
714 666 832 724 motus
853 652 891 721 in
908 648 1051 725 Christo
1098 655 1337 739 voluntatem,
1360 654 1424 726 etsi
1446 654 1584 748 Spiritu
1600 650 1720 736 sancto
1745 665 2090 743 confirmanturvo·

60 781 130 839 turn
146 763 323 847 laetitiae,
348 775 424 831 tum
442 756 605 827 tristitiae
619 778 725 823 nemo
750 769 864 845 potest
887 755 970 826 satis
991 780 1051 825 ex·
1097 755 1216 827 luntas
1244 768 1279 826 ει
1308 781 1384 841 cor,
1424 770 1465 828 ut
1496 775 1662 852 superent
1687 749 1842 851 metum,
1878 784 1921 840 et
1951 772 2089 862 placide

63 871 209 961 plicare,
234 879 353 937 tamen
370 858 564 931 Ecclesiam
590 857 726 949 aliquid
752 861 797 924 dc
820 857 870 926 eis
894 857 1048 946 cogitare
1096 860 1416 942 adeant‘mortem,
1456 859 1541 951 quia
1571 862 1715 934 dilectio
1740 865 1807 937 Dei
1832 875 1993 944 accendit
2015 899 2088 957 eoa,

62 992 195 1040 necesse
211 980 282 1050 est,
307 963 391 1058 quia
409 962 529 1054 aliquo
552 961 658 1033 modo
683 971 851 1050 utrosque
876 959 1048 1047 degustat,
1096 974 1136 1030 ut
1151 959 1299 1029 obedire
1316 960 1348 1028 ei
1363 959 1487 1034 velint.

64 1067 312 1143 etinPsalmis
334 1087 436 1155 saepe
450 1059 701 1131 describuntur
717 1060 876 1153 utrique,
902 1073 942 1130 ut
960 1084 1046 1129 con·
1196 1058 1265 1130 Hic
1294 1062 1494 1154 quaeritur,
1536 1058 1619 1131 cum
1644 1089 1706 1134 cor
1725 1079 1759 1138 ει
1780 1071 1945 1145 voluntas
1966 1076 2084 1170 aliqua
2172 1061 2180 1076 ’

60 1166 442 1245 ειιειιειειηειεεάἰεὶιε
475 1160 703 1245 Deusmeus,
730 1158 1046 1256 quaredereliqui·
1095 1163 1492 1252 expartedissideanta
1512 1163 1645 1235 iudicio
1668 1171 1816 1252 mentis,
1851 1199 1897 1242 an
1923 1171 2084 1247 hocdis-

62 1272 201 1345 stirne?
235 1265 465 1340 ltemzNon
490 1277 543 1334 εει
566 1263 659 1332 εεΙυε
682 1262 714 1332 ei
737 1264 774 1330 in
792 1260 870 1333 Deo
893 1286 977 1342 suo,
1012 1277 1047 1334 ει
1093 1264 1224 1334 sidium
1246 1265 1284 1332 in
1308 1260 1469 1348 Christo,
1510 1278 1550 1335 ut
1579 1267 1617 1332 in
1641 1272 1785 1341 caeteris
1807 1270 2014 1348 horninibus
2038 1281 2084 1349 sit

58 1375 184 1457 similia
204 1373 299 1442 dicta
322 1369 450 1460 passim
473 1367 579 1436 obvia
611 1380 714 1454 sunt,
753 1378 793 1435 ut
815 1377 931 1434 autem
954 1359 1046 1434 hanc
1093 1365 1275 1436 vitiosum.
1319 1362 1551 1456 Respondeo:
1577 1365 1677 1439 Sicut
1693 1372 1797 1443 dolor
1812 1400 1852 1444 ex
1869 1376 2082 1450 laceratione

59 1491 164 1549 totam
182 1473 459 1566 disputationem
476 1469 764 1559 complectamur,
791 1466 1045 1538 distribuemus
1092 1480 1208 1548 ortus,
1235 1489 1316 1537 vere
1332 1466 1504 1537 naturalis
1522 1481 1593 1552 est,
1617 1483 1651 1539 et
1667 1495 1740 1541 non
1756 1489 1808 1546 est
1830 1477 1995 1553 vitiosus:
2031 1482 2080 1552 ita
2206 1554 2209 1559 ,

61 1578 189 1652 eumin
207 1577 346 1668 aliquot
361 1570 542 1641 articulos.
1090 1584 1204 1638 metus
1233 1567 1378 1662 quidam
1422 1568 1520 1655 illius
1556 1571 1780 1644 lacerationis
1811 1591 1862 1647 est
1893 1583 2078 1654 naturalis.

127 1671 315 1750 Primus:
341 1669 625 1745 Assumsitlilius
641 1665 709 1739 Dei
733 1681 896 1740 naturam
915 1662 1043 1738 huma·
1090 1668 1221 1741 Metuit
1238 1683 1271 1741 et
1286 1670 1415 1760 refugit
1429 1666 1610 1757 Christus,
1645 1676 1704 1742 sed
1731 1678 1911 1765 ordinate,
1943 1663 2018 1752 noh
2039 1699 2080 1755 ut

56 1806 152 1867 nam,
178 1804 323 1862 veram,
347 1777 543 1864 integram,
568 1773 824 1863 incorruptam,
852 1765 1040 1840 habentem
1088 1796 1173 1856 nos,
1199 1771 1412 1844 inordinate.
1463 1771 1553 1842 Nam
1569 1774 1732 1846 ordinate
1753 1792 1878 1848 natura
1902 1764 2006 1874 supra
2022 1785 2077 1853 vi-

57 1904 173 1956 omnes
188 1880 283 1951 vires
298 1891 333 1949 et
349 1875 583 1974 appetitiones
598 1887 744 1943 naturae
761 1873 932 1964 proprias,
956 1871 1040 1942 item
1088 1898 1142 1942 res
1162 1870 1306 1943 onerata
1322 1873 1446 1961 gemit,
1472 1899 1536 1944 nec
1552 1877 1728 1966 frangitur
1743 1880 1820 1952 siue
1833 1882 1954 1975 aliquo
1971 1908 2077 1958 sensu

56 2011 123 2059 non
146 1985 341 2067 vitiosam,
383 1980 443 2046 sed
468 1975 669 2067 passibilem
693 1977 769 2044 sine
804 1987 966 2067 peccato,
1006 1986 1042 2042 et
1088 1975 1238 2059 doloris,
1265 1988 1298 2043 ει
1313 1976 1482 2044 tamenin
1499 1971 1567 2045 hoc
1582 1977 1805 2068 ipsogemitu
1823 2006 1924 2052 mens
1945 1986 2075 2059 retinet

54 2086 256 2165 mortalem,
282 2105 369 2176 quas
384 2079 605 2147 infirmitates
622 2077 745 2145 volens
769 2075 932 2145 assumsit
956 2098 1040 2165 pro·
1087 2101 1191 2146 suum
1216 2075 1405 2161 iudicium,
1443 2081 1539 2169 quod
1564 2073 1641 2145 Deo
1665 2082 1711 2150 sit
1739 2084 1996 2159 obediendum:
2040 2104 2075 2160 ct

53 2207 230 2283 pteram,
258 2198 299 2254 ut
316 2195 434 2273 posset
457 2179 533 2249 lieri
554 2178 717 2260 victima,
758 2177 808 2247 sic
833 2180 877 2247 ad
894 2174 987 2249 Heb.
1004 2176 1039 2249 4.
1087 2179 1252 2249 voluntas
1265 2174 1380 2246 Deum
1396 2178 1548 2265 diligens
1561 2179 1670 2248 vincit
1686 2184 1958 2275 trepidationem
1974 2204 2074 2259 tuam

50 2291 198 2365 dicitur:
228 2285 311 2358 Non
327 2280 498 2353 habemus
524 2279 743 2371 pontificem,
774 2279 931 2372 quinon
956 2302 1039 2376 pos·
1086 2293 1121 2350 et
1137 2280 1271 2362 cordis,
1302 2291 1337 2348 et
1356 2278 1432 2349 vult
1446 2277 1523 2349 Deo
1544 2280 1709 2362 obedire,
1741 2299 1777 2354 et
1796 2279 1861 2356 hac
1891 2288 2074 2362 voluntate

51 2397 93 2465 sit
111 2389 270 2481 compati
300 2383 566 2455 infirmitatibus
588 2381 737 2461 nostris,
777 2384 837 2451 sed
863 2394 1036 2451 tentatum
1087 2382 1223 2470 placide
1246 2380 1395 2451 sustinet
1416 2395 1580 2454 mortem.
1638 2378 1718 2451 Non
1740 2400 1790 2455 est
1812 2387 1920 2477 igitur
1943 2391 2074 2462 vitiosa

10 2486 13 2517 ¹
51 2493 249 2589 peremnia
270 2489 465 2559 secundum
486 2483 758 2554 similitudinem
783 2484 860 2554 sine
883 2495 1036 2574 peccato.
1085 2478 1171 2553 haec
1200 2482 1412 2574 trepidatio,
1458 2483 1541 2575 quia
1571 2495 1623 2552 εει
1646 2487 1819 2556 naturalis
1840 2503 1875 2559 et
1897 2477 2073 2573 ordinata,
2110 2527 2121 2550 ε

48 2595 124 2669 Etsi
140 2595 253 2685 igitur
266 2588 429 2661 Christus
444 2586 588 2655 videbat
610 2599 767 2674 patrem,
800 2599 834 2655 et
855 2598 930 2654 erat
952 2585 1037 2654 bea·
1084 2609 1160 2654 non
1182 2585 1279 2655 utin
1295 2583 1419 2668 nobis,
1453 2583 1674 2669 inordinata,
1707 2589 1845 2679 lugiens
1867 2593 2017 2663 mollitie
2039 2609 2074 2665 et
2151 2597 2156 2616 '
2185 2598 2186 2603 ’

50 2713 123 2782 tus,
146 2709 270 2767 tamen
284 2688 440 2762 humana
457 2703 583 2757 natura
598 2682 722 2757 habuit
746 2708 826 2755 suas
848 2685 1037 2777 appetitio·
1083 2710 1203 2756 amore
1216 2686 1456 2776 voluptatum,
1482 2699 1515 2755 et
1530 2710 1610 2757 cum
1626 2687 1911 2763 dubitationibus
1926 2693 1971 2764 de
1985 2694 2074 2782 Deo,

49 2824 131 2884 nes,
154 2801 216 2868 sed
234 2795 425 2866 ordinatas.
460 2787 508 2860 Et
521 2784 588 2856 hae
604 2810 705 2880 saepe
721 2788 937 2872 recitantur,
956 2810 1036 2855 esu·
1083 2801 1144 2858 aut
1158 2788 1302 2857 fremitu
1317 2788 1485 2855 adversus
1498 2786 1628 2862 Deum.

47 2903 113 2987 rit,
137 2899 236 2985 sitit,
260 2898 430 2973 laetatur,
453 2891 639 2971 irascitur,
665 2889 904 2959 misericordia
924 2888 1035 2958 affici·
1186 2889 1256 2960 Sed
1273 2887 1399 2958 tertius
1415 2890 1544 2978 gradus
1560 2903 1610 2957 est
1627 2890 1809 2978 dolorum,
1835 2919 1896 2965 seu
1913 2912 2070 2970 conster-

49 3019 126 3087 tur,
160 3003 280 3084 dolet,
310 2999 499 3089 lacrymat,
534 2990 757 3060 conflictatur
780 2991 915 3078 ingenti
936 3014 1034 3058 moe·
1082 2991 1288 3074 nationum,
1319 3013 1410 3082 quae
1433 3004 1516 3061 sunt
1538 2990 1643 3080 longe
1661 3002 1766 3080 supra
1786 2999 1965 3068 naturales
1989 3001 2071 3072 illos

50 3105 160 3178 stiria.
207 3100 259 3173 Hi
276 3099 421 3169 affectus
443 3095 482 3163 in
496 3088 637 3165 Christo
658 3115 732 3162 non
754 3093 901 3162 fuerunt
923 3092 1035 3161 simu·
1083 3093 1244 3174 dolores,
1271 3106 1304 3161 et
1320 3112 1440 3160 causas
1455 3091 1653 3176 naturales,
1678 3092 1842 3167 videlicet
1859 3122 1982 3170 sensus
1996 3102 2070 3172 irae

32 3209 132 3292 -tni,
158 3206 219 3276 sed
239 3203 314 3273 ieri
331 3213 365 3270 ει
380 3198 538 3286 ingentes
555 3207 693 3276 motus,
726 3206 760 3263 et
782 3207 866 3264 sunt
882 3193 1033 3262 illustria
1082 3190 1149 3263 Dei
1164 3195 1332 3262 adversus
1347 3206 1540 3282 peccatum.
1587 3188 1759 3282 Agnoscit
1773 3191 1935 3270 Christus
1952 3199 2069 3273 Deum

47 3296 275 3390 testimonia,l
299 3297 520 3372 ostendentia
544 3296 583 3365 in
600 3290 744 3365 Christo
766 3319 848 3365 vere
871 3318 943 3365 esse
965 3288 1034 3365 hu·
1082 3290 1305 3365 horribiliter
1326 3294 1430 3362 irasci
1452 3293 1572 3383 generi
1598 3287 1755 3364 humano
1778 3312 1923 3391 propter
1945 3327 2069 3394 pecca·

48 3434 188 3482 menam
202 3419 379 3479 naturam.
1081 3411 1177 3482 tum,
1203 3390 1344 3467 ethanc
1359 3395 1449 3465 iram
1470 3395 1608 3465 effundi
1630 3419 1727 3466 nunc
1751 3398 1789 3468 in
1813 3424 1866 3488 se,
1899 3410 2069 3497 tanquam

147 3510 338 3583 Secundus
372 3501 562 3586 articulus,
601 3511 641 3568 ut
663 3499 792 3588 gradus
813 3498 978 3568 dolorum
1000 3508 1035 3566 et
1082 3499 1281 3580 victimam,
1307 3497 1404 3567 dolet
1420 3494 1535 3567 Deum
1549 3496 1722 3568 offensum
1737 3524 1986 3593 esseagenere
2001 3502 2070 3578 hu-

50 3611 373 3688 consternationum
392 3605 431 3672 in
446 3599 589 3672 Christo
606 3601 725 3693 aliquo
747 3601 855 3669 modo
872 3599 1034 3669 conside·
1084 3624 1188 3668 mano
1198 3652 1210 3684 ,
1237 3613 1270 3669 et
1290 3600 1444 3670 luctatur
1465 3623 1546 3669 cum
1573 3600 1769 3671 tentatione
1791 3604 1835 3673 de
1859 3607 2069 3683 abiectione.

47 3723 189 3801 rentur,
229 3709 406 3804 potentiae
426 3707 694 3787 discernantur,
736 3715 771 3771 ει
796 3702 884 3794 quid
907 3701 1034 3793 cuique
1081 3698 1152 3769 Hic
1169 3725 1329 3770 summus
1348 3702 1476 3790 gradus
1498 3713 1550 3771 est
1574 3694 1751 3772 horrenda
1767 3716 1801 3774 ει
1817 3705 2068 3779 inenarrabilis

51 3818 234 3917 proprium
250 3815 316 3893 sit,
342 3808 593 3891 constituatur,
617 3804 666 3872 ita
683 3814 717 3871 ει
733 3825 853 3871 causas
870 3802 1035 3871 dolorum
1083 3803 1319 3873 consternatio
1333 3803 1543 3886 voluntatis,
1568 3827 1657 3897 quae
1678 3805 1787 3873 totius
1808 3820 1954 3878 naturae
1974 3811 2068 3880 vires

49 3936 82 3995 et
105 3915 453 3993 consternationum,
493 3920 527 3977 et
548 3905 671 4000 quales
692 3904 825 3973 fuerint
847 3899 886 3973 hi
907 3917 1036 3987 motus,
1083 3905 1180 3975 velut
1194 3904 1399 3973 incendium
1416 3903 1591 3984 absumit,
1625 3917 1665 3975 ut
1688 3907 1776 3975 dicit
1795 3904 1937 3978 Moses:
1972 3910 2068 3983 Deus

52 4025 169 4119 aliqua
194 4029 350 4110 exparte
372 4013 522 4082 dicatur.
580 4007 726 4077 lnfimus
749 4007 878 4095 gradus
900 4018 952 4075 εει
973 4029 1035 4096 ap-
1084 4007 1177 4095 ignis
1207 4027 1420 4076 consumens
1450 4019 1512 4075 est.
1577 4001 1628 4077 Et
1645 4001 1830 4078 Ezechias:
1878 4008 1977 4082 Sicut
2009 4012 2066 4083 leo

50 4126 264 4221 petitionum
281 4114 515 4201 naturalium,
542 4122 583 4179 ut
596 4107 700 4176 famis
715 4122 750 4178 ει
763 4108 858 4190 εἰιὶε,
884 4121 918 4175 ει
932 4106 1036 4175 dolo·
1084 4107 1252 4178 contrivit
1267 4107 1386 4177 omnia
1404 4131 1481 4177 ossa
1505 4132 1596 4181 mea.
1648 4104 1701 4177 Dc
1725 4102 1790 4177 hac
1812 4107 1994 4182 difficilior
2015 4130 2068 4186 εει

50 4230 116 4312 ris,
149 4225 213 4319 qui
238 4235 369 4293 tactum
395 4214 605 4295 comitatur,
627 4223 667 4279 ut
682 4209 802 4292 dolor,
827 4207 889 4300 qui
901 4208 1036 4276 lacera·
1084 4209 1258 4303 quaestio.
1307 4208 1377 4279 Sed
1391 4209 1485 4278 idem
1500 4211 1543 4277 de
1565 4233 1604 4279 ea
1624 4210 1911 4299 respondendum
1932 4227 2004 4300 est,
2027 4231 2069 4288 ut

48 4333 181 4401 tionem
210 4321 368 4414 corporis
391 4340 453 4385 scu
481 4335 671 4383 nervorum
702 4310 872 4403 sequitur.
939 4307 1036 4378 Haec
1085 4334 1208 4403 snpra,
1242 4310 1307 4382 etsi
1328 4310 1569 4400 longe'maior
1589 4324 1639 4380 est
1659 4305 1745 4379 haec
1767 4316 2004 4386 consternatio
2028 4317 2067 4385 in

47 4433 154 4503 luisse
169 4429 208 4496 in
222 4423 376 4504 Christo,
403 4432 437 4488 et
454 4441 528 4486 non
545 4438 619 4483 esse
633 4412 760 4481 vitiosa
776 4423 924 4495 constat,
951 4411 1033 4503 quia
1086 4408 1247 4499 Christo,
1274 4437 1380 4506 quam
1406 4414 1444 4480 in
1460 4408 1614 4495 Davide,
1639 4408 1762 4497 Esaia,
1789 4411 1955 4499 leremia,
1976 4414 2067 4490 Eze-

49 4547 131 4605 sunt
157 4553 215 4600 res
238 4529 289 4597 sic
313 4521 475 4595 conditae
499 4515 623 4588 aDeo.
680 4511 815 4584 Natura
843 4536 1032 4607 nervorum
1086 4509 1185 4599 chia,
1208 4530 1242 4586 et
1263 4514 1449 4585 similibus.
1500 4512 1589 4584 Nam
1606 4507 1767 4584 Christus
1785 4540 1850 4606 pro
1867 4517 1971 4586 nobis
1986 4521 2069 4591 tulit

50 4651 122 4717 est,
161 4655 242 4703 cum
266 4630 483 4703 lacerantur,
516 4619 708 4688 cruciatum
733 4615 887 4699 efficere,
919 4637 1033 4705 neque
1085 4617 1175 4684 iram
1200 4629 1235 4686 et
1254 4616 1425 4685 iudicium
1452 4612 1533 4683 Dei.
1592 4613 1729 4684 Tamen
1753 4615 1934 4689 dissimilis
1957 4622 2068 4690 estin

47 4736 104 4808 hic
120 4736 299 4807 cruciatus
317 4741 369 4797 est
382 4723 530 4794 rebellio
546 4733 668 4790 contra
684 4731 857 4801 mentem,
885 4715 967 4808 quia
984 4727 1035 4783 est
1084 4713 1250 4801 Christo,
1290 4716 1383 4786 etin
1405 4713 1562 4787 caeteris.
1625 4714 1715 4785 Nam
1736 4716 1966 4789 inomnibus
1990 4706 2069 4792 aliis

47 4864 101 4912 res
114 4841 167 4909 sic
183 4847 310 4916 creata,
335 4851 443 4922 quare
458 4824 560 4894 facile
576 4819 726 4908 intelligi
745 4831 857 4907 potest
872 4808 945 4885 nun
962 4840 1034 4886 εεεε
1086 4844 1165 4888 cum
1188 4819 1270 4907 fuga
1294 4817 1411 4888 existit
1429 4816 1590 4888 fremitus
1609 4818 1776 4888 adversus
1795 4819 1967 4890 iudicium
1989 4820 2069 4907 Dei,

47 4945 225 5013 vitiosam.
293 4929 478 5004 Secundus
508 4925 636 5014 gradus
658 4936 709 4990 εει
731 4920 939 5004 affectuum,
973 4917 1033 5010 qui
1072 4921 1171 4990 ,etin
1189 4915 1263 4998 his,
1290 4919 1351 5013 qrri
1374 4941 1446 4987 non
1470 4918 1669 4989 eluctantur
1690 4920 1932 5009 confugientes
1953 4925 1998 4992 ad
2014 4923 2069 4992 vi·

50 5048 86 5115 in
121 5040 234 5114 corde
264 5058 306 5103 ex
327 5045 424 5101 metu
452 5029 550 5096 illius
586 5023 811 5093 lacerationis
845 5034 880 5090 et
911 5020 1036 5088 mortis
1087 5023 1231 5090 ctoriam
1247 5017 1401 5105 Christi,
1427 5019 1590 5090 videlicet
1605 5019 1644 5088 in
1662 5021 1849 5106 damnatis,
1872 5036 2070 5118 sequuntur

47 5149 234 5223 oriuntur,
271 5150 307 5206 et
326 5147 367 5204 ut
390 5134 437 5203 ita
460 5130 593 5210 dicam,
632 5124 822 5215 trepidatio
844 5136 895 5192 est
919 5120 1035 5191 cordis
1088 5119 1285 5192 horrendae
1308 5117 1557 5213 blasphemiae.
1609 5116 1659 5191 Αι
1678 5118 1840 5193 Christus
1862 5124 1930 5192 fert
1954 5138 2069 5197 terro·

48 5244 217 5340 fugientis
245 5236 403 5326 mortem}
426 5245 461 5302 ει
490 5227 755 5310 lacerationem,
801 5239 835 5293 ει
860 5246 921 5292 cor
944 5223 1036 5312 rapit
1087 5248 1145 5293 res
1158 5226 1234 5295 sine
1252 5224 1498 5314 indignatione
1515 5223 1683 5316 adsersus
1698 5237 1852 5314 patrem,
1888 5222 2070 5300 ideohacc
2178 5266 2209 5303 μ

51 5353 167 5447 aliqua
182 5367 225 5415 cr
240 5353 341 5434 parte
354 5358 472 5409 secum
490 5331 728 5412 voluntatem,
761 5325 821 5395 sed
836 5325 1037 5395 eluctantur
1089 5327 1278 5421 trepidatio
1297 5343 1349 5399 est
1364 5329 1616 5499 siriespcccato,
1641 5337 1676 5396 ει
1692 5347 1764 5394 non
1784 5337 1835 5395 est
1848 5325 1988 5407 vitiosa.
