4522 5782
204 192 277 264 sot

210 358 392 436 Abraham
418 360 540 443 lidem,
566 379 672 452 quam
695 355 809 449 qualis
832 354 903 426 l'uit
924 357 1054 429 noticia
1078 358 1117 429 in
1135 353 1197 429 Ci-

211 490 339 537 cerone
361 478 421 532 aut
452 463 488 530 in
513 455 761 548 Xenophonte.
834 456 904 528 Sed
935 453 994 528 hic
1017 474 1133 532 textus
1157 460 1197 528 in

104 620 107 631 ·
211 567 327 637 Moise
352 578 454 635 antea
475 561 636 633 recitavit
652 558 921 652 promissiones:
955 559 997 630 ln
1025 574 1058 631 te
1087 563 1195 633 bene-

211 670 376 738 dicentur
396 687 520 735 omnes
550 678 680 752 gentes.
721 660 828 734 item:
854 659 939 731 Noli
964 663 1107 750 timere,
1131 685 1194 754 ego

158 832 162 841 .
209 783 390 861 protector
405 781 487 837 tuus
501 779 568 839 etc.

310 868 400 938 Cum
426 868 534 957 igitur
557 866 693 957 inquit,
718 861 879 933 Credidit
898 860 1099 948 Abraham,
1130 888 1194 933 ne-

211 995 305 1041 cesse
321 983 368 1039 est
385 964 452 1037 hoc
468 968 591 1036 relerri
609 968 650 1033 ad
664 967 911 1055 praecedentes
928 969 1193 1056 promissiones:

210 1098 295 1142 nam
323 1090 355 1144 et
378 1072 463 1139 fides
497 1083 548 1138 est
576 1067 736 1137 assentiri
760 1067 860 1134 omni
884 1071 991 1135 verbo
1007 1066 1072 1138 Dei
1097 1082 1193 1160 pate-

209 1178 317 1245 facto.
386 1170 507 1259 Quare
536 1168 730 1237 necessario
759 1181 793 1236 et
825 1167 1011 1239 manifeste
1035 1172 1195 1263 seqnitur

209 1278 314 1343 tidem
333 1266 497 1342 Abrahae
514 1294 587 1339 non
603 1283 741 1338 tantum
757 1270 865 1339 fuisse
888 1271 1056 1340 noticiam
1083 1269 1195 1342 histo·

209 1377 301 1455 riae,
327 1376 386 1444 sed
414 1374 518 1443 etiam
544 1371 712 1441 noticiam
737 1384 771 1441 et
795 1393 994 1457 assensum,
1021 1399 1091 1467 quo
1111 1399 1194 1465 pro-

211 1477 396 1546 missiones
419 1473 601 1563 amplexus
626 1485 688 1545 est.
739 1471 820 1541 Non
843 1473 1040 1565 loquuntur
1064 1475 1195 1545 Moises

209 1593 243 1648 et
261 1574 393 1647 Paulus
409 1578 453 1645 de
469 1573 629 1642 mutilata
651 1574 738 1656 lide,
763 1596 853 1666 quae
867 1589 919 1645 est
939 1589 1076 1647 tantum
1098 1577 1195 1648 noti-

208 1682 262 1750 cia
281 1675 470 1759 historiae,
495 1676 555 1742 sed
574 1679 618 1743 de
635 1670 699 1742 hac
716 1675 805 1760 tide,
836 1700 925 1766 quae
950 1691 1001 1746 est
1026 1672 1195 1750 historiae

209 1795 246 1850 ει
262 1779 537 1870 promissionum
555 1775 703 1855 noticia,
736 1790 770 1846 et
787 1790 839 1846 est
854 1799 1014 1848 assensus
1039 1804 1079 1848 ac
1101 1781 1193 1850 lidu-

210 1885 282 1964 cia,
324 1904 393 1972 qua
424 1876 691 1968 promissionem
722 1878 987 1968 amplectimur,
1032 1895 1065 1951 et
1088 1886 1193 1952 corda

209 1982 436 2073 acquiescunt
462 1980 498 2046 in
524 1979 717 2047 mediatore
742 1980 937 2070 promisso,
970 2004 1032 2052 seu
1056 1984 1093 2053 in
1116 1983 1195 2055 Deo

208 2083 436 2173 promittente
450 2093 594 2170 propter
616 2078 856 2150 mediatorem.
903 2083 987 2151 ldeo
1006 2097 1040 2154 et
1062 2083 1196 2155 Paulus

206 2207 288 2252 mox
311 2183 349 2251 in
366 2178 434 2251 hoc
451 2181 564 2273 capite
578 2181 848 2271 promissionem
866 2195 900 2252 et
922 2183 1026 2253 iidem
1042 2189 1197 2276 copulat,

210 2299 250 2356 ut
273 2285 435 2353 ostendat
457 2306 494 2352 se
517 2284 560 2349 de
586 2305 624 2348 ea
648 2282 716 2348 tide
738 2283 855 2376 loqui,
881 2308 971 2376 qnae
990 2288 1195 2377 promissio-

210 2409 293 2453 nem
319 2383 465 2474 accipit,
492 2407 559 2475 qua
581 2380 677 2450 Dens
700 2399 843 2475 propter
865 2386 1094 2458 mediatorem
1117 2415 1197 2459 om-

208 2488 315 2555 nibns
343 2483 567 2553 credentibus
591 2483 765 2573 promittit
798 2487 1040 2558 remissionem
1074 2514 1195 2580 pecca·

208 2603 347 2668 torum,
373 2585 716 2668 reconciliationem,
739 2588 1007 2677 imputationem
1025 2592 1196 2674 iusticiae,

208 2687 521 2758 sanctificationem
551 2684 811 2778 perspiritum
843 2702 1003 2760 sanctum
1026 2707 1061 2763 et
1087 2694 1195 2767 vitam

207 2804 399 2861 aeternam.

310 2887 402 2958 Cum
425 2888 534 2976 igitur
555 2888 779 2980 perspicuum
803 2890 867 2972 sit,
893 2892 978 2984 quid
1006 2891 1140 2966 Moises
1162 2910 1197 2968 et

210 2990 345 3061 Paulus
367 2990 550 3060 nominent
568 2989 712 3070 Fidem,
738 2991 903 3062 refutatio
919 2994 1197 3084 cavillationum,

212 3116 300 3186 quae
316 3093 535 3162 obiiciantur
552 3092 735 3161 manifesta
753 3105 820 3177 est,
848 3096 969 3187 quales
986 3111 1080 3171 sunt.

357 3192 556 3263 Daemones
574 3195 725 3262 credunt
743 3207 776 3262 et
793 3218 866 3263 non
882 3213 965 3265 sunt
982 3197 1082 3282 iusti,

359 3295 441 3365 Non
457 3294 564 3382 igitur
574 3294 806 3364 iustificantur
816 3290 977 3365 homines
988 3299 1064 3368 lide.
1092 3298 1197 3370 ltem:

361 3393 469 3465 Nulla
487 3408 612 3464 natura
628 3408 678 3464 est
696 3396 785 3464 iusta
805 3397 878 3467 sola
895 3399 1045 3483 noticia,

359 3495 465 3565 Fides
483 3510 533 3564 est
550 3510 685 3566 tantum
705 3498 856 3580 noticia,

362 3596 475 3666 Nemo
491 3598 600 3687 igitur
613 3598 683 3667 lide
698 3597 809 3668 iustus
826 3614 887 3673 est.
940 3597 1045 3669 ltem:

362 3696 468 3767 Fides
486 3712 535 3767 est
552 3723 660 3788 opus,

361 3795 474 3889 Ergo:
501 3795 684 3891 Operibus
699 3800 784 3871 iusti
799 3823 933 3872 sumus.

309 3899 447 3970 Harum
473 3901 713 3970 obiectionum
742 3902 930 3992 explicatio
954 3903 1108 3974 declarat
1132 3929 1196 3972 vo-

209 4001 373 4072 cabulum
393 4000 515 4085 Fidei,
543 4025 606 4070 nec
626 4002 791 4090 fingimus
815 4004 1019 4095 praestigias
1035 4017 1098 4074 aut
1112 4009 1196 4074 sub-

61 4128 76 4151 ·
208 4104 371 4182 tilitates,
398 4105 457 4172 sed
475 4103 692 4172 illustramus
708 4103 864 4175 nativam
881 4106 1045 4175 vocabuli
1061 4107 1197 4195 signib-

209 4205 383 4273 catiouem
413 4206 452 4272 in
493 4226 655 4273 sermone
688 4200 945 4294 Prophetarum
976 4222 1010 4277 ει
1042 4206 1196 4297 Aposto-

211 4306 363 4374 lolorum
381 4359 392 4396 ,
428 4302 491 4376 Est
523 4307 632 4394 igitur
655 4309 838 4396 responsio
871 4309 915 4377 ad
947 4307 1099 4399 primam
1131 4312 1196 4379 ob·

211 4405 409 4495 jectionem.

314 4505 511 4577 Daemones
528 4511 690 4594 credunt,
718 4511 779 4580 sed
798 4510 958 4580 mutilata
974 4511 1054 4591 fide,
1083 4509 1198 4592 idest,

212 4623 333 4680 tenent
356 4610 524 4680 noticiam
557 4607 754 4695 historiae,
796 4626 830 4682 et
855 4611 972 4681 sciunt
985 4613 1107 4693 xtilium
1129 4608 1197 4681 Dei

194 4758 197 4763 -
213 4708 380 4781 horribili
399 4711 533 4782 iudicio
553 4714 763 4803 puniturum
779 4736 853 4783 esse
878 4736 1002 4785 omnes
1025 4712 1198 4792 diabolos,

210 4836 434 4906 nequaquam
476 4827 593 4884 autem
635 4814 897 4906 amplectuntur
933 4815 1199 4906 promissiones,

212 4941 286 4985 non
310 4929 470 4985 statuunt
492 4916 560 4983 sibi
585 4916 718 4985 remitti
746 4928 903 5007 peccata:
939 4919 1020 4986 ideo
1039 4917 1198 4989 furenter

212 5136 246 5189 et
263 5133 425 5189 metuunt
449 5117 622 5188 tristiores
644 5118 830 5188 cruciatus.
880 5114 1017 5188 Dehac
1035 5120 1106 5190 fide
1123 5143 1197 5189 non

213 5222 372 5313 loquitur
393 5217 544 5303 Paulus,
569 5243 650 5288 cum
675 5219 812 5313 inquit,
839 5219 1021 5291 lustilicati
1045 5221 1115 5293 fide
1134 5246 1199 5313 pa-

214 5343 288 5387 cem
306 5316 476 5391 babemus
491 5340 571 5408 erga
585 5316 718 5390 Deum:
754 5323 814 5391 scd
834 5323 879 5390 de
895 5322 981 5403 lide,
1007 5344 1098 5413 quae
1110 5345 1198 5397 ¹saoss

799 177 924 255 erut.
950 175 1068 256 hidda
1094 177 1307 257 scutras
1330 174 1638 259 aaronica·

1249 352 1364 423 solum
1380 368 1431 426 ast
1449 356 1580 427 noticia
1606 351 1794 446 historiae,
1819 361 1881 433 aed
1902 360 2015 435 etia·
2037 362 2226 455 mahalo-

1249 479 1330 524 nem
1360 458 1605 549 amplectitur,
1647 473 1681 530 ct
1709 476 1763 533 cst
1790 464 1918 535 fiducia
1948 465 2176 561 acquiescens
2194 469 2224 537 ia

1249 556 1453 632 mediatore.
1512 557 1597 629 ldeo
1622 562 1749 632 usitata
1777 567 1871 656 apud
1893 588 1962 637 nos
1986 564 2154 639 definitio
2170 583 2225 640 est:

1248 654 1354 727 Fides
1368 673 1421 731 est
1437 662 1602 732 assentiri
1623 664 1724 732 omni
1747 667 1856 736 verbo
1872 663 1940 737 Dei
1966 668 2078 740 nobis
2100 670 2222 754 tudio,

1247 774 1353 851 atque
1377 760 1426 832 ita
1450 761 1677 853 promissioni
1700 766 1856 854 gratiae,
1898 781 1932 838 et
1954 783 2009 841 est
2030 770 2158 841 lidoeis
2175 794 2221 841 as-

1247 863 1431 953 quiescens
1456 863 1494 933 in
1516 866 1771 954 promissione,
1792 871 1829 939 id
1850 884 1915 957 eat,
1936 871 1975 940 in
1991 866 2072 943 Deo
2088 874 2217 965 pronit-

1247 976 1342 1032 tente
1359 977 1503 1057 propter
1521 967 1762 1042 mediatorem.

1456 1138 1690 1207 Sssasssdssss
1718 1161 2029 1228 argumentans.

1401 1261 1509 1333 Nulla
1527 1280 1653 1337 natura
1674 1282 1727 1340 est
1743 1271 1833 1340 insta
1850 1274 1924 1342 sola
1944 1275 2101 1361 noticia,

1399 1362 1506 1434 Fides
1519 1382 1573 1438 est
1586 1384 1725 1440 tantum
1742 1375 1891 1455 noticia,

1398 1463 1513 1555 Ergo:
1541 1467 1624 1537 Non
1632 1473 1707 1540 sola
1723 1473 1792 1542 lide
1807 1496 1930 1544 snmus
1951 1475 2052 1549 iusti.

1343 1562 1557 1659 Respondeo
1572 1572 1798 1663 simpliciter:
1814 1574 1912 1665 Nego
1931 1578 2126 1649 minorem.
2147 1574 2218 1647 Nan

1249 1681 1288 1738 ut
1320 1680 1423 1737 antea
1447 1671 1583 1743 dictum
1615 1687 1665 1742 eat
1689 1672 1794 1745 Fides
1825 1701 1916 1769 quae
1940 1680 2134 1751 emoritur
2152 1702 2219 1770 pro·

1249 1770 1409 1838 missioni
1433 1795 1508 1840 non
1537 1786 1588 1842 est
1617 1788 1755 1844 tantum
1784 1780 1932 1865 noticia,
1966 1784 2033 1851 aed
2057 1794 2111 1853 eat
2132 1780 2219 1851 duat

1249 1870 1395 1951 fiducia,
1428 1897 1518 1964 quae
1534 1888 1586 1944 est
1603 1894 1720 1946 motus
1735 1904 1753 1946 a
1771 1877 1909 1967 Spiritu
1923 1897 2049 1952 sancto
2065 1904 2220 1964 aoefltsus,

1249 1997 1320 2064 quo
1340 1973 1504 2043 voluntas
1519 1990 1553 2044 et
1569 2001 1630 2045 cor
1647 1979 1870 2050 vivificantur
1886 1997 1919 2052 et
1934 1983 2179 2063 laetificantur,
2191 1996 2220 2054 tt
2252 2062 2253 2067 ἵ

1248 2073 1472 2164 acquiescant
1492 2077 1529 2144 in
1547 2075 1623 2148 Deo
1646 2095 1788 2171 propter
1812 2084 2066 2156 mediatorem:
2096 2098 2139 2157 ut
2155 2108 2218 2155 cun

1248 2175 1350 2244 audit
1363 2172 1480 2246 David
1498 2181 1778 2254 absolutionem:
1806 2181 1985 2256 Dominus
1994 2186 2145 2257 abstulit
2157 2208 2220 2278 pso

1249 2291 1365 2344 catum
1382 2290 1504 2363 tuum,
1529 2303 1604 2349 non
1620 2295 1759 2353 tantum
1774 2285 1812 2353 in
1834 2309 1877 2355 eo
1902 2287 2039 2358 noticia
2053 2302 2109 2360 ast
2130 2283 2217 2357 huit!

1249 2378 1526 2468 propositionis,
1565 2384 1625 2451 sed
1655 2385 1818 2455 voluutas
1848 2400 1883 2457 et
1904 2411 1968 2459 ωε
1993 2404 2143 2461 ostem
2168 2384 2219 2458 has

1249 2484 1344 2548 bono
1368 2503 1490 2551 rursus
1514 2505 1555 2551 ex
1583 2485 1732 2553 summis
1759 2488 1945 2561 doloribus
1973 2504 2011 2563 et
2039 2514 2085 2561 ex
2116 2490 2220 2561 totn's

1249 2595 1447 2668 emergunt.
1491 2582 1591 2651 Sicut
1621 2586 1768 2656 dicitur:
1810 2586 1992 2662 iustificati
2019 2593 2092 2663 lide
2119 2612 2219 2685 paoea

1250 2677 1432 2750 hahemus.
1481 2678 1531 2754 Et
1549 2682 1719 2756 Ezechias
1742 2688 1876 2782 inquit:
1903 2688 1963 2763 Tu
1977 2708 2101 2764 autam
2118 2689 2220 2765 eruisti

1249 2783 1404 2852 animam
1421 2808 1535 2852 meam
1553 2801 1680 2857 utnon
1697 2791 1847 2880 periret,
1872 2793 2057 2884 proiecisti
2074 2810 2154 2887 post
2167 2807 2220 2865 tes·

1248 2907 1333 2970 gum
1348 2899 1447 2954 tuum
1464 2887 1582 2955 omnia
1601 2905 1740 2979 peccata
1756 2917 1843 2961 mea.
1896 2892 1957 2964 Sic
1973 2896 2135 2968 ostendit
2149 2896 2220 2967 Pas·

1252 2986 1326 3068 lus,
1355 3009 1444 3079 quos
1459 3003 1576 3058 motus
1593 2992 1845 3082 complectatur
1869 2995 1974 3081 fides,
2000 3023 2085 3069 cum
2108 2999 2218 3092 inquit:

1251 3085 1318 3156 Per
1341 3083 1438 3156 husae
1460 3095 1632 3159 audemus
1648 3095 1813 3164 accedere
1839 3095 1877 3164 in
1896 3097 2030 3169 fiducia
2050 3124 2115 3191 per
2135 3102 2218 3171 taes

1252 3187 1373 3279 ipsus.
1410 3186 2231 3274 lausanaesaussamnnemumsanm

1250 3291 1288 3357 iu
1316 3286 1380 3359 hac
1412 3290 1481 3359 lide
1507 3289 1780 3384 comprehendi,
1821 3299 1867 3369 de
1893 3323 1963 3392 qua
1986 3294 2219 3398 loquitus,D

1250 3413 1388 3459 necesse
1405 3405 1456 3461 est
1470 3388 1554 3463 haec
1570 3393 1846 3486 comprehendi,
1872 3399 1955 3493 quia
1971 3404 2019 3473 de
2043 3429 2086 3475 ea
2101 3406 2169 3475 lide
2180 3398 2219 3472 di·

1250 3492 1359 3576 citur,
1397 3516 1488 3584 quae
1511 3497 1704 3568 assentitur
1728 3500 1969 3591 promissioni.
2024 3504 2167 3577 Dictum
2184 3514 2219 3574 at
2248 3525 2250 3529 ·

1250 3607 1367 3663 antem
1393 3615 1498 3684 supra
1522 3590 1614 3666 hanc
1636 3598 1760 3684 fidem,
1791 3624 1861 3694 qua
1883 3596 1996 3673 homo
2021 3607 2217 3687 tumtum

1250 3696 1412 3763 assentiri
1428 3698 1666 3787 promissioni.
1712 3697 1775 3772 list
1790 3703 1899 3793 igitur
1914 3718 1951 3775 et
1965 3706 2100 3779 fiducia
2116 3710 2155 3779 in
2173 3728 2218 3777 ss·

1251 3794 1386 3867 luntate
1408 3811 1442 3866 et
1466 3803 1573 3867 corde
1597 3802 1821 3893 acquiescens
1844 3805 1882 3873 in
1909 3810 2166 3902 promissione,
2188 3806 2215 3877 fl

1251 3913 1321 3983 est,
1348 3898 1387 3966 in
1400 3897 1477 3967 Deo
1495 3902 1724 3990 promittente
1742 3918 1890 3996 propter
1903 3909 2150 3984 mediatorem.
2241 3930 2244 3936 '

1486 4077 1677 4146 Tertiam
1698 4100 2008 4164 argumentans.

1404 4200 1492 4271 Fide
1510 4205 1759 4292 iustificamur,

1404 4303 1511 4373 Fides
1524 4323 1574 4377 est
1592 4332 1703 4400 opus,

1407 4402 1524 4495 Ergo:
1552 4403 1737 4502 Operibus
1754 4413 2000 4490 iustificamnr.

1348 4503 1582 4598 Respondeo:
1615 4511 1775 4602 Simplex
1797 4529 1944 4587 et'vera
1968 4520 2156 4613 explicatio
2173 4528 2213 4599 ἢ
2239 4468 2253 4613 i

1251 4629 1319 4699 qua
1334 4631 1459 4679 omnes
1482 4613 1710 4685 mediocriter
1724 4618 1829 4708 ,docti
1852 4621 1891 4688 in
1916 4624 2052 4692 nostris
2074 4618 2213 4696 &aad

1250 4731 1387 4800 semper
1403 4712 1460 4782 usi
1473 4727 1576 4799 sunt,
1601 4717 1765 4788 videlicet
1789 4716 1851 4788 bas
1865 4723 2147 4813 propositiones:

1353 4808 1442 4883 Fide
1456 4809 1627 4886 habemus
1642 4819 1887 4890 remissionem
1902 4839 2149 4914 peccatoram,

1353 4910 1443 4984 Fide
1459 4916 1703 4989 iustificamur.

211 5022 366 5088 oderunt
380 5014 496 5087 Deum
518 5032 550 5086 et
573 5013 779 5101 Christum,
813 5029 848 5088 et
872 5018 1032 5088 sentiunt
1056 5039 1198 5109 poenas,
1250 5009 1482 5107 Nequaquam
1499 5019 1549 5090 sic
1564 5019 1736 5110 intelligi,
1764 5036 1911 5114 propter
1922 5020 1993 5098 hoe
2016 5033 2214 5122 spurinae
2242 4951 2253 5124 Ξ

1250 5114 1327 5196 bis,
1359 5117 1493 5187 scilicet
1516 5126 1676 5206 credere,
1704 5147 1768 5193 seu
1782 5139 1928 5215 propter
1941 5130 2151 5220 dignitatem
2164 5126 2215 5201 ha·
2248 5164 2253 5173 ·

1251 5215 1308 5285 ius
1330 5219 1466 5308 operis,
1499 5215 1629 5293 habere
1644 5220 1818 5311 ¹homines
1834 5229 2084 5303 remissionem
2105 5249 2162 5305 aot
2176 5232 2213 5299 ia·

1250 5318 1407 5391 stificari.
1447 5318 1539 5391 Nam
1556 5319 1690 5395 Paulus
1703 5328 1956 5403 universaliter
1967 5328 2038 5405 hoe
2049 5337 2143 5419 vult,
2166 5330 2211 5402 b
