4522 5782
105 219 184 301 aa
459 154 513 287 s
692 206 823 285 anu.
847 206 967 287 unu
993 203 1206 287 scauro
1228 203 1603 305 mearam.

114 400 229 494 posita
254 404 349 467 sunt.
400 383 580 459 Contritio
605 396 657 455 est
676 383 809 473 agnitio
830 380 982 475 peccati,
1006 382 1103 474 quod
1128 416 1134 505 p
1259 381 1441 455 Postremo
1456 397 1490 455 et
1506 395 1647 463 externa
1664 385 1759 457 bona
1775 412 1884 478 opera
1906 383 2033 475 habet,

113 506 164 575 ait
181 504 273 571 latro
296 518 333 565 re
348 494 440 563 iuste
457 488 599 582 puniri,
624 499 658 557 et
681 487 778 557 dolet
800 509 836 555 se
853 484 970 555 Deum
990 484 1105 555 offen·
1156 485 1345 555 sessionem
1370 487 1598 576 peccarint,
1630 502 1667 567 et
1688 490 1771 562 iusti
1789 491 1912 561 iudicii
1927 489 2017 576 Dei,
2039 495 2051 563 i

95 592 227 687 disse,
253 611 287 668 ει
301 595 410 667 sentit
425 594 514 662 iram
530 588 616 673 Dei,
642 584 708 658 hae
726 591 799 679 ipsa
816 612 929 679 poena
947 610 1105 657 commo·
1157 589 1330 659 rationem
1358 584 1513 673 Christi,
1556 603 1590 659 et
1622 591 1907 679 obiurgationem
1936 596 2053 667 advers

116 707 296 785 nelactus,
334 711 368 767 et
398 693 545 788 quidem
582 690 723 783 publice
757 692 886 759 latetur
925 701 1104 780 peccatum
1156 689 1249 761 Nam
1277 690 1432 761 refutare
1464 692 1712 763 maledicentes
1734 690 1949 784 Evangelio,
1982 712 2035 769 εει

115 831 240 888 suum,
272 810 311 871 ειΙ
342 797 523 890 praedicat
556 793 729 863 iudicium
755 792 821 861 Dei
853 792 984 861 iustum
1021 812 1105 858 esse.
1129 722 1134 869 i
1157 805 1382 883 praeceptum
1409 793 1447 861 in
1473 789 1529 861 his
1551 796 1753 878 sententiis,
1787 795 1902 866 Lucae
1925 797 1978 868 il:
2030 797 2053 887 C

117 908 215 980 Haec
239 902 359 974 omnia
387 897 564 991 pertinent
586 896 631 962 ad
656 894 926 975 contritionem,
961 905 1001 963 ut
1024 892 1106 959 illae
1130 900 1134 952 l
1158 896 1226 963 mei
1243 895 1392 984 pudebit
1408 909 1441 964 et
1455 919 1615 964 meorum
1637 918 1857 982 sermonum,
1883 895 1979 970 hunc
1995 925 2053 971 cor

114 1031 219 1081 voces
241 1003 401 1076 Danielis
426 999 478 1072 9.:
512 994 599 1067 Tibi
621 996 779 1064 Domine
811 995 972 1081 iusticia,
1002 993 1106 1063 nobis
1160 999 1218 1066 det
1235 998 1328 1066 lilius
1345 991 1512 1070 hominis.
1563 994 1876 1075 tirrannus:
1902 999 1950 1072 Et
1972 1003 2053 1096 loqu

117 1125 236 1183 autem
254 1103 414 1185 conlusio
431 1098 545 1169 faciei.
1160 1100 1204 1167 de
1226 1098 1436 1167 testimoniis
1460 1100 1530 1168 tuis
1552 1098 1590 1166 in
1616 1114 1805 1192 conspectu
1837 1127 1976 1189 regum,
2016 1119 2051 1176 et

1160 1201 1417 1271 confundebar.
1443 1198 1602 1271 Pertinet
1615 1216 1732 1271 autem
1748 1207 1948 1295 exemplum
1964 1208 2008 1276 ad
2027 1233 2053 1278 o:

202 1310 346 1382 Pidem
369 1301 444 1375 eius
465 1300 657 1373 clarissime
674 1300 828 1371 ostendit
852 1299 991 1393 petitio:
1026 1296 1107 1369 Me·
1160 1299 1342 1387 homines,
1367 1315 1407 1372 ut
1421 1305 1559 1374 discant
1578 1326 1668 1393 opus
1689 1309 1923 1376 necessarium
1950 1333 2053 1400 essep

119 1410 335 1487 mentomei
357 1403 531 1490 Domine,
572 1406 715 1498 qnando
740 1405 859 1473 venies
890 1404 929 1471 in
958 1424 1106 1491 regnum
1160 1406 1227 1476 teri
1244 1406 1369 1490 fidem,
1396 1419 1431 1476 et
1453 1427 1529 1475 cam
1551 1405 1729 1477 declarare
1753 1410 1964 1479 refutatione
1980 1410 2053 1481 blas

119 1537 235 1592 tuum.
288 1511 380 1581 Vere
402 1509 498 1577 enim
514 1506 683 1595 intelligit
700 1501 796 1576 hunc
818 1505 953 1575 socium
971 1504 1108 1595 suppli·
1160 1508 1325 1577 miarum.

119 1622 185 1704 eii,
211 1635 415 1712 quanquam
438 1611 509 1679 iam
530 1609 764 1694 moriturum,
788 1621 906 1678 tamen
923 1623 997 1677 esse
1011 1605 1108 1675 Mes-
1218 1684 1225 1711 Ι
1260 1608 1338 1681 Etsi
1355 1608 1463 1698 igitur
1483 1602 1649 1679 homines
1671 1612 1811 1699 profani
1836 1626 1871 1683 et
1890 1629 2051 1704 potentes

118 1724 208 1793 siam
223 1718 406 1789 tollentem
423 1724 560 1802 peccata
579 1724 614 1781 et
629 1724 798 1800 mortem,
825 1723 860 1778 et
875 1710 1107 1778 redimentem
1160 1713 1228 1782 bus
1259 1711 1532 1781 refutationibus
1561 1713 1814 1803 offenduntur,
1854 1729 1972 1787 tamen
1997 1718 2053 1788 sci

120 1846 234 1913 genus
257 1814 453 1888 humanum
478 1807 543 1882 hac
568 1836 630 1883 sua
653 1825 790 1898 morte,
825 1813 916 1881 sicut
939 1835 980 1879 ex
1004 1806 1108 1879 Esaia
1161 1809 1229 1883 hoc
1259 1811 1414 1883 officium
1447 1815 1683 1883 necessarium
1715 1839 1809 1896 esse,
1847 1832 1881 1887 et
1905 1844 1987 1888 vere
2014 1821 2050 1911 pl

121 1923 242 2025 potuit
256 1919 376 2011 aliqua
401 1918 494 1986 dicta
520 1913 735 1983 meminisse:
763 1914 850 2005 petit
872 1913 981 2001 igitur
1002 1913 1047 1981 ab
1067 1934 1108 1981 eo
1162 1918 1262 1999 Deo,
1289 1929 1324 1984 ct
1337 1911 1429 1984 hanc
1444 1918 1722 1987 consolationem
1735 1941 1800 1988 nos
1819 1918 1857 1987 in
1874 1916 2008 1992 scholis
2026 1947 2053 1991 rr

120 2023 365 2097 remissionem
383 2029 605 2108 peccatorum
629 2029 666 2087 ει
689 2016 797 2086 vitam
821 2028 1011 2087 aeternam.
1062 2008 1110 2083 Et
1162 2018 1339 2098 unimus,
1372 2040 1462 2109 quae
1484 2019 1679 2109 plurimum
1701 2021 1890 2093 incurrunt
1918 2024 1956 2092 in
1983 2026 2053 2095 odie

123 2142 164 2200 ut
187 2127 274 2194 fides
295 2122 371 2190 eius
392 2118 637 2202 confirmetur,
663 2120 764 2190 audit
784 2117 1025 2188 dulcissimam
1046 2117 1109 2185 ab·
1162 2136 1319 2204 tentum,
1345 2132 1490 2210 propter
1507 2121 1594 2190 tales
1611 2121 1851 2193 refutationes.

123 2228 357 2301 solutionem:
384 2219 502 2290 Hodie
519 2244 656 2288 mecum
673 2221 743 2288 eris
760 2221 799 2289 in
821 2221 995 2311 paradiso.
1035 2216 1109 2288 lom
1265 2222 1412 2309 Sextus,
1448 2237 1622 2312 postrema
1644 2246 1727 2312 pars
1748 2236 1800 2293 est
1823 2225 1965 2314 epitasis
1987 2252 2053 2295 om:

122 2332 206 2399 vide
221 2329 262 2396 in
279 2350 320 2395 eo
337 2326 514 2393 incoatam
531 2322 781 2392 obedientiam.
816 2320 997 2391 inerudite
1014 2319 1109 2389 enim
1162 2324 1315 2395 maxime
1329 2324 1512 2397 terribilis.
1563 2321 2053 2399 HiciamobscuratoSoleo

125 2434 256 2502 dicitur
278 2426 378 2496 nulla
393 2424 501 2494 fuisse
516 2424 608 2493 bona
626 2448 730 2515 opera
746 2418 853 2493 huius
868 2424 1017 2493 latronis
1032 2435 1112 2514 post
1163 2441 1311 2497 naturae
1341 2426 1523 2515 ordinem,
1555 2438 1591 2496 ει
1616 2428 1706 2495 dura
1730 2452 1809 2499 saxa
1835 2431 2013 2499 sine-ulla
2030 2456 2050 2497 v

124 2528 414 2611 conversionem,
439 2549 561 2594 verum
588 2537 659 2610 cst,
689 2548 762 2596 non
782 2538 893 2615 potest
914 2541 1032 2617 petere
1054 2548 1124 2594 rem
1164 2551 1267 2599 mana
1283 2539 1510 2618 rumpuntur,
1537 2541 1572 2597 et
1586 2529 1718 2599 mortui
1732 2530 1904 2602 divinitus
1920 2532 1994 2602 vita
2013 2557 2050 2601 re

123 2634 330 2706 missionem
353 2640 576 2720 peccatorum
608 2640 753 2720 propter
779 2628 853 2697 ulla
877 2628 971 2697 bona
994 2650 1113 2719 opera,
1164 2632 1363 2723 prodeunt,
1389 2629 1483 2699 lilius
1497 2625 1563 2698 Dei
1587 2630 1680 2702 inter
1702 2632 1871 2701 clamores
1887 2648 1921 2704 et
1939 2658 2053 2723 preces

124 2738 299 2829 ideoquae
315 2728 528 2822 proponitur
541 2729 666 2810 nobis,
693 2742 733 2799 ut
748 2732 872 2800 doceat
886 2752 951 2798 nos
969 2730 1013 2798 de
1031 2752 1112 2820 gra·
1165 2734 1273 2802 ritur:
1299 2744 1601 2801 cumtotarerum
1626 2746 1752 2803 natura
1775 2749 1979 2821 moveatur,
2014 2762 2053 2806 co

125 2839 217 2911 tuita
245 2831 551 2913 reconciliatione,
593 2833 653 2900 sed
683 2832 754 2901 iarn
785 2855 975 2901 conversus
1006 2826 1113 2900 habet
1165 2848 1326 2915 etterra‚
1359 2832 1553 2902 dolendum
1577 2846 1628 2903 est
1652 2857 1719 2903 nos
1746 2838 1834 2905 adeo
1858 2839 1967 2908 duros
1992 2861 2053 2908 ess«

125 2961 271 3029 magnas
288 2936 448 3004 virtutes.
500 2929 676 3003 Contritio
693 2934 768 3026 ipsa
791 2948 826 3004 ει
847 2935 951 3003 dolor
967 2948 1114 3024 propter
1137 3000 1140 3031 Ι
1165 2949 1284 3006 tantae
1304 2934 1355 3002 rei
1372 2935 1584 3022 cogitatione
1600 2960 1672 3004 non
1688 2938 2011 3014 contremiscamus.

128 3054 338 3133 peccatum,
381 3048 416 3105 et
439 3032 611 3103 confessio
635 3034 796 3105 tribuens
818 3037 898 3105 Deo
925 3035 1113 3115 iusticiam,
1137 3034 1142 3099 Ι
1166 3061 1246 3107 mus
1263 3036 1371 3126 igitur
1387 3033 1520 3121 Deum,
1539 3052 1578 3106 ut
1595 3054 1733 3109 nostras
1751 3030 1886 3109 mentes
1901 3044 2053 3111 arcenda

127 3157 211 3213 sunt
227 3142 321 3210 hona
338 3160 464 3227 opera,
491 3150 524 3204 et
540 3136 739 3208 testimonia
754 3161 918 3207 accensae
934 3139 971 3205 in
992 3161 1034 3207 eo
1057 3137 1114 3205 di·
1166 3141 1410 3232 aliquomodo
1434 3139 1653 3209 voluntatem
1671 3139 1756 3223 Dei,
1792 3145 1887 3234 quod
1912 3143 2053 3214 filium¹

124 3244 290 3315 lectionis
305 3238 384 3312 Dei.
434 3234 574 3306 Deinde
588 3237 674 3307 fides
697 3240 771 3331 ipsa
795 3241 928 3309 borrrrm
948 3262 1036 3330 opus
1052 3252 1114 3319 εει,
1167 3266 1260 3310 mam
1278 3240 1351 3308 beri
1369 3239 1493 3324 voluit,
1521 3256 1555 3311 et
1572 3236 1640 3310 hoc
1655 3244 1863 3312 sacrificium
1878 3248 2040 3315 omnium

127 3370 208 3416 cum
232 3366 303 3436 quo
330 3360 470 3408 necesse
498 3352 549 3408 est
575 3336 800 3412 dilectionem
822 3338 908 3420 Dei,
943 3354 977 3411 et
1002 3341 1113 3411 multa
1139 3296 1142 3463 Ε
1168 3368 1264 3412 mum
1286 3343 1570 3422 consideremus,
1608 3356 1641 3410 et
1664 3344 1902 3434 intelligamus
1928 3348 1965 3414 in
1993 3344 2053 3417 bac

126 3451 222 3519 bona
239 3465 344 3534 opera
360 3440 549 3511 coniuncta
565 3463 649 3511 esse.
700 3438 847 3513 Accedit
868 3458 900 3513 et
915 3442 1115 3513 intellectus
1139 3468 1142 3489 ¹
1168 3458 1237 3514 tam
1254 3445 1345 3516 tristi
1359 3466 1469 3533 poena
1486 3444 1623 3514 ostendi
1641 3445 1729 3512 iram
1746 3445 1824 3530 Dei,
1848 3451 2016 3519 adversus
2033 3476 2053 3518 n

125 3549 309 3620 doctrinae
332 3544 377 3612 de
401 3565 503 3613 cruce
530 3557 563 3612 ει
585 3545 777 3635 patientia,
811 3546 876 3616 seit
903 3546 973 3613 iarn
1005 3566 1115 3632 genus
1139 3502 1143 3597 i
1168 3559 1325 3638 peccata,
1351 3558 1383 3615 ει
1400 3568 1523 3616 rursus
1543 3547 1694 3635 proponi
1715 3549 2004 3626 misericordiam.

127 3648 323 3721 humanum
339 3657 483 3736 propter
499 3659 677 3736 peccatum
695 3647 734 3715 in
753 3660 902 3717 mortem
920 3662 954 3717 et
970 3645 1115 3716 calami·
1168 3645 1254 3717 baec
1275 3671 1371 3716 mors
1386 3660 1438 3716 est
1462 3647 1670 3737 propiciatio
1694 3674 1759 3746 pro
1782 3652 1898 3725 nobis.
1951 3650 1993 3721 ln
2013 3647 2053 3719 ha

128 3766 217 3824 tates
238 3772 391 3818 mersum
416 3768 510 3830 esse,
538 3770 602 3815 nec
624 3760 742 3818 tamen
767 3763 911 3841 propter
935 3749 1115 3819 calamita·
1167 3752 1338 3840 gitatione
1369 3773 1450 3818 vere
1480 3773 1747 3841 expavescamus
1775 3754 1955 3841 agnitione
1979 3757 2052 3824 irae

128 3870 180 3925 tes
194 3852 295 3922 reiici
311 3846 493 3932 homines,
519 3851 578 3917 sed
595 3845 712 3920 Deum
729 3853 907 3941 postulare
921 3847 1012 3920 hanc
1029 3853 1114 3920 obe·
1169 3868 1201 3922 ει
1216 3874 1339 3921 rursus
1362 3851 1400 3919 in
1425 3853 1616 3940 pavoribus
1638 3853 1816 3942 erigamur
1842 3856 1927 3938 lide,
1953 3871 1987 3927 et
2009 3879 2051 3943 ag

131 3957 324 4038 dientiam‚
363 3963 397 4019 et
427 3950 581 4041 recipere
615 3953 876 4043 confugientes,
911 3968 945 4023 et
978 3952 1114 4040 Spiritu
1168 3954 1317 4044 gratias,
1339 3948 2051 4048 quodhocsacrificiobliiDeusplacatu

128 4071 249 4128 sancto
273 4065 478 4125 sustentare.
534 4051 581 4123 Et
604 4053 674 4122 iam
700 4055 739 4123 in
763 4057 838 4147 ipsa
861 4054 1115 4145 consolatione,
1168 4056 1310 4146 recepit.
1368 4044 1464 4123 Haei
1493 4078 1598 4145 supra
1629 4057 1816 4148 aliquoties
1840 4058 1932 4129 dicta
1956 4074 2053 4142 sunt,

131 4184 212 4229 cum
227 4181 289 4227 cor
308 4157 376 4224 fide
395 4155 606 4243 erigeretur,
634 4157 720 4227 dicit
736 4151 829 4226 hanc
845 4159 957 4246 ipsam
973 4169 1116 4226 senten·
1168 4183 1264 4227 nunc
1279 4158 1318 4225 in
1335 4170 1490 4225 extremo
1506 4179 1617 4244 agone
1632 4153 1766 4228 Christi
1787 4161 1938 4247 maxime
1963 4175 2053 4253 repet

18 4304 22 4309 -
128 4262 235 4339 tiam,
261 4281 350 4350 qnae
374 4269 422 4324 est
448 4258 540 4345 apud
559 4252 700 4326 Esaiam
725 4259 837 4351 capite
852 4260 999 4338 ultimo,
1027 4282 1115 4350 quae
1168 4272 1269 4342 sunt,
1302 4259 1363 4350 qni
1385 4258 1455 4347 legi
1478 4272 1511 4328 et
1531 4260 1794 4351 cogitariapiis
1811 4265 1886 4332 sine
1901 4263 2053 4356 aliquae

129 4364 283 4431 affirmat
303 4355 418 4426 Deum
442 4351 601 4425 habitare
626 4385 705 4430 cnm
734 4362 905 4433 contritis.
980 4359 1115 4430 Didicit
1168 4360 1452 4431 consternatione
1467 4384 1539 4426 non
1558 4374 1684 4450 potest.

129 4465 239 4553 igitur
255 4455 344 4528 banc
361 4454 547 4547 Evangelii
562 4462 769 4552 sapientiam
788 4489 862 4533 non
885 4450 1114 4533 monstratam
1269 4460 1323 4531 De
1347 4456 1410 4530 hac
1425 4457 1559 4551 Eclipsi
1583 4462 1678 4531 Solis
1702 4479 1827 4534 notum
1853 4480 1904 4537 est
1927 4491 2004 4535 eam
2028 4468 2053 4534 fa

129 4568 169 4636 in
187 4565 280 4653 lege,
306 4574 338 4630 et
356 4561 459 4649 longe
476 4561 625 4650 positam
649 4588 754 4657 supra
781 4580 815 4635 et
836 4579 930 4635 extra
957 4559 1116 4654 philoso-
1169 4587 1242 4631 esse
1265 4576 1424 4652 tempore
1456 4565 1690 4652 oppositionis
1713 4565 1836 4635 Lunae
1860 4582 1893 4637 et
1918 4568 2032 4652 Solis,

130 4664 251 4759 phiam
274 4677 307 4734 ει
329 4675 468 4752 captum
494 4658 669 4735 humanae
694 4668 861 4751 rationis,
889 4683 922 4737 et
950 4667 1019 4735 iam
1036 4691 1115 4735 cor·
1169 4665 1321 4754 populus
1338 4665 1501 4733 ludaicus
1516 4665 1668 4735 celebrat
1683 4664 1816 4737 Pascha
1844 4670 1881 4737 in
1899 4672 2053 4739 medion

130 4792 217 4861 pore
241 4768 400 4858 pendens
422 4764 460 4829 in
491 4788 594 4834 cruce
615 4792 655 4837 ac
677 4770 852 4853 moriens,
893 4783 1012 4838 tamen
1035 4792 1116 4845 vere
1140 4744 1143 4773 Ι
1168 4767 1299 4841 lunari.
1358 4763 1448 4835 Cum
1482 4780 1598 4835 antem
1633 4782 1766 4838 certum
1799 4772 1845 4841 sit
1874 4773 2048 4841 usitatoo

129 4872 220 4940 vivit
235 4868 306 4937 vita
323 4880 480 4949 aeterna,
513 4866 665 4939 laetatur
685 4873 867 4961 agnitione
882 4867 949 4939 Dei
970 4882 1003 4937 et
1017 4868 1116 4938 Mes·
1168 4882 1316 4936 naturae
1333 4869 1479 4956 eclipses
1496 4867 1591 4938 Solis
1608 4884 1745 4940 tantum
1762 4873 1800 4939 in
1815 4875 2053 4943 coniunctioni

130 4975 221 5056 siae,
249 4981 283 5038 et
300 4981 453 5059 praestat
467 4964 543 5036 Deo
560 4962 652 5040 hanc
670 4974 908 5042 obedientiam
927 4995 1009 5041 vera
1027 4972 1116 5040 tole·
1169 4993 1234 5037 nae
1249 4983 1283 5038 ει
1295 4968 1390 5037 Solis
1403 4969 1489 5052 beri,
1513 4972 1737 5040 manifestum
1754 4989 1805 5042 est
1820 4969 1912 5043 lianc
1930 4977 2051 5066 eclipsi

128 5073 269 5154 cantia,
308 5083 342 5139 ει
371 5083 527 5159 expectat
554 5095 688 5141 novum
715 5073 1050 5160 'Messiaesegnum
1078 5072 1116 5139 in
1140 5130 1143 5179 t
1169 5071 1213 5138 lis
1235 5092 1378 5161 prorsus
1406 5084 1528 5140 contra
1552 5086 1698 5141 naturae
1725 5078 1888 5145 ordinem
1916 5078 2045 5147 saetam

127 5173 304 5267 paradiso.
382 5169 503 5259 Longe
546 5171 655 5259 igitur
695 5189 837 5266 superat
870 5173 1045 5265 sapientia
1084 5186 1117 5242 et
1140 5182 1143 5249 i
1169 5170 1252 5242 Fuit
1268 5172 1705 5260 igiturtestimonianei
1723 5176 1953 5263 significantis
1969 5202 2005 5248 se
2022 5202 2053 5270 sp

129 5276 340 5355 virtutibus,
380 5296 453 5343 nou
494 5272 610 5343 solum
643 5270 876 5357 Pharisaeos,
914 5277 974 5346 sed
1010 5274 1116 5347 etiam
1139 5254 1143 5343 i
1168 5288 1281 5344 torem
1298 5297 1371 5342 esse
1386 5268 1493 5343 huius
1515 5276 1629 5359 necis,
1655 5290 1688 5344 et
1705 5300 1741 5344 se
1757 5280 1936 5347 vindicem
1957 5283 2045 5350 sore.

129 5372 332 5469 Apostolos.
1138 5350 1144 5464 Ι
1167 5375 1370 5465 gnificaturn
1389 5390 1441 5446 est
1457 5376 1562 5446 etiam
1584 5378 1750 5448 omnibus
1773 5375 1935 5453 hostibus
1950 5378 2053 5455 Chris
