4522 5782
184 166 263 253 ιιι
356 238 361 251 ,
448 244 451 249 ,
586 274 589 279 Ι
774 155 902 237 autu.
936 152 1054 267 upa.
1084 151 1297 291 scatent
1328 154 1630 237 ιιιοιιιιι
1962 84 1995 129 ”
2028 222 2037 233 ,.
2149 165 2215 249 ιιι

194 338 290 433 quod
313 335 357 406 ad
382 360 496 410 mores
519 332 662 419 attinet,
693 326 939 428 hypocritae
928 330 986 401 asti
1010 327 1172 419 gnaviter
1229 355 1304 401 mos
1327 355 1407 424 spe,
1433 345 1529 421 metu
1556 347 1589 404 et
1616 335 1695 405 aliis
1725 336 1908 409 affectibus
1931 352 2147 429 occupatos,
2178 356 2213 413 ut

126 471 128 475 ¹
194 451 328 511 norunt
352 437 520 525 simulare
539 436 758 518 comitatem,
783 433 1008 523 facilitatem,
1037 431 1177 533 patien-
1230 457 1309 504 cum
1320 430 1446 504 Annae
1462 435 1662 507 cultoribus
1678 438 1937 529 promittuntur
1953 440 2127 535 divitiae,
2142 467 2212 513 cum

164 548 169 553 '
195 542 309 620 tiam,
350 552 485 614 norunt
511 552 591 632 apte
621 538 779 607 alludere
810 538 854 605 ad
879 559 1002 606 eorum
1025 533 1182 615 allectus,
1231 531 1399 605 mooaclu
1411 537 1626 628 promittunt
1642 540 1749 610 vitam
1763 557 1941 612 aeternam
1959 565 2026 634 pro
2045 542 2122 613 suis
2145 545 2212 614 riti·

197 643 424 738 quibuscum
440 654 561 734 agunt
614 637 732 710 Huius
758 638 808 707 rei
832 637 988 728 exempla
1011 635 1114 704 facile
1130 646 1182 702 est
1232 640 1310 721 bus,
1325 660 1404 708 cum
1423 641 1639 731 promittunt
1654 642 1856 714 felicitatem
1872 643 2099 714 rnommbus
2114 669 2211 734 nego

197 743 353 837 reperire
371 747 465 839 apud
488 737 692 815 monachos.
744 734 793 810 Et
816 735 884 809 hoc
907 751 1067 830 tempore
1083 737 1183 806 Ana
1233 739 1292 811 tiis
1311 762 1378 838 pro
1394 742 1563 811 sacrrficto
1577 740 1721 818 Musae
1756 745 1937 815 Adversus
1954 768 2081 816 omnes
2099 742 2214 818 huius·

195 847 390 938 baptistae,
423 870 503 917 cum
527 843 671 938 quidem
697 842 808 912 multa
833 844 997 920 doceant
1031 861 1103 908 non
1126 861 1184 906 so-
1235 841 1333 910 modi
1359 841 1508 912 insidias
1541 845 1676 914 muniri
1705 860 1870 937 opportet
1900 847 2040 919 animos
2073 863 2165 919 certa
2184 865 2253 921 et

124 1022 132 1033 ,
199 951 275 1018 lum
298 946 406 1031 salsa,
443 952 503 1017 sed
534 946 639 1033 etiam
671 945 824 1013 absurda
851 957 884 1013 et
910 942 1027 1033 palam
1053 936 1184 1012 abhor-
1236 944 1334 1011 firma
1365 944 1569 1033 cognitione
1606 947 1706 1017 verbi
1735 946 1816 1023 Dei.
1891 948 1995 1020 Sicut
2018 949 2071 1019 ait
2087 948 2253 1079 Petrus*

198 1048 313 1119 rentia
344 1072 364 1116 a
397 1063 470 1120 tota
503 1061 629 1118 natura
658 1039 865 1124 bominum,
899 1057 1017 1114 tamen
1046 1043 1182 1110 animos
1237 1041 1419 1117 secan:
1445 1043 1679 1134 Benelacitis‚
1694 1040 1914 1122 attendentes
1931 1045 2140 1141 prophetico
2152 1076 2213 1122 scr
2250 1082 2253 1143 ι

73 1168 86 1178 “
202 1146 410 1231 hominum¹
446 1164 565 1220 tamen
586 1147 721 1217 animos
747 1142 932 1217 hominum
956 1143 1101 1236 capiunt
1124 1143 1185 1210 illa
1239 1146 1356 1231 moni,
1389 1159 1557 1240 tanquam
1588 1149 1752 1221 lucernae
1775 1152 1939 1221 lucenti'
1930 1177 1967 1221 ιιι
2001 1154 2083 1221 Ιοιο
2105 1154 2212 1242 caligi-

203 1251 407 1344 prodigiosa
447 1249 675 1321 simulatione
704 1247 896 1348 patientiae
926 1261 961 1317 et
983 1244 1186 1316 modestiae.
1240 1269 1345 1331 noso,
1371 1250 1484 1318 donec
1500 1249 1677 1324 illucescat
1703 1253 1798 1338 dies,
1824 1268 1860 1324 ct
1884 1254 2020 1325 oriatur
2037 1254 2193 1325 luciler'
2183 1280 2215 1323 ιι

206 1351 325 1425 Habet
355 1352 488 1423 alicubi
530 1373 611 1421 suas
651 1349 842 1421 blanditias
876 1349 982 1420 etiam
1016 1348 1188 1428 doctrina,
1239 1350 1406 1421 cordibus
1421 1353 1556 1426 vestris.

69 1461 73 1471 '
206 1477 296 1549 quae
319 1466 354 1525 et
375 1453 450 1547 ipsa
475 1453 621 1544 figurate
643 1450 823 1523 interdum
845 1450 1012 1520 adulatur
1044 1449 1189 1540 populo,
1341 1449 1472 1523 Deus
1461 1465 1580 1546 rtaque
1603 1456 1776 1544 gubernet
1806 1460 1911 1528 corda
1943 1471 2066 1529 nostra
2086 1471 2216 1550 propter

205 1571 248 1628 ut
262 1579 343 1626 cum
360 1555 516 1646 vulgus
504 1552 752 1643 intempestive
773 1554 909 1624 levatur
931 1551 1099 1621 oneribus
1118 1563 1190 1620 tra·
1242 1552 1435 1624 Dominum
1457 1569 1617 1625 nostrum
1643 1552 1758 1627 lesum
1783 1552 1965 1629 Christum
1982 1557 2124 1649 Spiritu
2146 1584 2216 1629 san·

205 1657 401 1730 ditionum.
430 1678 511 1728 cum
535 1651 728 1725 homines
717 1676 893 1746 ingeniosa
881 1651 1145 1723 solvuntur
1111 1674 1191 1720 vro·
1243 1668 1318 1737 cto,
1342 1668 1381 1726 ut
1396 1654 1628 1747 Evangelium
1643 1660 1687 1729 de
1702 1656 1799 1729 coelo
1815 1661 1986 1730 traditum
2002 1660 2216 1744 retineamus,

207 1750 298 1831 culis
321 1760 529 1850 dogmatum
550 1756 776 1842 coelestium,
802 1778 892 1852 quae
916 1754 1048 1826 rationi
1067 1754 1193 1824 viden·
1244 1769 1277 1826 et
1299 1758 1335 1825 in
1359 1756 1577 1847 agnitione
1560 1771 1594 1830 et
1618 1760 1745 1829 fiducia
1769 1755 1904 1832 Christi
1919 1762 2168 1880 proficiamus,
2191 1776 2216 1831 et

204 1877 266 1934 tur
285 1861 451 1932 absurda.
1244 1872 1285 1928 ut
1308 1858 1457 1947 gloriam
1479 1836 1666 1950 Evangelii
1690 1862 1913 1933 omnibus
1879 1863 1946 1956 pris
1971 1864 2099 1935 officiis
2124 1887 2214 1936 οιιιι-

2248 4414 2253 4505 l

314 2005 493 2110 Edloylou
510 2008 865 2102 significautGraecis
878 2009 1111 2095 laudationes,
1132 2009 1193 2079 sed
1245 1983 1342 2046 '⁰⁰⁸’
1368 1975 1401 2032 εἰ
1417 1962 1541 2032 ηάὼῑ
1554 1959 1730 2036 Εαιω
1744 1965 2022 2036 ‘mumdum
1986 1991 2085 2061 imm
2100 1978 2135 2035 ‘²
2149 1989 2214 2059 lm·

212 2112 346 2185 Paulus
361 2112 539 2185 Hebraico
559 2137 657 2186 more
671 2107 956 2211 ιύλογίαςιοοιι
973 2111 1189 2183 benedictio·
1244 2075 1403 2155 pe’mam
1428 2066 1556 2140 Amen
1571 2159 1670 2234 Deo
1695 2156 1793 2234 Gra
1802 2167 1886 2240 m

213 2237 296 2300 nes,
318 2209 472 2300 hocest,
497 2217 610 2288 bonas
635 2213 906 2307 imprecationes
930 2226 966 2283 et
987 2213 1192 2303 magnificas

210 2315 473 2409 promissiones.
539 2315 629 2389 Nam
651 2312 716 2388 hae
739 2316 892 2388 sacilime
915 2313 1092 2388 infatuant
1113 2314 1192 2386 ani·
1657 2314 1798 2386 Finis.
