4522 5782
1203 93 1208 103 ¹
1508 118 1511 127 .
2033 64 2058 115 Ι

111 204 219 283 sess
359 148 368 225 ³
603 188 899 275 rumano
926 190 1701 274 1n11.aetsnan.conuuutos.‘
2053 212 2154 292 esea
2215 238 2220 249 ·

108 379 196 451 Non
208 378 287 449 vult
302 374 504 469 relinquere
520 371 559 442 in
573 370 704 441 animis
722 380 848 441 eorum
863 365 975 439 attam
989 367 1105 458 snspi·
1156 368 1288 441 Fontes
1305 371 1357 443 tui
1373 371 1582 441 deriventur
1595 372 1703 457 iores,
1724 386 1757 446 et
1772 390 1811 447 tu
1825 372 2005 454 Dominus
2018 410 2143 465 eorum

110 484 253 555 donem
271 479 382 549 animi
397 474 598 557 exulcerati,
619 476 683 545 sed
700 471 777 543 vult
793 471 876 542 illos
890 480 985 540 certo
1002 470 1104 556 scire,
1156 489 1308 546 maneto.
1362 473 1453 542 Tota
1481 467 1567 543 haec
1588 476 1729 545 collatio
1752 480 1953 555 voluntaria
1977 501 2046 574 est,
2073 516 2143 566 nee·

110 586 259 679 penitus
277 584 429 653 deletam
451 603 526 651 esse
550 576 803 654 offensionem,
835 572 943 644 nteit
966 571 1104 641 firmior
1153 598 1292 645 necesse
1308 589 1360 645 est
1375 576 1529 665 praecise
1551 600 1627 645 eam
1650 579 1693 646 ad
1711 576 1968 657 arithmeticam
1985 595 2041 663 vel
2056 618 2143 686 geo-

108 685 375 765 beuevolentia,
399 698 494 754 etue
508 680 655 751 dissidia
671 679 853 757 oriantur,
878 675 974 765 quod
992 673 1102 760 fieret,
1152 677 1334 748 metricam
1362 679 1418 746 vel
1443 673 1685 748 harmonicam
1710 687 1976 773 proportionem
1999 717 2139 769 aeeon..

110 790 363 863 risimultetes
385 785 508 856 tacitae
532 795 715 852 marserent
740 778 910 870 reliquae.
973 776 1102 848 luserit
1151 782 1308 853 modare.
1359 777 1590 849 Manifestum
1604 796 1655 852 est
1677 784 1882 856 sceleratum
1902 814 1995 876 esse,
2021 796 2138 872 lacere

108 896 231 965 entem
245 888 475 960 necessariam
491 883 692 957 doctrinam
717 882 763 950 de
784 876 1015 951 conversione
1038 899 1100 947 seu
1150 882 1399 974 aequalitatem
1440 882 1673 972 proportione
1707 881 1952 979 arithmetica,
1991 911 2031 968 nt
2061 924 2136 972 non

108 993 350 1089 poenitentis,
375 1003 511 1081 partem
525 1008 600 1056 esse
615 982 803 1055 ministerii
820 981 858 1050 in
874 974 1028 1049 Ecclesia
1042 1003 1101 1048 ar·
1151 983 1231 1072 plus
1248 1007 1398 1055 numero
1415 986 1589 1075 possideat
1606 983 1718 1070 lsaac,
1743 1012 1849 1081 quam
1865 990 2002 1067 Ismael.
2062 999 2138 1074 Nee

109 1118 222 1187 gnere
245 1106 401 1184 peccata,
433 1106 468 1162 et
490 1102 657 1183 oportere
679 1087 719 1155 in
743 1082 974 1155 conversione
998 1082 1099 1151 dolo·
1150 1087 1342 1155 necessaria
1362 1100 1414 1157 cst
1435 1087 1629 1177 aequalitas
1653 1092 1885 1177 proportione
1911 1104 2135 1184 geometrica.

109 1220 175 1269 res
194 1197 294 1275 oriri.
325 1193 442 1263 'Haec
468 1206 539 1264 tota
561 1189 736 1260 sententia
760 1185 945 1256 reserenda
972 1196 1024 1252 est
1053 1185 1098 1251 ad
1149 1184 1231 1256 Non
1249 1211 1387 1257 neccsse
1402 1184 1773 1281 estConsulemduplo
1784 1190 2012 1285 plushabere,
2028 1226 2137 1297 quam

110 1320 337 1371 eommunem
353 1296 553 1367 doctrinam
571 1297 616 1361 cle
633 1288 870 1371 Contritione,
896 1288 940 1354 de
957 1307 1027 1377 qua
1043 1285 1099 1353 di·
1148 1289 1258 1358 alium
1282 1290 1413 1358 civem:
1437 1304 1498 1360 aut
1512 1287 1703 1360 Consulem
1726 1294 1838 1385 duplo
1863 1298 1942 1387 plus
1965 1305 2138 1396 conferre,

109 1401 223 1471 eiturc
255 1400 356 1471 Sicut
377 1399 433 1467 leo
456 1394 624 1467 contrivit
648 1389 770 1461 omnia
796 1411 873 1458 ossa
898 1412 987 1457 mea.
1051 1382 1100 1455 Et
1149 1414 1254 1481 quarn
1272 1390 1379 1460 alium
1395 1392 1518 1460 civem.
1570 1392 1687 1480 Magis
1702 1418 1895 1484 congruere
1913 1401 1974 1472 illa
1991 1406 2136 1481 collatio

108 1498 238 1574 Esaiae
250 1502 332 1575 fin:
364 1500 421 1569 Ad
448 1522 552 1591 quem
579 1493 788 1584 respiciam?
818 1490 887 1558 nisi
911 1491 956 1558 ad
979 1482 1099 1557 humi·
1150 1514 1230 1561 cum
1253 1488 1461 1562 harmonica
1477 1497 1710 1586 proportione
1726 1499 1884 1585 videtur,
1915 1503 1953 1571 in
1978 1530 2047 1596 qua
2069 1533 2137 1583 nec
2226 1578 2232 1583 .

108 1605 239 1676 listum
262 1620 297 1675 et
319 1603 511 1673 contritum
534 1598 660 1687 spiritu
678 1608 743 1665 etc.
795 1587 843 1661 Et
865 1590 1004 1661 Psalmo
1018 1585 1098 1659 50.:
1150 1595 1442 1685 proportionum,
1467 1619 1532 1666 nec
1557 1597 1836 1668 differentiarum
1860 1607 2052 1695 aequalitas
2070 1625 2134 1694 est,

107 1705 331 1779 Sacrificium
354 1709 432 1776 llco
452 1703 600 1793 spiritus
621 1688 898 1775 contribulatus,
929 1714 991 1761 cor
1012 1715 1099 1761 con·
1149 1699 1207 1766 sed
1225 1697 1315 1766 sicut
1330 1720 1365 1765 se
1381 1692 1485 1767 babet
1500 1700 1673 1767 maximus
1686 1701 1859 1772 terminus
1873 1706 1915 1773 ad
1931 1709 2136 1801 minimum,

109 1808 237 1879 tritum
276 1824 309 1877 et
352 1803 581 1875 humiliatum
626 1822 700 1869 non
739 1794 921 1885 despicies.
999 1791 1101 1879 ltem,
1150 1799 1200 1868 ita
1224 1823 1260 1868 sc
1278 1794 1386 1869 babet
1402 1799 1602 1869 differentia
1620 1802 1765 1869 maximi
1785 1817 1819 1874 et
1836 1808 1943 1876 medii
1964 1812 2007 1879 ad
2030 1813 2136 1885 dilie-

107 1905 220 1984 Deut,
234 1909 287 1983 43
313 1908 410 1982 Deus
425 1906 519 1998 ignis
535 1919 748 1973 consumens
763 1910 825 1967 est·
1151 1900 1302 1970 rentiam
1325 1902 1435 1969 mcclii
1451 1916 1486 1970 et
1505 1901 1664 1981 minimi,
1692 1918 1748 1973 ut:
1775 1905 1811 1988 5,
1825 1907 1864 1987 «i,
1879 1908 1914 1980 6.
1966 1911 2135 1988 senaria.

213 2011 302 2084 Vult
324 2010 420 2081 Deus
442 2009 562 2101 aliquo
584 2005 692 2074 modo
712 1997 854 2089 agnosci
876 2008 1034 2087 peccata,
1065 2009 1100 2067 ct
1150 2016 1203 2072 est
1225 2002 1357 2092 duplus
1380 2004 1425 2072 ad
1448 2003 1527 2076 tria.
1590 1999 1686 2094 Ergo
1707 2019 1741 2075 et
1766 2006 2003 2082 differentiam
2026 2018 2136 2087 medii

108 2112 502 2186 iramsuamadversus
528 2120 678 2200 peccata.
731 2101 813 2171 Non
835 2101 912 2169 vult
936 2122 1012 2167 eam
1035 2122 1098 2167 ne·
1150 2116 1184 2172 et
1199 2102 1358 2190 minimi,
1384 2129 1473 2196 quae
1491 2117 1542 2173 est
1556 2107 1687 2178 restitas.
1740 2104 1792 2177 lta
1814 2125 1897 2181 sunt
1913 2111 2085 2188 Lucullus
2099 2117 2137 2206 d,

104 2216 217 2308 eligi,
248 2230 283 2288 et
300 2220 445 2285 damnat
460 2234 579 2282 secura
602 2223 637 2278 et
658 2209 770 2277 ferrea
794 2204 919 2286 corda,
941 2214 983 2270 ut
1004 2201 1099 2292 apud
1150 2205 1291 2275 Atticus
1304 2203 1340 2288 4,
1364 2218 1399 2277 et
1419 2203 1545 2276 Cicero
1567 2209 1647 2276 excel
1674 2230 1778 2295 egens
1802 2211 1837 2279 d.
1901 2214 1939 2286 si
1965 2214 2137 2293 Luculla.

109 2314 445 2407 lercmiamcap.8.:
461 2310 677 2383 Erubescerc
689 2306 903 2377 nescierunt.
929 2300 1010 2377 Εεε.
1022 2303 1099 2376 48.;
1151 2312 1211 2376 dat
1224 2308 1295 2375 duo
1314 2307 1443 2377 talenta
1461 2308 1635 2394 exulanti,
1661 2312 1721 2379 det
1737 2311 1875 2383 Atticus
1893 2339 2020 2394 unum.

106 2406 308 2491 Peons'coa
339 2441 457 2491 aenea.
525 2411 573 2484 Et
600 2404 764 2481 zachara
808 2403 1008 2475 Posuerunt
1039 2428 1100 2473 cor
1254 2406 1324 2477 Sed
1342 2422 1460 2478 tamen
1479 2411 1562 2501 quia
1580 2412 1780 2481 voluntaria
1804 2415 1947 2487 collatio
1965 2433 2035 2506 est,
2060 2446 2136 2497 non

103 2544 212 2593 strum
237 2524 334 2592 velut
357 2520 590 2589 adamantem.
643 2510 689 2583 Et
706 2509 838 2580 Paulus
862 2508 906 2577 ad
926 2502 1098 2598 Ephesios
1152 2531 1290 2577 necesse
1306 2514 1411 2579 estad
1424 2506 1662 2581 haecvincula
1675 2513 1832 2604 astringi.
1859 2515 1905 2587 At
1921 2519 2137 2619 Paulusipse

105 2622 179 2705 ait,
206 2624 333 2715 impios
357 2646 430 2692 esse
455 2611 730 2715 ἀπηλγηκότες,
767 2610 899 2695 idest,
932 2611 1008 2677 sine
1031 2610 1096 2677 do·
1151 2610 1340 2702 aliquoties
1364 2625 1527 2696 testatur,
1554 2636 1590 2682 se
1616 2639 1689 2683 non
1712 2618 1890 2705 postulare
1918 2616 2008 2693 hanc
2026 2629 2137 2700 colla-

108 2724 206 2810 lore,
231 2748 390 2810 securos,
418 2731 681 2794 contemnentes
705 2712 877 2783 iudicium
894 2707 972 2782 Dei.
1023 2706 1102 2778 Hac
1152 2712 1284 2782 tionem
1301 2713 1421 2800 ita‚ut
1435 2738 1559 2803 cogere
1574 2715 1688 2786 ullum
1705 2717 2017 2806 existimetur,sed
2034 2751 2073 2798 se
2090 2733 2136 2802 de
2248 2744 2254 2760 “

107 2828 332 2901 tristissimae
355 2813 542 2895 conciones
566 2817 808 2891 observandae
825 2825 928 2897 susat,
954 2826 992 2880 ut
1010 2811 1099 2880 scia·
1153 2815 1350 2884 voluntaria
1376 2817 1588 2887 liberalitate
1608 2818 1720 2912 loqui.
1772 2821 1856 2890 Non
1882 2823 1991 2913 igitur
2005 2853 2135 2902 novam

107 2952 191 3005 mers
210 2930 440 3000 necessariam
458 2950 530 2996 esse
545 2920 819 2998 contritionem,
845 2936 950 3007 quam
967 2913 1016 2981 sic
1035 2936 1102 2981 no·
1151 2917 1310 3008 politiam
1324 2917 1543 2988 Platonicam
1560 2920 1616 2986 vel
1631 2923 1922 3009 anabaptisticam
1940 2931 2136 3006 constituit.

106 3032 272 3115 minant,
298 3030 430 3100 scilicet
453 3051 556 3096 veros
581 3043 728 3116 pavores
750 3032 784 3088 et
799 3015 940 3086 dolores
956 3031 1102 3107 propter
1254 3014 1294 3085 ln
1314 3021 1427 3111 capite
1446 3044 1543 3090 nono
1561 3024 1828 3093 commonefacit
1847 3050 1906 3095 eos
1929 3033 2137 3119 promissio·

109 3132 203 3203 iram
218 3130 285 3203 Dei
303 3136 470 3203 adversus
488 3141 607 3199 nostro
625 3133 774 3214 peccata.
1152 3117 1209 3186 nis
1233 3120 1394 3203 divinae,
1421 3123 1511 3192 sicut
1538 3122 1575 3190 in
1593 3118 1786 3214 Evangelio
1804 3127 1935 3198 dicitur
1954 3130 2070 3205 Lucae
2085 3135 2137 3210 6.ι

204 3212 1043 3307 lnoctavoetinnonoadhortaturCorintltios,
1060 3232 1102 3290 ut
1153 3221 1308 3305 Date,et
1324 3225 1469 3295 dabitur
1484 3226 1598 3296 vobis.
1649 3223 2139 3307 Hictcnendumestdiseri.

111 3336 305 3408 collatione
319 3337 562 3428 eleemosynae
579 3332 701 3399 iuvent
716 3321 892 3394 Ecclesiae
910 3322 949 3388 in
966 3317 1099 3389 Orien·
1152 3346 1232 3390 rnen
1255 3326 1544 3414 promissionum.
1603 3327 1686 3399 Atta
1710 3340 1762 3398 eu
1788 3333 1932 3428 propria
1950 3331 2139 3429 Evangelii

109 3453 167 3519 te,
199 3464 288 3531 quae
319 3439 526 3525 indigebant
553 3433 668 3503 aliena
692 3424 925 3507 liberalitate,
957 3437 992 3492 et
1015 3422 1100 3516 quia
1153 3426 1343 3515 promissio
1369 3427 1687 3517 reconciliationis,
1720 3453 1790 3526 qua
1823 3446 1962 3505 tantum
1994 3454 2139 3535 propter

108 3539 215 3610 multi
234 3541 281 3629 pii
300 3564 341 3608 ex
359 3540 432 3608 suis
452 3532 732 3628 possessionibus
755 3525 1041 3617 expellebantur,
1066 3537 1101 3595 ct
1152 3526 1266 3596 lilium
1284 3526 1350 3599 Dei
1368 3532 1476 3619 gratis
1490 3527 1703 3603 exhibentur
1727 3533 1888 3606 remissio
1913 3554 2138 3635 peccatorum

110 3642 196 3736 quia
220 3656 304 3712 tunc
318 3639 460 3712 Claudii
477 3634 699 3730 imperatoris
715 3647 873 3720 tempore
887 3628 997 3696 fames
1012 3628 1100 3696 adeo
1151 3640 1188 3699 et
1201 3630 1389 3720 imputatio
1404 3633 1575 3707 iusticiae.

112 3766 217 3815 saeva
242 3759 334 3828 erat,
371 3758 412 3813 ut
438 3743 548 3810 modii
576 3735 726 3830 pretium
761 3729 941 3800 fueriut6
973 3724 1099 3797 drach·
1255 3731 1358 3801 Aliae
1370 3748 1454 3803 sunt
1470 3735 1615 3822 legales,
1636 3759 1726 3828 quae
1742 3737 1861 3809 valent
1877 3740 1915 3809 in
1931 3745 2139 3817 reconcilia-

113 3869 213 3926 mae,
237 3870 316 3914 cum
332 3846 473 3915 usitatis
486 3844 589 3911 arinis
607 3850 696 3909 esset
710 3857 780 3904 una
797 3828 985 3915 drachma,
1011 3844 1051 3900 ut
1070 3830 1099 3898 si
1153 3831 1207 3901 tis.
1262 3829 1350 3904 Vult
1371 3837 1465 3904 enim
1488 3833 1584 3906 Deus
1609 3860 1674 3927 pso
1696 3840 1802 3909 bonis
1822 3843 1989 3932 operibus
2012 3868 2139 3917 recon-

110 3946 246 4037 Lipsici
278 3947 449 4016 medirnni
478 3944 630 4035 pretium
655 3938 703 4007 sit
731 3936 898 4006 usitatum
930 3931 1101 4001 dimidius
1153 3932 1352 4006 ciliatorum
1377 3938 1484 4008 etiarn
1503 3962 1565 4007 sua
1589 3941 1760 4032 quaedem
1785 3943 1937 4030 praemia
1963 3948 2065 4032 dare,
2097 3964 2138 4022 ut

115 4044 364 4132 loarltimicus‚
381 4067 465 4118 tunc
482 4046 648 4115 venditus
662 4052 752 4108 essct
767 4038 848 4106 trib.
866 4029 1100 4103 loachimicis.
1153 4035 1262 4103 vidua
1286 4038 1479 4129 sareptana
1502 4040 1630 4125 alitur,
1672 4043 1754 4134 quia
1786 4042 1853 4113 suit
1876 4044 2032 4118 liberalis
2058 4072 2140 4141 erga

113 4146 217 4220 Talis
235 4150 421 4220 difficultas
439 4150 505 4219 suit
521 4149 558 4216 in
575 4141 769 4216 Germania
784 4160 879 4207 anno
898 4134 1007 4210 1517.
1151 4134 1281 4209 Eliam.
1334 4139 1552 4211 Tribuamus
1574 4139 1651 4212 Deo
1674 4145 1876 4230 veritatem,
1903 4162 1938 4218 et
1958 4173 2139 4239 speremus
2186 4142 2191 4149 ’

219 4250 336 4322 Multa
361 4267 441 4321 ειιιιι
461 4265 576 4320 autem
593 4248 687 4316 dicta
707 4240 859 4331 insignia
886 4238 923 4307 in
951 4233 1015 4304 bac
1037 4238 1101 4309 ad·
1152 4262 1193 4307 ac
1215 4252 1374 4329 petamus
1396 4236 1482 4311 baec
1506 4245 1679 4333 praemia,
1713 4260 1749 4318 et
1770 4242 1835 4316 hac
1862 4272 1923 4341 spe
1947 4265 1981 4321 et
2004 4277 2071 4325 nos
2092 4257 2136 4329 ad

112 4348 326 4425 hortatione.
387 4353 444 4424 Fit
481 4351 613 4421 mentio
640 4343 872 4438 aequalitatis.
931 4338 1001 4408 Hic
1027 4362 1100 4407 non
1153 4341 1444 4413 benefaciendum
1465 4345 1665 4416 excitemus.

115 4451 337 4545 intelligatur
353 4456 544 4548 aequalitas
565 4441 750 4545 ἀναλογίᾳ
774 4439 1011 4513 arithmetica:
1037 4465 1102 4510 nec
1258 4443 1298 4513 ln
1317 4447 1453 4515 decimo
1470 4451 1593 4537 capite,
1619 4449 1677 4521 11.
1699 4451 1754 4522 12.
1773 4450 1872 4522 addit
1891 4454 2138 4533 refutationem

113 4558 291 4647 fingamus
306 4559 456 4629 Paulum
476 4558 600 4625 docere
619 4549 837 4622 Platonicam
859 4567 980 4613 rerum
1005 4568 1100 4612 com·
1152 4544 1553 4641 pseudoapostolorum,
1577 4551 1638 4642 qui
1656 4552 1864 4643 spargebant
1884 4553 2043 4629 Iudaicas
2059 4564 2139 4654 opi-

113 4658 344 4742 munionem,
372 4674 431 4730 aut
450 4658 660 4749 Spartanam
686 4647 971 4742 exaequationem
988 4645 1101 4715 facul·
1154 4647 1300 4739 niones,
1333 4664 1367 4720 et
1389 4651 1552 4740 gentibus
1574 4652 1758 4743 imponere
1781 4660 1997 4730 ceremonias
2019 4660 2136 4736 ludai-

112 4760 245 4847 tatum,
267 4778 308 4837 ut
332 4761 583 4852 Anabaptistae
607 4757 796 4825 tinxerunt.
855 4745 1100 4820 Certissimum
1153 4773 1209 4819 cas
1230 4755 1470 4831 conabantur,
1496 4777 1536 4821 ac
1557 4754 1801 4843 somniabant,
1834 4755 2020 4847 imperium
2040 4746 2141 4834 Mes'.

113 4878 169 4935 est
192 4866 287 4932 enirn
311 4866 347 4934 in
373 4862 567 4952 Evangelio
590 4883 663 4927 non
687 4851 855 4924 constitui
880 4851 1020 4941 politiae
1043 4874 1103 4918 ex·
1154 4852 1224 4919 siae
1248 4856 1316 4923 talc
1345 4856 1441 4938 fore,
1479 4855 1611 4947 inquo
1646 4856 1767 4945 politia
1792 4855 1931 4928 ludaico
1959 4863 1995 4929 in
2021 4878 2136 4936 totum

114 4980 256 5051 ternas,
294 4970 352 5037 aed
381 4965 570 5057 adprobari
601 4982 719 5030 rerum
751 4954 1035 5035 distinctionem,
1068 4966 1101 5024 ct
1154 4960 1327 5025 mnndum
1350 4957 1577 5048 proferretur.
1643 4954 1691 5026 Hi
1715 4971 1748 5028 et
1772 4959 1923 5028 aliorum
1947 4959 2137 5052 Apostolo-

116 5068 275 5158 legitima
302 5070 472 5159 imperia,
500 5081 538 5137 ut
564 5089 627 5134 suo
654 5062 732 5129 loco
754 5057 930 5147 copiosius
955 5056 1103 5125 dicetur.
1154 5078 1231 5124 rum
1250 5059 1405 5148 exempla
1423 5059 1640 5146 allegabant,
1664 5060 1725 5152 qui
1750 5057 1867 5131 adhuc
1890 5063 1928 5129 in
1950 5060 2078 5138 iudaea
2104 5082 2138 5142 ct

114 5170 188 5242 Sed
208 5170 366 5262 loquitur
380 5167 512 5239 Paulus
526 5170 568 5236 de
584 5162 792 5257 aequalitate
806 5181 879 5227 non
901 5157 1052 5226 dominii
1070 5172 1104 5225 et
1155 5156 1269 5228 vicina
1288 5159 1410 5248 patriis
1427 5160 1556 5230 ritibus
1571 5162 1773 5234 utebantur.

116 5275 369 5365 possessionis,
396 5274 454 5341 sed
478 5292 563 5340 rasus
582 5269 620 5336 in
636 5261 958 5333 communicatione
975 5261 1102 5329 volun·
1257 5255 1422 5353 Opponit
1436 5276 1552 5333 autem
1570 5260 1701 5350 Paulus
1721 5285 1796 5331 non
1819 5264 1935 5332 solum
1959 5267 2139 5342 recitatio·

113 5374 208 5448 teria
225 5370 381 5444 hominis
399 5371 543 5443 benefici
561 5390 640 5458 erga
657 5376 814 5455 egentes,
839 5363 935 5434 iuxta
952 5361 1103 5433 dictum:
1153 5383 1234 5433 nem
1264 5386 1411 5435 suornm
1434 5365 1617 5450 laborum,
1651 5364 1713 5433 red
1737 5364 1842 5434 etiam
1859 5366 2059 5441 testimonia
2085 5373 2141 5442 di·

169 5482 350 5549 Maraeu.
380 5481 484 5546 Oen.
516 5476 599 5539 Ver..
618 5471 697 5540 XV.
1371 5462 1422 5535 76
