4530 5776
102 201 182 283 m
702 171 1543 259 auruncuscnurarxuoarrca,

104 368 347 449 remissionem
370 372 611 454 peccatorum,
638 365 680 426 nt
697 352 805 425 simul
828 349 895 424 hac
911 351 1002 436 lide,
1024 371 1095 445 qua
1116 354 1125 381 '
1146 374 1227 422 cum
1249 373 1320 444 qua
1341 348 1427 420 fider
1449 361 1519 438 est,
1559 371 1629 444 qua
1652 347 1760 421 simul
1776 372 1841 442 per
1852 344 2042 424 Christum

106 474 279 567 accipitur
298 463 479 542 remissio,
513 459 680 529 incolitur
710 456 804 543 vita,
838 469 873 527 et
896 453 944 526 sit
967 451 1096 524 victrix
1148 464 1327 523 tentamur
1353 464 1387 522 et
1415 449 1647 521 vivificamur·
1701 447 1769 524 Est
1797 467 1914 524 autem
1945 455 2051 525 virilu

109 574 243 673 peccati
268 583 304 640 et
327 581 505 638 terrorum
527 559 661 630 mortis.
1034 586 1038 591 ’
1147 555 1256 625 altera
1289 575 1370 645 pars
1402 554 1664 635 conversionis,
1692 554 1827 625 scilieet
1852 555 1963 641 fides,
1997 558 2047 628 de

213 672 312 745 Haec
330 665 478 737 victoria
500 675 552 734 est
572 660 715 732 initium
732 655 992 729 conformitatis
1015 676 1097 725 cum
1147 656 1294 727 dicitnr:
1324 652 1440 725 Iustus
1463 652 1532 724 fide
1547 676 1610 726 sua
1626 655 1730 726 viset.
1781 652 1873 727 Nam
1900 657 1937 726 in
1961 653 2031 729 hae

111 774 373 853 resurrectione
395 762 542 839 Christi.
591 759 656 833 Est
685 775 801 832 autem
833 752 919 829 haec
949 754 1099 826 victoris
1147 757 1321 830 solatione
1341 755 1515 827 filiusDei
1538 755 1692 828 vivificat
1712 781 1791 842 cor,
1827 771 1862 830 et
1884 760 1945 830 dat
1961 759 2051 852 Spir

111 885 182 953 hoc
197 881 315 973 ipsum
331 875 370 943 in
386 869 509 953 nobis,
532 865 628 959 quod
652 876 799 933 vocatur
820 860 961 930 novitas
982 856 1099 950 Spiri-
1148 872 1323 944 sanctum,
1336 857 1399 951 qui
1416 859 1575 929 accendit
1590 881 1704 929 novos
1718 875 1836 930 motus
1852 861 1889 929 in
1907 863 2051 947 corde‚i

113 997 191 1065 tus,
224 993 258 1050 et
279 999 353 1047 non
375 984 428 1042 est
448 982 588 1043 tantum
611 963 776 1053 cogitatio
797 958 974 1043 humana,
1009 959 1101 1030 sicut
1151 961 1305 1032 dictum:
1334 959 1527 1052 decepistis
1554 960 1719 1051 spiritum
1743 963 1948 1053 adoptionis
1980 964 2052 1037 felic

115 1080 301 1173 diligentia
324 1073 468 1165 regendi
492 1067 718 1157 disciplinam
742 1065 781 1134 in
807 1061 1008 1154 Pomponio
1033 1058 1101 1133 At·
1149 1064 1359 1133 clamantem
1378 1062 1483 1131 Abba
1507 1059 1622 1137 Pater.
1677 1061 1784 1135 ltem:
1815 1062 2052 1139 Effundamt

115 1188 205 1259 tico:
241 1181 304 1251 sed
337 1178 413 1269 ipse
440 1173 536 1243 filins
563 1166 631 1240 Dei
660 1181 711 1238 est
740 1165 956 1258 efficaxper
980 1183 1101 1234 vocem
1151 1168 1297 1236 domum
1322 1163 1441 1235 David
1471 1163 1636 1253 spiritum
1667 1166 1800 1255 gratiam
1822 1181 1855 1237 et
1878 1189 2047 1256 precum.-

117 1281 305 1373 Evaugelii
327 1279 365 1347 in
389 1275 559 1347 cordibus
587 1269 826 1360 credentium,
866 1278 901 1337 et
930 1266 1014 1336 facit
1043 1285 1102 1334 eos
1151 1281 1268 1339 motus
1284 1265 1454 1336 dicuntur
1468 1278 1501 1335 et
1518 1280 1601 1337 sunt
1619 1291 1710 1337 nova
1726 1268 1942 1343 ohedientia.

117 1410 200 1460 snae
217 1378 465 1455 resurrectioni
483 1372 701 1471 conformes,
725 1393 806 1441 cum
822 1368 978 1439 vivificat
994 1389 1053 1438 eos
1068 1378 1104 1435 et
1255 1366 1350 1437 Haec
1376 1366 1518 1439 collatio
1540 1368 1795 1442 vocabulorum
1819 1370 2052 1461 poenitentias

118 1480 266 1561 retrahit
287 1507 327 1554 es
344 1479 530 1551 doloribus
551 1474 768 1555 inferorum,
793 1469 956 1542 acsimul
972 1470 1033 1539 dat
1054 1466 1105 1536 eis
1152 1469 1395 1542 conversionis
1422 1482 1472 1559 est
1504 1469 1603 1539 utilis
1634 1472 1769 1563 populo
1797 1486 1920 1545 contra
1953 1473 2052 1545 anah

118 1589 292 1682 Spiritum
317 1595 497 1664 sanetum,
522 1576 585 1673 qui
605 1573 765 1647 accendit
786 1595 899 1643 novos
923 1585 1042 1643 motus
1065 1568 1104 1636 in
1152 1573 1238 1642 stica
1261 1583 1296 1640 et
1314 1558 1448 1640 similia
1471 1571 1718 1647 deliramenta.
1776 1570 1825 1645 Et
1855 1573 2052 1666 sempersl

117 1694 170 1765 eis
192 1698 426 1777 congruentes
456 1704 536 1752 cum
558 1675 656 1762 Deo,
697 1675 835 1759 idest,
872 1672 1042 1745 laetitiam
1071 1683 1106 1740 et
1154 1685 1341 1764 conspectu
1358 1696 1464 1758 vera,
1488 1672 1637 1765 simplex
1654 1687 1690 1745 et
1711 1676 1897 1768 perspicua
1911 1676 2053 1746 doctrin

120 1814 277 1865 amorem
307 1810 387 1877 erga
418 1779 546 1853 Deum.
601 1778 654 1850 lta
682 1776 839 1848 vincitur
860 1787 1040 1866 peccatum
1066 1772 1105 1841 iu
1155 1774 1394 1868 poenitentia,
1429 1797 1491 1844 seu
1515 1776 1768 1863 conversione,
1809 1792 1843 1848 et
1874 1791 2053 1850 exercente

120 1891 227 1965 nobis
241 1913 305 1983 per
315 1888 429 1957 hlium
447 1879 536 1964 Dei,
562 1893 654 1954 utet
674 1880 749 1972 ipse
773 1878 908 1972 inquit:
933 1871 1010 1966 llgo
1028 1897 1107 1944 sum
1154 1876 1363 1972 quotidiana
1380 1872 1622 1962 invocalione,
1648 1879 1740 1949 sicut
1755 1882 1884 1951 docent
1898 1878 2048 1949 Psalmi:

121 1995 223 2079 vitis,
247 2015 310 2062 vos
322 1988 501 2082 palmites,
526 1983 590 2078 qui
608 1995 725 2053 manet
740 1981 779 2050 iu
795 2002 852 2051 me
866 1991 901 2050 et
914 2000 978 2066 ego
997 1977 1035 2046 in
1051 1999 1108 2064 eo,
1156 1979 1503 2049 mineneinfurore
1526 1992 1586 2049 tuo
1610 2002 1736 2068 arguas
1754 2005 1821 2056 me.
1874 1979 2049 2053 Miserere

121 2098 211 2168 feret
231 2096 387 2165 fructum
411 2088 583 2166 multum,
617 2084 699 2177 quia
721 2082 798 2153 siue
815 2105 871 2151 me
892 2075 986 2151 nihil
1008 2091 1109 2170 pote-
1157 2076 1264 2153 Deus.
1316 2075 1363 2149 Et
1386 2081 1430 2149 de
1449 2081 1655 2172 profundis:
1682 2082 1794 2176 quiet
1809 2084 1854 2152 de
1872 2083 2053 2156 mortificat

122 2201 185 2272 stis
201 2199 314 2269 facere
330 2208 395 2265 etc.
445 2191 482 2260 2.
499 2183 663 2258 Corinth.
680 2181 755 2258 ta:
783 2180 907 2254 Gratia
924 2177 1021 2265 Deo,
1046 2177 1109 2273 qul
1159 2183 1257 2254 etde
1281 2181 1517 2253 vivificatione
1539 2182 1758 2278 loquuntur,
1799 2189 1843 2256 de
1867 2185 2053 2280 quibust!

123 2304 185 2371 dat
202 2297 307 2367 nobis
321 2291 506 2365 victoriam
524 2312 587 2380 per
606 2285 802 2358 Dominum
818 2297 979 2356 nostrum
992 2280 1108 2355 lesum
1159 2283 1291 2357 Paulus
1318 2284 1488 2376 loquitur.

124 2397 320 2473 Christum.
1260 2382 1369 2457 flecte
1384 2385 1627 2476 intelligantur
1647 2401 1682 2458 et
1704 2382 1865 2480 phrases:
1903 2384 2054 2462 Vetush

227 2497 327 2568 ldem
354 2493 503 2576 dicitnr,
536 2513 616 2561 cum
646 2489 692 2557 ab
723 2489 803 2558 aliis
826 2487 978 2571 dicitur,
1016 2507 1110 2555 nova
1161 2500 1195 2558 et
1218 2510 1333 2557 novus
1355 2480 1486 2578 homo,
1513 2485 1604 2561 Caro
1625 2502 1660 2560 et
1681 2488 1848 2582 Spiritus.
1898 2487 2054 2565 Vetush

126 2598 328 2676 obedientia
352 2610 404 2667 est
425 2595 580 2666 retinere
601 2603 704 2661 antea
735 2592 903 2660 donatam
932 2587 1110 2658 remissio·
1160 2589 1330 2681 significat
1351 2612 1425 2657 non
1450 2602 1587 2660 tantum
1608 2605 1744 2683 partem
1767 2587 1941 2678 hominis,
1966 2618 2054 2666 seua

127 2728 210 2775 nem
235 2715 269 2773 et
291 2697 635 2777 reconciliationem,
682 2689 856 2783 Spiritum
887 2703 1048 2762 sanctum
1077 2702 1113 2760 et
1162 2690 1397 2782 appetitiones
1419 2713 1606 2776 sensuum,
1632 2692 1694 2763 sed
1719 2693 1825 2765 etiar'n
1840 2694 2016 2767 rationem
2030 2716 2054 2768 et

128 2809 244 2877 fidem.
298 2799 348 2871 Ac
372 2812 445 2870 tota
471 2821 527 2867 res
553 2795 592 2864 fit
615 2796 818 2886 perspicua,
858 2793 889 2863 si
911 2792 1112 2863 conferatur
1161 2795 1352 2864 luntatem:
1392 2816 1457 2863 nec
1478 2792 1594 2866 solum
1617 2795 1850 2886 appetitiones
1880 2819 2046 2871 sensuum

130 2904 200 2978 huc
223 2903 384 2974 doctrina
407 2902 452 2970 de
479 2896 697 2991 poenitentia
719 2918 780 2965 sen
800 2894 1052 2979 conversione,
1080 2905 1114 2964 ct
1136 2922 1139 2967 ι
1162 2908 1273 2988 gnant
1293 2917 1373 2964 cum
1397 2894 1472 2985 lege
1493 2892 1581 2982 Dei,
1620 2899 1680 2967 scd
1708 2897 1814 2968 etiam
1844 2897 1882 2967 in
1915 2902 2053 2971 ratione

130 3018 181 3080 es't
202 3007 290 3078 utile
306 3006 345 3073 in
363 3002 536 3073 doctrinis
559 2999 702 3089 videre,
726 2996 790 3069 ubi
814 3018 870 3067 res
895 2998 1036 3067 eaedem
1056 2993 1114 3064 di·
1163 3011 1261 3090 parte
1283 2998 1457 3085 cogitante
1479 3011 1564 3067 sunt
1587 2998 1763 3087 ignoratio
1786 2997 1873 3084 Dei,
1904 3003 2055 3075 dubitati

129 3104 239 3181 {narsis
260 3104 443 3176 vocabulis
466 3101 716 3186 nominentur,
753 3122 800 3168 ne
823 3098 957 3169 incauti
979 3117 1035 3167 res
1055 3095 1114 3165 di·
1163 3102 1207 3170 de
1233 3099 1471 3190 providentia,
1504 3099 1679 3189 ignoratio
1700 3099 1874 3192 Messiae,
1900 3117 1936 3175 et
1960 3106 2054 3178 multi

130 3234 248 3281 versas
266 3209 436 3298 cogitent:
464 3201 841 3292 sicutAnabaptistae,
857 3197 1116 3269 'eumaudiunt
1163 3200 1285 3292 caligo.
1342 3198 1481 3270 Deinde
1500 3200 1539 3270 in
1565 3201 1747 3274 voluntate
1774 3218 1827 3275 ert
1850 3206 2034 3278 aversio,

132 3309 217 3382 haec
231 3309 424 3392 vocabula,
448 3305 756 3376 mortificationem
778 3314 813 3372 et
830 3300 1115 3378 vivificationem,
1165 3300 1340 3372 Voluntas
1355 3303 1497 3374 estsine
1512 3303 1639 3373 timore
1656 3299 1744 3391 Dei,
1759 3305 1836 3375 sine
1851 3330 1992 3393 arnore,
2006 3310 2053 3381 fid

130 3415 269 3503 lingunt
285 3434 341 3480 res
353 3410 540 3479 dieersasa
558 3405 775 3496 poenitentia
790 3426 851 3474 seu
865 3401 1114 3473 conversione:
1165 3427 1244 3496 ape,
1258 3404 1334 3472 sine
1350 3402 1482 3474 laetitia
1499 3404 1537 3474 in
1551 3401 1646 3490 Deo,
1671 3419 1783 3488 amat,
1808 3408 1885 3479 odit
1899 3425 2023 3481 contra
2040 3437 2055 3481 r

131 3528 251 3609 postea
284 3509 603 3582 comminiscuntur
631 3504 937 3576 mortificationem
970 3526 1047 3573 esse
1068 3501 1117 3570 si·
1138 3452 1142 3569 l
1165 3509 1245 3576 data
1264 3505 1346 3576 Dei:
1365 3498 1451 3583 haec
1466 3505 1550 3577 vitia
1569 3508 1706 3577 suntin
1722 3508 1903 3598 superiore
1919 3527 2032 3602 parte,

79 3694 82 3699 ,
132 3616 285 3686 mulatos
311 3625 428 3704 gestus
457 3606 688 3691 humilitatis,
733 3618 950 3678 contemtum
978 3602 1118 3674 ordinis
1139 3586 1143 3641 ¹
1164 3605 1298 3679 Paulus
1321 3607 1522 3677 describens
1544 3602 1726 3679 hominem
1756 3611 1833 3682 sine
1856 3610 1995 3704 Spiritu
2025 3640 2055 3688 ss

133 3716 297 3811 politici,
355 3711 537 3802 coniugii,
589 3733 708 3781 rerum
749 3707 1118 3789 communicationem,
1170 3713 1200 3782 1.
1215 3704 1377 3779 Corinth
1395 3709 1432 3781 2.
1455 3710 1589 3803 inquit:
1625 3707 1800 3784 Animalia
1815 3708 1923 3785 homo
1941 3740 2056 3810 nonp

134 3813 340 3916 ἀστοργίαν
373 3829 437 3890 etc.
490 3808 629 3883 Deinde
667 3810 941 3880 vivificationem
978 3808 1119 3899 lingunt
1167 3811 1220 3902 pit
1236 3833 1295 3892 ea,
1321 3824 1511 3903 quaesunt
1526 3811 1672 3903 spiritus
1690 3813 1767 3886 Dei.
1817 3813 1870 3885 Ac
1888 3815 2055 3891 totumla

134 3944 216 3994 suas
231 3919 401 4012 quasdam
422 3914 705 3986 illuminationes
717 3927 751 3983 et
767 3904 964 3991 ἐκστάσεις.
1166 3935 1248 3982 nem
1278 3936 1352 3981 non
1385 3926 1548 3984 renatum
1577 3916 1687 3984 verbo
1712 3930 1747 3987 et
1777 3908 1932 4009 spiritu,
1984 3946 2056 3993 non

234 4018 290 4092 De
313 4014 369 4091 his
386 4017 543 4088 fanaticis
568 4014 879 4108 imaginationibus
896 4011 1027 4084 Paulus
1044 4009 1119 4100 ipse
1166 4009 1329 4109 ψυχικὸν
1333 4065 1346 4100 ,
1370 4014 1463 4087 sicut
1479 4015 1566 4087 alibi
1580 4029 1703 4088 ,rogum
1724 4013 1820 4091 hun,
1836 4014 2021 4093 hommem
2034 4049 2056 4094 n

135 4135 340 4218 praemonet
367 4116 556 4199 homines,
596 4131 637 4188 ut
663 4118 855 4207 prudenter
876 4114 1034 4184 iudicent
1055 4112 1118 4182 illa
1167 4129 1230 4188 nat
1248 4113 1414 4190 Carnem,

135 4225 284 4319 grandia
308 4225 414 4293 verba
431 4235 463 4292 et
480 4219 740 4290 simulationem
759 4216 974 4301 sanctitatis,
996 4238 1042 4283 ne
1056 4216 1118 4283 de·
1268 4215 1390 4288 Novus
1407 4211 1514 4286 homo
1531 4218 1681 4307 dicitur,
1707 4235 1878 4315 quatenns
1894 4219 2003 4298 haber
2021 4253 2056 4301 ῃ(

135 4328 325 4419 cipiantur.
375 4321 449 4394 Nos
473 4322 654 4413 loquimur
679 4322 723 4389 de
746 4321 851 4388 rebus
872 4318 967 4387 notis
987 4315 1026 4385 iu
1048 4312 1119 4386 Ec·
1167 4321 1302 4404 lucem,
1335 4343 1375 4389 ac
1398 4342 1511 4389 noros
1537 4335 1654 4391 motus
1673 4346 1837 4395 accensos
1860 4351 1923 4418 per
1946 4331 2057 4402 verbu

136 4429 242 4500 cletis
268 4441 303 4499 et
330 4426 368 4495 in
390 4424 563 4495 exercitiis
581 4422 734 4512 piorum.
783 4417 861 4490 Hoc
878 4420 975 4514 quod
992 4417 1119 4489 usitate
1168 4420 1341 4514 Spiritum
1375 4434 1564 4506 sanctum,
1625 4425 1789 4498 videlicet
1833 4429 2053 4518 agnitionem

135 4529 345 4601 nominatur
361 4526 548 4604 contritio,
574 4525 609 4592 id
626 4520 685 4592 hic
700 4524 907 4594 nominatur
921 4517 1118 4591 Mortifica·
1141 4540 1145 4577 ι
1168 4537 1202 4594 et
1224 4518 1372 4592 Domini
1401 4522 1513 4593 nostri
1539 4521 1618 4596 lesu
1638 4522 1792 4610 Christi,
1833 4554 1953 4601 veram
1985 4536 2054 4607 tide

137 4631 206 4716 tio,
231 4629 449 4719 etsignificat
466 4649 568 4696 veros
582 4647 729 4717 pavores
745 4639 778 4695 et
792 4626 933 4695 dolores
954 4622 993 4691 in
1013 4621 1119 4693 corde
1168 4624 1332 4696 fiduciam
1356 4625 1395 4694 in
1419 4620 1621 4712 Christum,
1652 4628 1815 4700 timorem
1836 4628 1921 4716 Dei,
1952 4634 2057 4710 invoa

138 4745 349 4823 agnoscente
364 4730 453 4797 iram
472 4727 539 4801 Dei
555 4729 723 4796 adversus
745 4742 904 4819 peccata,
929 4723 1118 4817 dequibus
1169 4750 1269 4812 nem,
1311 4726 1558 4813 dilectionem,
1597 4729 1766 4801 laetitiam
1798 4735 2057 4826 acquiescentes

137 4832 324 4906 doloribus
337 4830 548 4901 dictumest:
575 4828 675 4900 Sicut
689 4829 743 4897 leo
758 4829 925 4899 contrivit
939 4849 1017 4896 ossa
1031 4847 1119 4898 mea.
1169 4825 1265 4915 Deo,
1305 4852 1401 4920 spem
1422 4842 1457 4901 et
1485 4829 1575 4900 alios
1597 4846 1715 4903 motus
1736 4830 1893 4923 Spiritus
1918 4844 2045 4920 sancti,

136 4931 187 5008 Et
201 4936 241 5006 in
256 4932 320 5005 tali
340 4930 610 5002 mortificatione
633 4944 740 4999 ruunt
766 4926 928 5002 homines
949 4929 989 4998 iu
1006 4939 1120 4998 aeter·
1168 4925 1234 5002 hac
1248 4931 1404 5002 novitate
1417 4930 1578 5025 loquitur
1591 4930 1723 5006 Paulus
1736 4939 1772 5008 2.
1782 4933 1948 5014 Corinth.
1964 4945 2021 5014 ις
2045 4943 2057 5019 l

136 5060 224 5110 uum
247 5034 413 5123 exitium,
446 5032 536 5104 sicut
559 5029 646 5103 Saul
668 5045 702 5102 et
731 5030 854 5120 ludas,
880 5031 1023 5127 quando
1043 5051 1119 5101 non
1167 5026 1296 5104 ietecta
1318 5032 1407 5125 facie
1430 5033 1579 5123 gloriam
1602 5031 1750 5106 Domini
1772 5038 1970 5129 intuentes,
2005 5047 2042 5119 iu

111 5148 113 5153 ’
134 5138 268 5233 accedit
295 5136 392 5221 fidet·
1168 5135 1248 5205 dem
1268 5135 1459 5225 imaginem
1475 5137 1769 5209 transformamur
1784 5165 1804 5208 a
1820 5140 1958 5232 fulgore
1973 5146 2011 5219 in
2032 5149 2057 5222 li

234 5237 414 5333 Loquitur
443 5247 560 5306 autern
593 5232 726 5305 Paulus
758 5235 802 5304 de
833 5230 1119 5319 mortificatione,
1168 5260 1263 5322 rem,
1298 5250 1466 5332 tanquam
1490 5260 1510 5307 a
1534 5236 1683 5309 Domini
1705 5241 1853 5328 spiritu,
1895 5244 2029 5337 idest,

134 5364 204 5439 qua
228 5339 336 5413 morti
357 5332 492 5413 Christi
508 5338 721 5412 conformes
750 5358 891 5424 sumus,
933 5335 1119 5424 videlicet,
1167 5337 1425 5410 liderernimus
1440 5337 1615 5430 fulgorem
1629 5340 1801 5430 Domini,
1826 5344 2012 5441 videlieet,
2030 5353 2057 5449 ip
