<?xml version="1.0" encoding="UTF-8"?>
<!DOCTYPE html PUBLIC "-//W3C//DTD XHTML 1.0 Transitional//EN"
    "http://www.w3.org/TR/xhtml1/DTD/xhtml1-transitional.dtd">
<html xmlns="http://www.w3.org/1999/xhtml" xml:lang="en" lang="en">
 <head>
  <title>
</title>
<meta http-equiv="Content-Type" content="text/html;charset=utf-8" />
  <meta name='ocr-system' content='tesseract 3.04.00' />
  <meta name='ocr-capabilities' content='ocr_page ocr_carea ocr_par ocr_line ocrx_word'/>
</head>
<body>
  <div class='ocr_page' id='page_1' title='image "./corpusreformato01melagoog/corpusreformato01melagoog_0055.png"; bbox 0 0 4522 5782; ppageno 0'>
   <div class='ocr_carea' id='block_1_1' title="bbox 158 137 2215 307">
    <p class='ocr_par' dir='ltr' id='par_1_1' title="bbox 158 137 2215 307">
     <span class='ocr_line' id='line_1_1' title="bbox 158 137 2215 307; baseline -0.001 -28"><span class='ocrx_word' id='word_1_1' title='bbox 158 137 223 279; x_wconf 78' lang='lat' dir='ltr'>es</span> <span class='ocrx_word' id='word_1_2' title='bbox 568 244 572 251; x_wconf 85' lang='lat'>-</span> <span class='ocrx_word' id='word_1_3' title='bbox 672 230 675 235; x_wconf 93' lang='lat'><em>-</em></span> <span class='ocrx_word' id='word_1_4' title='bbox 747 200 875 307; x_wconf 81' lang='lat' dir='ltr'>eutr..</span> <span class='ocrx_word' id='word_1_5' title='bbox 909 200 1027 278; x_wconf 75' lang='lat' dir='ltr'>uua.</span> <span class='ocrx_word' id='word_1_6' title='bbox 1064 200 1276 279; x_wconf 74' lang='lat' dir='ltr'>scatere</span> <span class='ocrx_word' id='word_1_7' title='bbox 1310 164 1613 277; x_wconf 74' lang='lat' dir='ltr'>exuamus.</span> <span class='ocrx_word' id='word_1_8' title='bbox 2159 184 2215 277; x_wconf 77' lang='lat' dir='ltr'>ts</span> 
     </span>
    </p>
   </div>
   <div class='ocr_carea' id='block_1_2' title="bbox 144 368 2209 675">
    <p class='ocr_par' dir='ltr' id='par_1_2' title="bbox 144 368 2209 675">
     <span class='ocr_line' id='line_1_2' title="bbox 157 368 2209 473; baseline -0.002 -22"><span class='ocrx_word' id='word_1_9' title='bbox 157 379 426 473; x_wconf 81' lang='lat' dir='ltr'>consequimur,</span> <span class='ocrx_word' id='word_1_10' title='bbox 451 376 559 469; x_wconf 88' lang='lat' dir='ltr'>iusti,</span> <span class='ocrx_word' id='word_1_11' title='bbox 584 372 652 447; x_wconf 90' lang='lat' dir='ltr'>hoc</span> <span class='ocrx_word' id='word_1_12' title='bbox 675 391 743 462; x_wconf 91' lang='lat' dir='ltr'>est,</span> <span class='ocrx_word' id='word_1_13' title='bbox 770 379 903 469; x_wconf 89' lang='lat' dir='ltr'>accepti</span> <span class='ocrx_word' id='word_1_14' title='bbox 921 379 997 449; x_wconf 88' lang='lat' dir='ltr'>Deo</span> <span class='ocrx_word' id='word_1_15' title='bbox 1013 393 1156 468; x_wconf 87' lang='lat' dir='ltr'>reputa·</span> <span class='ocrx_word' id='word_1_16' title='bbox 1212 404 1347 473; x_wconf 89' lang='lat' dir='ltr'>poenae</span> <span class='ocrx_word' id='word_1_17' title='bbox 1362 403 1484 448; x_wconf 88' lang='lat' dir='ltr'>omnes</span> <span class='ocrx_word' id='word_1_18' title='bbox 1500 378 1685 448; x_wconf 83' lang='lat' dir='ltr'>inferiores</span> <span class='ocrx_word' id='word_1_19' title='bbox 1700 390 1783 448; x_wconf 89' lang='lat' dir='ltr'>sunt</span> <span class='ocrx_word' id='word_1_20' title='bbox 1807 376 2000 448; x_wconf 84' lang='lat' dir='ltr'>morte-filii</span> <span class='ocrx_word' id='word_1_21' title='bbox 2016 368 2098 452; x_wconf 80' lang='lat' dir='ltr'>Det.</span> <span class='ocrx_word' id='word_1_22' title='bbox 2135 374 2209 447; x_wconf 83' lang='lat' dir='ltr'>Ne-</span> 
     </span>
     <span class='ocr_line' id='line_1_3' title="bbox 144 476 2209 573; baseline -0.003 -19"><span class='ocrx_word' id='word_1_23' title='bbox 144 491 260 568; x_wconf 74' lang='lat' dir='ltr'>&#39;mur‚</span> <span class='ocrx_word' id='word_1_24' title='bbox 289 497 321 552; x_wconf 90' lang='lat' dir='ltr'>et</span> <span class='ocrx_word' id='word_1_25' title='bbox 343 483 581 565; x_wconf 85' lang='lat' dir='ltr'>vivificamur,</span> <span class='ocrx_word' id='word_1_26' title='bbox 608 476 676 549; x_wconf 92' lang='lat' dir='ltr'>hoc</span> <span class='ocrx_word' id='word_1_27' title='bbox 703 494 772 567; x_wconf 91' lang='lat' dir='ltr'>est,</span> <span class='ocrx_word' id='word_1_28' title='bbox 808 506 901 551; x_wconf 90' lang='lat' dir='ltr'>nova</span> <span class='ocrx_word' id='word_1_29' title='bbox 926 483 997 550; x_wconf 85' lang='lat' dir='ltr'>vita</span> <span class='ocrx_word' id='word_1_30' title='bbox 1024 496 1058 552; x_wconf 89' lang='lat' dir='ltr'>et</span> <span class='ocrx_word' id='word_1_31' title='bbox 1080 482 1160 552; x_wconf 89' lang='lat' dir='ltr'>luce</span> <span class='ocrx_word' id='word_1_32' title='bbox 1212 506 1304 552; x_wconf 89' lang='lat' dir='ltr'>cesse</span> <span class='ocrx_word' id='word_1_33' title='bbox 1320 497 1373 552; x_wconf 88' lang='lat' dir='ltr'>est</span> <span class='ocrx_word' id='word_1_34' title='bbox 1389 482 1497 570; x_wconf 88' lang='lat' dir='ltr'>igitur</span> <span class='ocrx_word' id='word_1_35' title='bbox 1512 506 1630 550; x_wconf 87' lang='lat' dir='ltr'>veram</span> <span class='ocrx_word' id='word_1_36' title='bbox 1650 495 1685 552; x_wconf 89' lang='lat' dir='ltr'>et</span> <span class='ocrx_word' id='word_1_37' title='bbox 1700 483 1880 572; x_wconf 87' lang='lat' dir='ltr'>ingentem</span> <span class='ocrx_word' id='word_1_38' title='bbox 1895 481 1985 550; x_wconf 83' lang='lat' dir='ltr'>iram</span> <span class='ocrx_word' id='word_1_39' title='bbox 2003 502 2090 563; x_wconf 86' lang='lat' dir='ltr'>esse,</span> <span class='ocrx_word' id='word_1_40' title='bbox 2119 503 2209 573; x_wconf 86' lang='lat' dir='ltr'>quae</span> 
     </span>
     <span class='ocr_line' id='line_1_4' title="bbox 161 581 1159 675; baseline -0.002 -19"><span class='ocrx_word' id='word_1_41' title='bbox 161 588 368 669; x_wconf 81' lang='lat' dir='ltr'>induimur,</span> <span class='ocrx_word' id='word_1_42' title='bbox 401 608 491 675; x_wconf 88' lang='lat' dir='ltr'>quae</span> <span class='ocrx_word' id='word_1_43' title='bbox 517 597 568 653; x_wconf 91' lang='lat' dir='ltr'>est</span> <span class='ocrx_word' id='word_1_44' title='bbox 589 583 743 652; x_wconf 87' lang='lat' dir='ltr'>incoatio</span> <span class='ocrx_word' id='word_1_45' title='bbox 768 584 859 652; x_wconf 85' lang='lat' dir='ltr'>vitae</span> <span class='ocrx_word' id='word_1_46' title='bbox 883 597 1056 654; x_wconf 78' lang='lat' dir='ltr'>aeternae.</span> <span class='ocrx_word' id='word_1_47' title='bbox 1113 581 1159 654; x_wconf 82' lang='lat' dir='ltr'>Et</span> 
     </span>
    </p>
   </div>
   <div class='ocr_carea' id='block_1_3' title="bbox 95 684 1168 2003">
    <p class='ocr_par' dir='ltr' id='par_1_3' title="bbox 95 684 1168 2003">
     <span class='ocr_line' id='line_1_5' title="bbox 163 684 1160 782; baseline -0.001 -25"><span class='ocrx_word' id='word_1_48' title='bbox 163 685 271 758; x_wconf 89' lang='lat' dir='ltr'>Zach.</span> <span class='ocrx_word' id='word_1_49' title='bbox 290 690 364 756; x_wconf 59' lang='lat'>12:</span> <span class='ocrx_word' id='word_1_50' title='bbox 403 684 596 755; x_wconf 80' lang='lat' dir='ltr'>Effundam</span> <span class='ocrx_word' id='word_1_51' title='bbox 614 708 720 782; x_wconf 89' lang='lat' dir='ltr'>super</span> <span class='ocrx_word' id='word_1_52' title='bbox 739 688 884 754; x_wconf 88' lang='lat' dir='ltr'>domum</span> <span class='ocrx_word' id='word_1_53' title='bbox 901 685 1015 755; x_wconf 86' lang='lat' dir='ltr'>David</span> <span class='ocrx_word' id='word_1_54' title='bbox 1044 702 1078 758; x_wconf 88' lang='lat' dir='ltr'>et</span> <span class='ocrx_word' id='word_1_55' title='bbox 1101 711 1160 756; x_wconf 89' lang='lat' dir='ltr'>su-</span> 
     </span>
     <span class='ocr_line' id='line_1_6' title="bbox 167 784 1161 881; baseline -0.002 -22"><span class='ocrx_word' id='word_1_56' title='bbox 167 814 229 881; x_wconf 88' lang='lat' dir='ltr'>per</span> <span class='ocrx_word' id='word_1_57' title='bbox 263 784 497 859; x_wconf 68' lang='lat' dir='ltr'>habitatorem</span> <span class='ocrx_word' id='word_1_58' title='bbox 526 786 634 857; x_wconf 79' lang='lat' dir='ltr'>lsraiil</span> <span class='ocrx_word' id='word_1_59' title='bbox 665 789 830 878; x_wconf 91' lang='lat' dir='ltr'>spiritum</span> <span class='ocrx_word' id='word_1_60' title='bbox 858 789 989 877; x_wconf 90' lang='lat' dir='ltr'>gratiae</span> <span class='ocrx_word' id='word_1_61' title='bbox 1021 803 1056 859; x_wconf 88' lang='lat' dir='ltr'>et</span> <span class='ocrx_word' id='word_1_62' title='bbox 1080 814 1161 880; x_wconf 91' lang='lat' dir='ltr'>pre-</span> 
     </span>
     <span class='ocr_line' id='line_1_7' title="bbox 141 886 1162 978; baseline -0.005 -16"><span class='ocrx_word' id='word_1_63' title='bbox 141 932 144 937; x_wconf 95' lang='lat'>·</span> <span class='ocrx_word' id='word_1_64' title='bbox 168 918 261 965; x_wconf 87' lang='lat' dir='ltr'>cum.</span> <span class='ocrx_word' id='word_1_65' title='bbox 311 887 377 961; x_wconf 80' lang='lat' dir='ltr'>Est</span> <span class='ocrx_word' id='word_1_66' title='bbox 391 905 424 960; x_wconf 89' lang='lat' dir='ltr'>et</span> <span class='ocrx_word' id='word_1_67' title='bbox 441 886 526 959; x_wconf 87' lang='lat' dir='ltr'>haec</span> <span class='ocrx_word' id='word_1_68' title='bbox 540 891 718 962; x_wconf 92' lang='lat' dir='ltr'>luculenta</span> <span class='ocrx_word' id='word_1_69' title='bbox 737 890 926 978; x_wconf 78' lang='lat' dir='ltr'>descriptio</span> <span class='ocrx_word' id='word_1_70' title='bbox 953 893 1162 960; x_wconf 90' lang='lat' dir='ltr'>reconcilia-</span> 
     </span>
     <span class='ocr_line' id='line_1_8' title="bbox 168 992 1163 1084; baseline -0.003 -18"><span class='ocrx_word' id='word_1_71' title='bbox 168 995 278 1066; x_wconf 80' lang='lat' dir='ltr'>tionis</span> <span class='ocrx_word' id='word_1_72' title='bbox 294 1009 326 1062; x_wconf 86' lang='lat' dir='ltr'>et</span> <span class='ocrx_word' id='word_1_73' title='bbox 343 993 629 1082; x_wconf 79' lang='lat' dir='ltr'>regenerationis.</span> <span class='ocrx_word' id='word_1_74' title='bbox 682 992 837 1084; x_wconf 85' lang='lat' dir='ltr'>Spiritus</span> <span class='ocrx_word' id='word_1_75' title='bbox 853 993 1004 1079; x_wconf 87' lang='lat' dir='ltr'>gratiae,</span> <span class='ocrx_word' id='word_1_76' title='bbox 1036 997 1072 1061; x_wconf 89' lang='lat' dir='ltr'>id</span> <span class='ocrx_word' id='word_1_77' title='bbox 1099 1008 1163 1077; x_wconf 91' lang='lat' dir='ltr'>est,</span> 
     </span>
     <span class='ocr_line' id='line_1_9' title="bbox 95 1094 1162 1191; baseline -0.005 -25"><span class='ocrx_word' id='word_1_78' title='bbox 95 1131 96 1134; x_wconf 41' lang='lat'>¹</span> <span class='ocrx_word' id='word_1_79' title='bbox 170 1098 230 1191; x_wconf 86' lang='lat' dir='ltr'>qui</span> <span class='ocrx_word' id='word_1_80' title='bbox 255 1097 460 1165; x_wconf 84' lang='lat' dir='ltr'>testificatur</span> <span class='ocrx_word' id='word_1_81' title='bbox 489 1096 526 1162; x_wconf 91' lang='lat' dir='ltr'>in</span> <span class='ocrx_word' id='word_1_82' title='bbox 555 1094 677 1175; x_wconf 89' lang='lat' dir='ltr'>nohis,</span> <span class='ocrx_word' id='word_1_83' title='bbox 720 1117 784 1162; x_wconf 90' lang='lat' dir='ltr'>nos</span> <span class='ocrx_word' id='word_1_84' title='bbox 809 1094 883 1163; x_wconf 92' lang='lat' dir='ltr'>Deo</span> <span class='ocrx_word' id='word_1_85' title='bbox 909 1109 1025 1182; x_wconf 88' lang='lat' dir='ltr'>gratos</span> <span class='ocrx_word' id='word_1_86' title='bbox 1050 1111 1083 1166; x_wconf 90' lang='lat' dir='ltr'>et</span> <span class='ocrx_word' id='word_1_87' title='bbox 1105 1121 1162 1164; x_wconf 90' lang='lat' dir='ltr'>ac-</span> 
     </span>
     <span class='ocr_line' id='line_1_10' title="bbox 171 1196 1163 1286; baseline -0.003 -18"><span class='ocrx_word' id='word_1_88' title='bbox 171 1213 288 1286; x_wconf 89' lang='lat' dir='ltr'>ceptos</span> <span class='ocrx_word' id='word_1_89' title='bbox 304 1222 395 1279; x_wconf 91' lang='lat' dir='ltr'>esse,</span> <span class='ocrx_word' id='word_1_90' title='bbox 422 1201 457 1266; x_wconf 90' lang='lat' dir='ltr'>id</span> <span class='ocrx_word' id='word_1_91' title='bbox 482 1198 537 1278; x_wconf 84' lang='lat' dir='ltr'>bt,</span> <span class='ocrx_word' id='word_1_92' title='bbox 564 1222 643 1266; x_wconf 91' lang='lat' dir='ltr'>cum</span> <span class='ocrx_word' id='word_1_93' title='bbox 667 1198 735 1265; x_wconf 87' lang='lat' dir='ltr'>fide</span> <span class='ocrx_word' id='word_1_94' title='bbox 754 1196 941 1283; x_wconf 87' lang='lat' dir='ltr'>erigimur,</span> <span class='ocrx_word' id='word_1_95' title='bbox 977 1222 1015 1265; x_wconf 94' lang='lat' dir='ltr'>ac</span> <span class='ocrx_word' id='word_1_96' title='bbox 1038 1199 1163 1269; x_wconf 90' lang='lat' dir='ltr'>statui-</span> 
     </span>
     <span class='ocr_line' id='line_1_11' title="bbox 172 1295 1164 1390; baseline 0 -22"><span class='ocrx_word' id='word_1_97' title='bbox 172 1324 251 1368; x_wconf 91' lang='lat' dir='ltr'>mus</span> <span class='ocrx_word' id='word_1_98' title='bbox 290 1301 394 1369; x_wconf 91' lang='lat' dir='ltr'>nobis</span> <span class='ocrx_word' id='word_1_99' title='bbox 436 1301 566 1368; x_wconf 79' lang='lat' dir='ltr'>remitti</span> <span class='ocrx_word' id='word_1_100' title='bbox 608 1313 745 1389; x_wconf 92' lang='lat' dir='ltr'>peccata</span> <span class='ocrx_word' id='word_1_101' title='bbox 786 1314 932 1390; x_wconf 88' lang='lat' dir='ltr'>propter</span> <span class='ocrx_word' id='word_1_102' title='bbox 971 1295 1164 1371; x_wconf 86' lang='lat' dir='ltr'>Christum.</span> 
     </span>
     <span class='ocr_line' id='line_1_12' title="bbox 170 1390 1165 1491; baseline -0.002 -20"><span class='ocrx_word' id='word_1_103' title='bbox 170 1400 309 1472; x_wconf 82' lang='lat' dir='ltr'>Deinde</span> <span class='ocrx_word' id='word_1_104' title='bbox 337 1403 454 1491; x_wconf 87' lang='lat' dir='ltr'>agnita</span> <span class='ocrx_word' id='word_1_105' title='bbox 480 1390 720 1469; x_wconf 74' lang='lat' dir='ltr'>misericordia</span> <span class='ocrx_word' id='word_1_106' title='bbox 747 1400 833 1484; x_wconf 89' lang='lat' dir='ltr'>Dei,</span> <span class='ocrx_word' id='word_1_107' title='bbox 866 1401 1054 1491; x_wconf 85' lang='lat' dir='ltr'>incipimus</span> <span class='ocrx_word' id='word_1_108' title='bbox 1084 1425 1165 1473; x_wconf 88' lang='lat' dir='ltr'>eum</span> 
     </span>
     <span class='ocr_line' id='line_1_13' title="bbox 171 1502 1166 1597; baseline 0 -24"><span class='ocrx_word' id='word_1_109' title='bbox 171 1506 357 1585; x_wconf 87' lang='lat' dir='ltr'>invocare,</span> <span class='ocrx_word' id='word_1_110' title='bbox 383 1519 416 1573; x_wconf 87' lang='lat' dir='ltr'>et</span> <span class='ocrx_word' id='word_1_111' title='bbox 434 1527 497 1571; x_wconf 75' lang='lat' dir='ltr'>rress</span> <span class='ocrx_word' id='word_1_112' title='bbox 515 1505 544 1571; x_wconf 91' lang='lat' dir='ltr'>ei</span> <span class='ocrx_word' id='word_1_113' title='bbox 568 1504 757 1587; x_wconf 87' lang='lat' dir='ltr'>subiicere,</span> <span class='ocrx_word' id='word_1_114' title='bbox 784 1505 873 1573; x_wconf 90' lang='lat' dir='ltr'>sicut</span> <span class='ocrx_word' id='word_1_115' title='bbox 888 1502 1019 1573; x_wconf 82' lang='lat' dir='ltr'>Patrlus</span> <span class='ocrx_word' id='word_1_116' title='bbox 1037 1506 1166 1597; x_wconf 85' lang='lat' dir='ltr'>inquit,</span> 
     </span>
     <span class='ocr_line' id='line_1_14' title="bbox 172 1605 1166 1696; baseline -0.004 -19"><span class='ocrx_word' id='word_1_117' title='bbox 172 1606 279 1678; x_wconf 80' lang='lat' dir='ltr'>Rorn.</span> <span class='ocrx_word' id='word_1_118' title='bbox 293 1609 346 1679; x_wconf 81' lang='lat'>8.:</span> <span class='ocrx_word' id='word_1_119' title='bbox 376 1605 570 1694; x_wconf 71' lang='lat' dir='ltr'>decepistis</span> <span class='ocrx_word' id='word_1_120' title='bbox 595 1607 759 1695; x_wconf 89' lang='lat' dir='ltr'>spiritum</span> <span class='ocrx_word' id='word_1_121' title='bbox 779 1607 981 1696; x_wconf 89' lang='lat' dir='ltr'>adoptionis</span> <span class='ocrx_word' id='word_1_122' title='bbox 999 1607 1166 1687; x_wconf 85' lang='lat' dir='ltr'>filiorum,</span> 
     </span>
     <span class='ocr_line' id='line_1_15' title="bbox 172 1705 1167 1801; baseline 0.001 -25"><span class='ocrx_word' id='word_1_123' title='bbox 172 1726 243 1801; x_wconf 88' lang='lat' dir='ltr'>qtro</span> <span class='ocrx_word' id='word_1_124' title='bbox 261 1710 452 1777; x_wconf 84' lang='lat' dir='ltr'>clamamus</span> <span class='ocrx_word' id='word_1_125' title='bbox 468 1709 570 1776; x_wconf 83' lang='lat' dir='ltr'>Ahha</span> <span class='ocrx_word' id='word_1_126' title='bbox 594 1722 703 1797; x_wconf 89' lang='lat' dir='ltr'>pater.</span> <span class='ocrx_word' id='word_1_127' title='bbox 757 1706 878 1795; x_wconf 85' lang='lat' dir='ltr'>Quare</span> <span class='ocrx_word' id='word_1_128' title='bbox 896 1705 1086 1777; x_wconf 84' lang='lat' dir='ltr'>Zacharias</span> <span class='ocrx_word' id='word_1_129' title='bbox 1104 1734 1167 1798; x_wconf 90' lang='lat' dir='ltr'>ap·</span> 
     </span>
     <span class='ocr_line' id='line_1_16' title="bbox 173 1809 1168 1903; baseline -0.003 -21"><span class='ocrx_word' id='word_1_130' title='bbox 173 1809 305 1882; x_wconf 81' lang='lat' dir='ltr'>tissime</span> <span class='ocrx_word' id='word_1_131' title='bbox 321 1812 483 1879; x_wconf 79' lang='lat' dir='ltr'>riorninat</span> <span class='ocrx_word' id='word_1_132' title='bbox 500 1810 663 1900; x_wconf 90' lang='lat' dir='ltr'>spiritum</span> <span class='ocrx_word' id='word_1_133' title='bbox 681 1834 845 1900; x_wconf 90' lang='lat' dir='ltr'>precum,</span> <span class='ocrx_word' id='word_1_134' title='bbox 878 1812 961 1903; x_wconf 78' lang='lat' dir='ltr'>(pria</span> <span class='ocrx_word' id='word_1_135' title='bbox 989 1812 1168 1880; x_wconf 89' lang='lat' dir='ltr'>invocatio</span> 
     </span>
     <span class='ocr_line' id='line_1_17' title="bbox 174 1909 1168 2003; baseline 0.001 -22"><span class='ocrx_word' id='word_1_136' title='bbox 174 1914 341 2003; x_wconf 90' lang='lat' dir='ltr'>proprius</span> <span class='ocrx_word' id='word_1_137' title='bbox 359 1915 473 1981; x_wconf 90' lang='lat' dir='ltr'>cultus</span> <span class='ocrx_word' id='word_1_138' title='bbox 499 1926 550 1982; x_wconf 89' lang='lat' dir='ltr'>est</span> <span class='ocrx_word' id='word_1_139' title='bbox 565 1914 675 1980; x_wconf 91' lang='lat' dir='ltr'>solius</span> <span class='ocrx_word' id='word_1_140' title='bbox 694 1909 889 1997; x_wconf 83' lang='lat' dir='ltr'>Ecclesiae,</span> <span class='ocrx_word' id='word_1_141' title='bbox 912 1936 951 1981; x_wconf 90' lang='lat' dir='ltr'>ac</span> <span class='ocrx_word' id='word_1_142' title='bbox 969 1914 1098 1983; x_wconf 85' lang='lat' dir='ltr'>deinde</span> <span class='ocrx_word' id='word_1_143' title='bbox 1114 1938 1168 1982; x_wconf 89' lang='lat' dir='ltr'>re-</span> 
     </span>
    </p>
   </div>
   <div class='ocr_carea' id='block_1_4' title="bbox 1213 582 2212 2000">
    <p class='ocr_par' dir='ltr' id='par_1_4' title="bbox 1213 582 2212 1066">
     <span class='ocr_line' id='line_1_18' title="bbox 1214 582 2210 677; baseline -0.002 -24"><span class='ocrx_word' id='word_1_144' title='bbox 1214 585 1343 677; x_wconf 90' lang='lat' dir='ltr'>placari</span> <span class='ocrx_word' id='word_1_145' title='bbox 1360 585 1430 653; x_wconf 89' lang='lat' dir='ltr'>alio</span> <span class='ocrx_word' id='word_1_146' title='bbox 1446 586 1553 654; x_wconf 93' lang='lat' dir='ltr'>modo</span> <span class='ocrx_word' id='word_1_147' title='bbox 1570 609 1643 652; x_wconf 91' lang='lat' dir='ltr'>non</span> <span class='ocrx_word' id='word_1_148' title='bbox 1663 585 1795 676; x_wconf 90' lang='lat' dir='ltr'>potuit,</span> <span class='ocrx_word' id='word_1_149' title='bbox 1819 607 1894 651; x_wconf 91' lang='lat' dir='ltr'>non</span> <span class='ocrx_word' id='word_1_150' title='bbox 1911 582 2107 668; x_wconf 82' lang='lat' dir='ltr'>neceAbel,</span> <span class='ocrx_word' id='word_1_151' title='bbox 2133 606 2210 651; x_wconf 89' lang='lat' dir='ltr'>uon</span> 
     </span>
     <span class='ocr_line' id='line_1_19' title="bbox 1213 684 2209 772; baseline 0 -19"><span class='ocrx_word' id='word_1_152' title='bbox 1213 702 1346 772; x_wconf 90' lang='lat' dir='ltr'>morte,</span> <span class='ocrx_word' id='word_1_153' title='bbox 1372 701 1407 757; x_wconf 87' lang='lat' dir='ltr'>et</span> <span class='ocrx_word' id='word_1_154' title='bbox 1423 687 1501 756; x_wconf 85' lang='lat' dir='ltr'>aliis</span> <span class='ocrx_word' id='word_1_155' title='bbox 1519 687 1670 756; x_wconf 87' lang='lat' dir='ltr'>miseriis</span> <span class='ocrx_word' id='word_1_156' title='bbox 1688 687 1848 756; x_wconf 89' lang='lat' dir='ltr'>omnium</span> <span class='ocrx_word' id='word_1_157' title='bbox 1867 698 2081 756; x_wconf 87' lang='lat' dir='ltr'>sanctorum.</span> <span class='ocrx_word' id='word_1_158' title='bbox 2134 684 2209 755; x_wconf 89' lang='lat' dir='ltr'>lam</span> 
     </span>
     <span class='ocr_line' id='line_1_20' title="bbox 1214 788 2210 881; baseline -0.003 -23"><span class='ocrx_word' id='word_1_159' title='bbox 1214 790 1408 877; x_wconf 83' lang='lat' dir='ltr'>cogitemus</span> <span class='ocrx_word' id='word_1_160' title='bbox 1431 802 1561 881; x_wconf 90' lang='lat' dir='ltr'>quanta</span> <span class='ocrx_word' id='word_1_161' title='bbox 1586 790 1631 859; x_wconf 89' lang='lat' dir='ltr'>sit</span> <span class='ocrx_word' id='word_1_162' title='bbox 1657 789 1838 880; x_wconf 86' lang='lat' dir='ltr'>impietas,</span> <span class='ocrx_word' id='word_1_163' title='bbox 1877 788 2070 880; x_wconf 91' lang='lat' dir='ltr'>propositis</span> <span class='ocrx_word' id='word_1_164' title='bbox 2099 788 2210 857; x_wconf 89' lang='lat' dir='ltr'>tantis</span> 
     </span>
     <span class='ocr_line' id='line_1_21' title="bbox 1214 890 2212 982; baseline -0.001 -23"><span class='ocrx_word' id='word_1_165' title='bbox 1214 892 1383 982; x_wconf 84' lang='lat' dir='ltr'>exemplis</span> <span class='ocrx_word' id='word_1_166' title='bbox 1403 891 1496 975; x_wconf 87' lang='lat' dir='ltr'>irae,</span> <span class='ocrx_word' id='word_1_167' title='bbox 1527 904 1646 960; x_wconf 90' lang='lat' dir='ltr'>tamen</span> <span class='ocrx_word' id='word_1_168' title='bbox 1667 914 1809 982; x_wconf 87' lang='lat' dir='ltr'>secure,</span> <span class='ocrx_word' id='word_1_169' title='bbox 1842 893 1898 959; x_wconf 90' lang='lat' dir='ltr'>vel</span> <span class='ocrx_word' id='word_1_170' title='bbox 1921 891 2116 980; x_wconf 80' lang='lat' dir='ltr'>negligere,</span> <span class='ocrx_word' id='word_1_171' title='bbox 2151 890 2212 958; x_wconf 80' lang='lat' dir='ltr'>vel</span> 
     </span>
     <span class='ocr_line' id='line_1_22' title="bbox 1216 992 2206 1066; baseline -0.004 -5"><span class='ocrx_word' id='word_1_172' title='bbox 1216 1008 1440 1063; x_wconf 88' lang='lat' dir='ltr'>contenmere</span> <span class='ocrx_word' id='word_1_173' title='bbox 1455 992 1626 1062; x_wconf 89' lang='lat' dir='ltr'>iudicium</span> <span class='ocrx_word' id='word_1_174' title='bbox 1643 992 1722 1066; x_wconf 90' lang='lat' dir='ltr'>Dei.</span> <span class='ocrx_word' id='word_1_175' title='bbox 2203 1052 2206 1057; x_wconf 90' lang='lat'>.</span> 
     </span>
    </p>

    <p class='ocr_par' dir='ltr' id='par_1_5' title="bbox 1215 1089 2212 2000">
     <span class='ocr_line' id='line_1_23' title="bbox 1318 1089 2209 1187; baseline 0.002 -26"><span class='ocrx_word' id='word_1_176' title='bbox 1318 1093 1386 1162; x_wconf 90' lang='lat' dir='ltr'>Sed</span> <span class='ocrx_word' id='word_1_177' title='bbox 1404 1109 1444 1164; x_wconf 91' lang='lat' dir='ltr'>ut</span> <span class='ocrx_word' id='word_1_178' title='bbox 1461 1110 1639 1186; x_wconf 89' lang='lat' dir='ltr'>peccatum</span> <span class='ocrx_word' id='word_1_179' title='bbox 1655 1095 1858 1166; x_wconf 88' lang='lat' dir='ltr'>cumulatur</span> <span class='ocrx_word' id='word_1_180' title='bbox 1874 1096 1913 1165; x_wconf 92' lang='lat' dir='ltr'>in</span> <span class='ocrx_word' id='word_1_181' title='bbox 1928 1089 2005 1179; x_wconf 89' lang='lat' dir='ltr'>his,</span> <span class='ocrx_word' id='word_1_182' title='bbox 2030 1094 2093 1187; x_wconf 85' lang='lat' dir='ltr'>qni</span> <span class='ocrx_word' id='word_1_183' title='bbox 2113 1119 2209 1163; x_wconf 90' lang='lat' dir='ltr'>mor-</span> 
     </span>
     <span class='ocr_line' id='line_1_24' title="bbox 1216 1192 2211 1291; baseline 0.001 -26"><span class='ocrx_word' id='word_1_184' title='bbox 1216 1209 1285 1265; x_wconf 91' lang='lat' dir='ltr'>tem</span> <span class='ocrx_word' id='word_1_185' title='bbox 1300 1196 1364 1264; x_wconf 88' lang='lat' dir='ltr'>filii</span> <span class='ocrx_word' id='word_1_186' title='bbox 1380 1198 1446 1267; x_wconf 91' lang='lat' dir='ltr'>Dei</span> <span class='ocrx_word' id='word_1_187' title='bbox 1463 1211 1713 1278; x_wconf 90' lang='lat' dir='ltr'>contemnunt,</span> <span class='ocrx_word' id='word_1_188' title='bbox 1740 1199 1787 1267; x_wconf 87' lang='lat' dir='ltr'>ita</span> <span class='ocrx_word' id='word_1_189' title='bbox 1805 1220 1926 1268; x_wconf 88' lang='lat' dir='ltr'>rursus</span> <span class='ocrx_word' id='word_1_190' title='bbox 1949 1192 2004 1266; x_wconf 92' lang='lat' dir='ltr'>his</span> <span class='ocrx_word' id='word_1_191' title='bbox 2018 1198 2082 1291; x_wconf 92' lang='lat' dir='ltr'>qui</span> <span class='ocrx_word' id='word_1_192' title='bbox 2103 1220 2211 1286; x_wconf 85' lang='lat' dir='ltr'>expa-</span> 
     </span>
     <span class='ocr_line' id='line_1_25' title="bbox 1219 1299 2211 1395; baseline 0.004 -31"><span class='ocrx_word' id='word_1_193' title='bbox 1219 1314 1380 1379; x_wconf 89' lang='lat' dir='ltr'>vescunt,</span> <span class='ocrx_word' id='word_1_194' title='bbox 1408 1313 1458 1368; x_wconf 88' lang='lat' dir='ltr'>est</span> <span class='ocrx_word' id='word_1_195' title='bbox 1475 1301 1724 1395; x_wconf 88' lang='lat' dir='ltr'>testimoninm</span> <span class='ocrx_word' id='word_1_196' title='bbox 1742 1323 1920 1370; x_wconf 88' lang='lat' dir='ltr'>summum</span> <span class='ocrx_word' id='word_1_197' title='bbox 1945 1299 2211 1371; x_wconf 83' lang='lat' dir='ltr'>misericordiae</span> 
     </span>
     <span class='ocr_line' id='line_1_26' title="bbox 1215 1397 2212 1491; baseline 0.001 -22"><span class='ocrx_word' id='word_1_198' title='bbox 1215 1398 1300 1484; x_wconf 89' lang='lat' dir='ltr'>Dei,</span> <span class='ocrx_word' id='word_1_199' title='bbox 1337 1397 1405 1470; x_wconf 89' lang='lat' dir='ltr'>hoc</span> <span class='ocrx_word' id='word_1_200' title='bbox 1435 1402 1624 1470; x_wconf 90' lang='lat' dir='ltr'>discrimen</span> <span class='ocrx_word' id='word_1_201' title='bbox 1651 1399 1814 1473; x_wconf 89' lang='lat' dir='ltr'>Christus</span> <span class='ocrx_word' id='word_1_202' title='bbox 1845 1402 1937 1471; x_wconf 87' lang='lat' dir='ltr'>insra</span> <span class='ocrx_word' id='word_1_203' title='bbox 1970 1401 2098 1479; x_wconf 88' lang='lat' dir='ltr'>tradit:</span> <span class='ocrx_word' id='word_1_204' title='bbox 2134 1398 2212 1491; x_wconf 88' lang='lat' dir='ltr'>Qui</span> 
     </span>
     <span class='ocr_line' id='line_1_27' title="bbox 1216 1503 2211 1599; baseline 0.002 -30"><span class='ocrx_word' id='word_1_205' title='bbox 1216 1504 1307 1570; x_wconf 87' lang='lat' dir='ltr'>mala</span> <span class='ocrx_word' id='word_1_206' title='bbox 1325 1505 1411 1591; x_wconf 89' lang='lat' dir='ltr'>agit,</span> <span class='ocrx_word' id='word_1_207' title='bbox 1438 1506 1514 1574; x_wconf 89' lang='lat' dir='ltr'>odit</span> <span class='ocrx_word' id='word_1_208' title='bbox 1531 1506 1656 1578; x_wconf 88' lang='lat' dir='ltr'>lucem.</span> <span class='ocrx_word' id='word_1_209' title='bbox 1692 1503 1836 1586; x_wconf 91' lang='lat' dir='ltr'>Securi,</span> <span class='ocrx_word' id='word_1_210' title='bbox 1861 1503 1986 1588; x_wconf 82' lang='lat' dir='ltr'>ferrei,</span> <span class='ocrx_word' id='word_1_211' title='bbox 2008 1528 2084 1578; x_wconf 89' lang='lat' dir='ltr'>noo</span> <span class='ocrx_word' id='word_1_212' title='bbox 2100 1529 2211 1599; x_wconf 88' lang='lat' dir='ltr'>agen·</span> 
     </span>
     <span class='ocr_line' id='line_1_28' title="bbox 1216 1604 2212 1696; baseline -0.001 -21"><span class='ocrx_word' id='word_1_213' title='bbox 1216 1620 1267 1675; x_wconf 90' lang='lat' dir='ltr'>tes</span> <span class='ocrx_word' id='word_1_214' title='bbox 1293 1608 1564 1696; x_wconf 90' lang='lat' dir='ltr'>poenitentiam,</span> <span class='ocrx_word' id='word_1_215' title='bbox 1607 1623 1841 1679; x_wconf 88' lang='lat' dir='ltr'>contemnunt</span> <span class='ocrx_word' id='word_1_216' title='bbox 1867 1621 2017 1683; x_wconf 81' lang='lat' dir='ltr'>mortem</span> <span class='ocrx_word' id='word_1_217' title='bbox 2032 1604 2117 1681; x_wconf 73' lang='lat' dir='ltr'>&#39;filii</span> <span class='ocrx_word' id='word_1_218' title='bbox 2131 1610 2212 1695; x_wconf 83' lang='lat' dir='ltr'>Dei,</span> 
     </span>
     <span class='ocr_line' id='line_1_29' title="bbox 1217 1709 2212 1805; baseline 0.01 -30"><span class='ocrx_word' id='word_1_219' title='bbox 1217 1709 1277 1775; x_wconf 89' lang='lat' dir='ltr'>sed</span> <span class='ocrx_word' id='word_1_220' title='bbox 1296 1709 1377 1791; x_wconf 91' lang='lat' dir='ltr'>alii,</span> <span class='ocrx_word' id='word_1_221' title='bbox 1401 1709 1463 1800; x_wconf 85' lang='lat' dir='ltr'>qui</span> <span class='ocrx_word' id='word_1_222' title='bbox 1478 1710 1658 1782; x_wconf 89' lang='lat' dir='ltr'>veritatem</span> <span class='ocrx_word' id='word_1_223' title='bbox 1682 1710 1835 1791; x_wconf 83' lang='lat' dir='ltr'>faciunt,</span> <span class='ocrx_word' id='word_1_224' title='bbox 1871 1709 1933 1801; x_wconf 91' lang='lat' dir='ltr'>qni</span> <span class='ocrx_word' id='word_1_225' title='bbox 1955 1729 2133 1805; x_wconf 70' lang='lat' dir='ltr'>rtonsunt</span> <span class='ocrx_word' id='word_1_226' title='bbox 2156 1738 2212 1787; x_wconf 83' lang='lat' dir='ltr'>sc·</span> 
     </span>
     <span class='ocr_line' id='line_1_30' title="bbox 1218 1805 2211 1904; baseline 0.009 -26"><span class='ocrx_word' id='word_1_227' title='bbox 1218 1811 1293 1878; x_wconf 89' lang='lat' dir='ltr'>curi</span> <span class='ocrx_word' id='word_1_228' title='bbox 1309 1809 1495 1901; x_wconf 81' lang='lat' dir='ltr'>Epicurei,</span> <span class='ocrx_word' id='word_1_229' title='bbox 1528 1811 1584 1880; x_wconf 85' lang='lat' dir='ltr'>vel</span> <span class='ocrx_word' id='word_1_230' title='bbox 1606 1805 1830 1904; x_wconf 85' lang='lat' dir='ltr'>hypocritae,</span> <span class='ocrx_word' id='word_1_231' title='bbox 1854 1810 1915 1883; x_wconf 85' lang='lat' dir='ltr'>sed</span> <span class='ocrx_word' id='word_1_232' title='bbox 1938 1830 2133 1901; x_wconf 86' lang='lat' dir='ltr'>agnoscunt</span> <span class='ocrx_word' id='word_1_233' title='bbox 2155 1816 2211 1886; x_wconf 92' lang='lat' dir='ltr'>in·</span> 
     </span>
     <span class='ocr_line' id='line_1_31' title="bbox 1216 1911 2211 2000; baseline 0.008 -20"><span class='ocrx_word' id='word_1_234' title='bbox 1216 1912 1350 1981; x_wconf 90' lang='lat' dir='ltr'>dicium</span> <span class='ocrx_word' id='word_1_235' title='bbox 1373 1911 1459 1998; x_wconf 90' lang='lat' dir='ltr'>Dei,</span> <span class='ocrx_word' id='word_1_236' title='bbox 1497 1927 1529 1983; x_wconf 89' lang='lat' dir='ltr'>et</span> <span class='ocrx_word' id='word_1_237' title='bbox 1554 1914 1693 1982; x_wconf 89' lang='lat' dir='ltr'>veritati</span> <span class='ocrx_word' id='word_1_238' title='bbox 1718 1916 1867 2000; x_wconf 91' lang='lat' dir='ltr'>cedunt,</span> <span class='ocrx_word' id='word_1_239' title='bbox 1899 1913 2055 1987; x_wconf 86' lang='lat' dir='ltr'>fatentur</span> <span class='ocrx_word' id='word_1_240' title='bbox 2076 1943 2114 1988; x_wconf 91' lang='lat' dir='ltr'>se</span> <span class='ocrx_word' id='word_1_241' title='bbox 2137 1941 2211 1989; x_wconf 89' lang='lat' dir='ltr'>esse</span> 
     </span>
    </p>
   </div>
   <div class='ocr_carea' id='block_1_5' title="bbox 173 2015 2211 2108">
    <p class='ocr_par' dir='ltr' id='par_1_6' title="bbox 173 2015 2211 2108">
     <span class='ocr_line' id='line_1_32' title="bbox 173 2015 2211 2108; baseline 0.003 -24"><span class='ocrx_word' id='word_1_242' title='bbox 173 2015 308 2108; x_wconf 91' lang='lat' dir='ltr'>liquam</span> <span class='ocrx_word' id='word_1_243' title='bbox 326 2015 564 2084; x_wconf 89' lang='lat' dir='ltr'>obedientiam</span> <span class='ocrx_word' id='word_1_244' title='bbox 581 2015 838 2106; x_wconf 87' lang='lat' dir='ltr'>complectitur.</span> <span class='ocrx_word' id='word_1_245' title='bbox 1218 2039 1316 2098; x_wconf 91' lang='lat' dir='ltr'>reos,</span> <span class='ocrx_word' id='word_1_246' title='bbox 1347 2029 1581 2106; x_wconf 87' lang='lat' dir='ltr'>expavescunt</span> <span class='ocrx_word' id='word_1_247' title='bbox 1611 2031 1644 2085; x_wconf 91' lang='lat' dir='ltr'>et</span> <span class='ocrx_word' id='word_1_248' title='bbox 1672 2018 1882 2105; x_wconf 77' lang='lat' dir='ltr'>confugiunt</span> <span class='ocrx_word' id='word_1_249' title='bbox 1910 2019 1954 2085; x_wconf 92' lang='lat' dir='ltr'>ad</span> <span class='ocrx_word' id='word_1_250' title='bbox 1972 2016 2087 2089; x_wconf 90' lang='lat' dir='ltr'>Deum</span> <span class='ocrx_word' id='word_1_251' title='bbox 2113 2021 2211 2091; x_wconf 82' lang='lat' dir='ltr'>iuxta</span> 
     </span>
    </p>
   </div>
   <div class='ocr_carea' id='block_1_6' title="bbox 93 2113 2214 3641">
    <p class='ocr_par' dir='ltr' id='par_1_7' title="bbox 1218 2113 2212 2318">
     <span class='ocr_line' id='line_1_33' title="bbox 1218 2113 2211 2211; baseline 0.005 -27"><span class='ocrx_word' id='word_1_252' title='bbox 1218 2117 1488 2206; x_wconf 88' lang='lat' dir='ltr'>promissiones,</span> <span class='ocrx_word' id='word_1_253' title='bbox 1516 2113 1571 2186; x_wconf 90' lang='lat' dir='ltr'>his</span> <span class='ocrx_word' id='word_1_254' title='bbox 1589 2142 1682 2187; x_wconf 88' lang='lat' dir='ltr'>mors</span> <span class='ocrx_word' id='word_1_255' title='bbox 1704 2119 1768 2186; x_wconf 83' lang='lat' dir='ltr'>lilii</span> <span class='ocrx_word' id='word_1_256' title='bbox 1784 2118 1851 2188; x_wconf 89' lang='lat' dir='ltr'>Dei</span> <span class='ocrx_word' id='word_1_257' title='bbox 1876 2121 1942 2188; x_wconf 86' lang='lat' dir='ltr'>erit</span> <span class='ocrx_word' id='word_1_258' title='bbox 1960 2122 2087 2211; x_wconf 87' lang='lat' dir='ltr'>pignus</span> <span class='ocrx_word' id='word_1_259' title='bbox 2103 2124 2211 2191; x_wconf 87' lang='lat' dir='ltr'>mise-</span> 
     </span>
     <span class='ocr_line' id='line_1_34' title="bbox 1218 2216 2212 2318; baseline 0.009 -31"><span class='ocrx_word' id='word_1_260' title='bbox 1218 2220 1410 2303; x_wconf 90' lang='lat' dir='ltr'>ricordiae,</span> <span class='ocrx_word' id='word_1_261' title='bbox 1438 2235 1471 2290; x_wconf 92' lang='lat' dir='ltr'>et</span> <span class='ocrx_word' id='word_1_262' title='bbox 1486 2222 1529 2287; x_wconf 92' lang='lat' dir='ltr'>de</span> <span class='ocrx_word' id='word_1_263' title='bbox 1544 2216 1601 2288; x_wconf 93' lang='lat' dir='ltr'>his</span> <span class='ocrx_word' id='word_1_264' title='bbox 1622 2220 1771 2290; x_wconf 88' lang='lat' dir='ltr'>dicitur:</span> <span class='ocrx_word' id='word_1_265' title='bbox 1805 2218 1853 2293; x_wconf 91' lang='lat' dir='ltr'>Ut</span> <span class='ocrx_word' id='word_1_266' title='bbox 1875 2224 1993 2291; x_wconf 81' lang='lat' dir='ltr'>otonis</span> <span class='ocrx_word' id='word_1_267' title='bbox 2015 2224 2077 2318; x_wconf 89' lang='lat' dir='ltr'>qni</span> <span class='ocrx_word' id='word_1_268' title='bbox 2099 2228 2212 2297; x_wconf 90' lang='lat' dir='ltr'>credit</span> 
     </span>
    </p>

    <p class='ocr_par' dir='ltr' id='par_1_8' title="bbox 93 2319 2214 3641">
     <span class='ocr_line' id='line_1_35' title="bbox 275 2319 2186 2416; baseline 0.005 -25"><span class='ocrx_word' id='word_1_269' title='bbox 275 2321 329 2392; x_wconf 89' lang='lat' dir='ltr'>De</span> <span class='ocrx_word' id='word_1_270' title='bbox 355 2325 422 2392; x_wconf 84' lang='lat' dir='ltr'>lide</span> <span class='ocrx_word' id='word_1_271' title='bbox 449 2338 482 2392; x_wconf 88' lang='lat' dir='ltr'>et</span> <span class='ocrx_word' id='word_1_272' title='bbox 504 2323 752 2392; x_wconf 84' lang='lat' dir='ltr'>iustificatione</span> <span class='ocrx_word' id='word_1_273' title='bbox 783 2324 852 2390; x_wconf 92' lang='lat' dir='ltr'>iam</span> <span class='ocrx_word' id='word_1_274' title='bbox 880 2325 963 2393; x_wconf 88' lang='lat' dir='ltr'>satis</span> <span class='ocrx_word' id='word_1_275' title='bbox 987 2323 1170 2416; x_wconf 90' lang='lat' dir='ltr'>perspicue</span> <span class='ocrx_word' id='word_1_276' title='bbox 1218 2325 1256 2389; x_wconf 91' lang='lat' dir='ltr'>in</span> <span class='ocrx_word' id='word_1_277' title='bbox 1274 2347 1367 2404; x_wconf 90' lang='lat' dir='ltr'>eum,</span> <span class='ocrx_word' id='word_1_278' title='bbox 1392 2346 1465 2389; x_wconf 78' lang='lat' dir='ltr'>nori</span> <span class='ocrx_word' id='word_1_279' title='bbox 1483 2335 1622 2413; x_wconf 90' lang='lat' dir='ltr'>pereat,</span> <span class='ocrx_word' id='word_1_280' title='bbox 1649 2326 1708 2391; x_wconf 87' lang='lat' dir='ltr'>sed</span> <span class='ocrx_word' id='word_1_281' title='bbox 1727 2319 1854 2393; x_wconf 89' lang='lat' dir='ltr'>habeat</span> <span class='ocrx_word' id='word_1_282' title='bbox 1870 2325 1976 2394; x_wconf 81' lang='lat' dir='ltr'>vitam</span> <span class='ocrx_word' id='word_1_283' title='bbox 1993 2341 2186 2402; x_wconf 84' lang='lat' dir='ltr'>aeternam.</span> 
     </span>
     <span class='ocr_line' id='line_1_36' title="bbox 174 2419 2211 2514; baseline 0.001 -18"><span class='ocrx_word' id='word_1_284' title='bbox 174 2427 404 2496; x_wconf 90' lang='lat' dir='ltr'>concionatus</span> <span class='ocrx_word' id='word_1_285' title='bbox 427 2440 477 2495; x_wconf 92' lang='lat' dir='ltr'>est</span> <span class='ocrx_word' id='word_1_286' title='bbox 495 2421 678 2503; x_wconf 89' lang='lat' dir='ltr'>Christus,</span> <span class='ocrx_word' id='word_1_287' title='bbox 715 2439 829 2494; x_wconf 89' lang='lat' dir='ltr'>tamen</span> <span class='ocrx_word' id='word_1_288' title='bbox 854 2429 1001 2494; x_wconf 89' lang='lat' dir='ltr'>eandem</span> <span class='ocrx_word' id='word_1_289' title='bbox 1027 2441 1169 2494; x_wconf 90' lang='lat' dir='ltr'>senten·</span> <span class='ocrx_word' id='word_1_290' title='bbox 1321 2423 1447 2493; x_wconf 85' lang='lat' dir='ltr'>Monet</span> <span class='ocrx_word' id='word_1_291' title='bbox 1462 2439 1578 2492; x_wconf 90' lang='lat' dir='ltr'>antem</span> <span class='ocrx_word' id='word_1_292' title='bbox 1596 2419 1652 2493; x_wconf 90' lang='lat' dir='ltr'>hic</span> <span class='ocrx_word' id='word_1_293' title='bbox 1669 2425 1782 2494; x_wconf 92' lang='lat' dir='ltr'>locus:</span> <span class='ocrx_word' id='word_1_294' title='bbox 1809 2424 1907 2514; x_wconf 87' lang='lat' dir='ltr'>Quid</span> <span class='ocrx_word' id='word_1_295' title='bbox 1926 2428 1972 2497; x_wconf 90' lang='lat' dir='ltr'>sit</span> <span class='ocrx_word' id='word_1_296' title='bbox 1986 2428 2088 2514; x_wconf 87' lang='lat' dir='ltr'>fides,</span> <span class='ocrx_word' id='word_1_297' title='bbox 2114 2431 2211 2500; x_wconf 89' lang='lat' dir='ltr'>scili-</span> 
     </span>
     <span class='ocr_line' id='line_1_37' title="bbox 175 2525 2212 2620; baseline 0.002 -23"><span class='ocrx_word' id='word_1_298' title='bbox 175 2530 261 2597; x_wconf 89' lang='lat' dir='ltr'>tiam</span> <span class='ocrx_word' id='word_1_299' title='bbox 289 2531 357 2595; x_wconf 90' lang='lat' dir='ltr'>iam</span> <span class='ocrx_word' id='word_1_300' title='bbox 391 2550 514 2596; x_wconf 89' lang='lat' dir='ltr'>rursus</span> <span class='ocrx_word' id='word_1_301' title='bbox 541 2527 714 2615; x_wconf 87' lang='lat' dir='ltr'>inculcat,</span> <span class='ocrx_word' id='word_1_302' title='bbox 750 2529 869 2597; x_wconf 88' lang='lat' dir='ltr'>addita</span> <span class='ocrx_word' id='word_1_303' title='bbox 892 2529 990 2596; x_wconf 89' lang='lat' dir='ltr'>brevi</span> <span class='ocrx_word' id='word_1_304' title='bbox 1014 2552 1169 2597; x_wconf 91' lang='lat' dir='ltr'>comme-</span> <span class='ocrx_word' id='word_1_305' title='bbox 1190 2539 1194 2559; x_wconf 93' lang='lat'>&#39;</span> <span class='ocrx_word' id='word_1_306' title='bbox 1218 2539 1271 2595; x_wconf 89' lang='lat' dir='ltr'>cet</span> <span class='ocrx_word' id='word_1_307' title='bbox 1288 2529 1430 2594; x_wconf 86' lang='lat' dir='ltr'>credere</span> <span class='ocrx_word' id='word_1_308' title='bbox 1456 2529 1550 2618; x_wconf 85' lang='lat' dir='ltr'>qtrod</span> <span class='ocrx_word' id='word_1_309' title='bbox 1578 2526 1769 2615; x_wconf 84' lang='lat' dir='ltr'>diligamur</span> <span class='ocrx_word' id='word_1_310' title='bbox 1794 2525 1904 2598; x_wconf 86' lang='lat' dir='ltr'>aDeo</span> <span class='ocrx_word' id='word_1_311' title='bbox 1922 2545 2065 2620; x_wconf 86' lang='lat' dir='ltr'>propter</span> <span class='ocrx_word' id='word_1_312' title='bbox 2084 2532 2212 2615; x_wconf 87' lang='lat' dir='ltr'>filium,</span> 
     </span>
     <span class='ocr_line' id='line_1_38' title="bbox 174 2627 2211 2719; baseline 0.004 -21"><span class='ocrx_word' id='word_1_313' title='bbox 174 2632 371 2699; x_wconf 89' lang='lat' dir='ltr'>moratione</span> <span class='ocrx_word' id='word_1_314' title='bbox 400 2653 534 2698; x_wconf 90' lang='lat' dir='ltr'>causae.</span> <span class='ocrx_word' id='word_1_315' title='bbox 603 2627 664 2699; x_wconf 91' lang='lat' dir='ltr'>Sic</span> <span class='ocrx_word' id='word_1_316' title='bbox 692 2628 789 2697; x_wconf 87' lang='lat' dir='ltr'>Deus</span> <span class='ocrx_word' id='word_1_317' title='bbox 820 2629 945 2700; x_wconf 85' lang='lat' dir='ltr'>dilexit</span> <span class='ocrx_word' id='word_1_318' title='bbox 981 2632 1168 2703; x_wconf 85' lang='lat' dir='ltr'>mnndum.</span> <span class='ocrx_word' id='word_1_319' title='bbox 1217 2652 1296 2713; x_wconf 93' lang='lat' dir='ltr'>seu,</span> <span class='ocrx_word' id='word_1_320' title='bbox 1323 2630 1417 2719; x_wconf 75' lang='lat' dir='ltr'>qarod</span> <span class='ocrx_word' id='word_1_321' title='bbox 1445 2629 1537 2696; x_wconf 90' lang='lat' dir='ltr'>idem</span> <span class='ocrx_word' id='word_1_322' title='bbox 1559 2642 1628 2712; x_wconf 91' lang='lat' dir='ltr'>est,</span> <span class='ocrx_word' id='word_1_323' title='bbox 1659 2630 1793 2698; x_wconf 90' lang='lat' dir='ltr'>dictum</span> <span class='ocrx_word' id='word_1_324' title='bbox 1815 2630 1895 2698; x_wconf 92' lang='lat' dir='ltr'>aliis</span> <span class='ocrx_word' id='word_1_325' title='bbox 1919 2633 2055 2719; x_wconf 86' lang='lat' dir='ltr'>verbis,</span> <span class='ocrx_word' id='word_1_326' title='bbox 2082 2636 2211 2707; x_wconf 78' lang='lat' dir='ltr'>fidncia</span> 
     </span>
     <span class='ocr_line' id='line_1_39' title="bbox 174 2727 2213 2827; baseline 0.003 -26"><span class='ocrx_word' id='word_1_327' title='bbox 174 2730 271 2802; x_wconf 88' lang='lat' dir='ltr'>Haec</span> <span class='ocrx_word' id='word_1_328' title='bbox 293 2755 373 2823; x_wconf 91' lang='lat' dir='ltr'>pars</span> <span class='ocrx_word' id='word_1_329' title='bbox 395 2731 578 2801; x_wconf 90' lang='lat' dir='ltr'>concionis</span> <span class='ocrx_word' id='word_1_330' title='bbox 600 2731 704 2800; x_wconf 90' lang='lat' dir='ltr'>etiam</span> <span class='ocrx_word' id='word_1_331' title='bbox 731 2732 840 2820; x_wconf 90' lang='lat' dir='ltr'>magis</span> <span class='ocrx_word' id='word_1_332' title='bbox 862 2746 1003 2822; x_wconf 90' lang='lat' dir='ltr'>superat</span> <span class='ocrx_word' id='word_1_333' title='bbox 1027 2746 1168 2821; x_wconf 88' lang='lat' dir='ltr'>captum</span> <span class='ocrx_word' id='word_1_334' title='bbox 1219 2732 1480 2800; x_wconf 89' lang='lat' dir='ltr'>misericordiae</span> <span class='ocrx_word' id='word_1_335' title='bbox 1497 2743 1638 2820; x_wconf 89' lang='lat' dir='ltr'>propter</span> <span class='ocrx_word' id='word_1_336' title='bbox 1654 2732 1778 2801; x_wconf 84' lang='lat' dir='ltr'>lilium.</span> <span class='ocrx_word' id='word_1_337' title='bbox 1830 2727 1878 2801; x_wconf 87' lang='lat' dir='ltr'>Et</span> <span class='ocrx_word' id='word_1_338' title='bbox 1893 2735 1936 2801; x_wconf 93' lang='lat' dir='ltr'>ad</span> <span class='ocrx_word' id='word_1_339' title='bbox 1954 2728 2016 2805; x_wconf 91' lang='lat' dir='ltr'>has</span> <span class='ocrx_word' id='word_1_340' title='bbox 2031 2737 2213 2827; x_wconf 78' lang='lat' dir='ltr'>explican-</span> 
     </span>
     <span class='ocr_line' id='line_1_40' title="bbox 174 2830 2211 2927; baseline 0.002 -23"><span class='ocrx_word' id='word_1_341' title='bbox 174 2830 392 2917; x_wconf 89' lang='lat' dir='ltr'>humanum,</span> <span class='ocrx_word' id='word_1_342' title='bbox 432 2859 538 2927; x_wconf 92' lang='lat' dir='ltr'>quam</span> <span class='ocrx_word' id='word_1_343' title='bbox 567 2834 760 2923; x_wconf 88' lang='lat' dir='ltr'>superiora.</span> <span class='ocrx_word' id='word_1_344' title='bbox 822 2832 903 2903; x_wconf 83' lang='lat' dir='ltr'>Non</span> <span class='ocrx_word' id='word_1_345' title='bbox 935 2836 1047 2903; x_wconf 90' lang='lat' dir='ltr'>cernit</span> <span class='ocrx_word' id='word_1_346' title='bbox 1078 2834 1168 2904; x_wconf 91' lang='lat' dir='ltr'>ratio</span> <span class='ocrx_word' id='word_1_347' title='bbox 1217 2835 1297 2917; x_wconf 90' lang='lat' dir='ltr'>das,</span> <span class='ocrx_word' id='word_1_348' title='bbox 1324 2847 1462 2924; x_wconf 89' lang='lat' dir='ltr'>oportet</span> <span class='ocrx_word' id='word_1_349' title='bbox 1477 2834 1561 2900; x_wconf 91' lang='lat' dir='ltr'>addi</span> <span class='ocrx_word' id='word_1_350' title='bbox 1578 2831 1740 2902; x_wconf 86' lang='lat' dir='ltr'>exPaulo</span> <span class='ocrx_word' id='word_1_351' title='bbox 1757 2833 1967 2925; x_wconf 87' lang='lat' dir='ltr'>particulam</span> <span class='ocrx_word' id='word_1_352' title='bbox 1985 2839 2115 2927; x_wconf 91' lang='lat' dir='ltr'>gratis,</span> <span class='ocrx_word' id='word_1_353' title='bbox 2143 2835 2211 2910; x_wconf 91' lang='lat' dir='ltr'>hoc</span> 
     </span>
     <span class='ocr_line' id='line_1_41' title="bbox 175 2932 2211 3035; baseline 0.004 -30"><span class='ocrx_word' id='word_1_354' title='bbox 175 2937 276 3024; x_wconf 87' lang='lat' dir='ltr'>diligi</span> <span class='ocrx_word' id='word_1_355' title='bbox 293 2932 457 3006; x_wconf 89' lang='lat' dir='ltr'>homines</span> <span class='ocrx_word' id='word_1_356' title='bbox 474 2961 492 3005; x_wconf 95' lang='lat' dir='ltr'>a</span> <span class='ocrx_word' id='word_1_357' title='bbox 508 2933 605 3020; x_wconf 92' lang='lat' dir='ltr'>Deo,</span> <span class='ocrx_word' id='word_1_358' title='bbox 633 2960 713 3006; x_wconf 88' lang='lat' dir='ltr'>cum</span> <span class='ocrx_word' id='word_1_359' title='bbox 733 2935 840 3004; x_wconf 90' lang='lat' dir='ltr'>tantis</span> <span class='ocrx_word' id='word_1_360' title='bbox 865 2937 1045 3005; x_wconf 90' lang='lat' dir='ltr'>aerumnis</span> <span class='ocrx_word' id='word_1_361' title='bbox 1059 2950 1093 3006; x_wconf 86' lang='lat' dir='ltr'>et</span> <span class='ocrx_word' id='word_1_362' title='bbox 1111 2961 1170 3004; x_wconf 92' lang='lat' dir='ltr'>ca-</span> <span class='ocrx_word' id='word_1_363' title='bbox 1218 2949 1287 3019; x_wconf 87' lang='lat' dir='ltr'>est,</span> <span class='ocrx_word' id='word_1_364' title='bbox 1321 2937 1416 3028; x_wconf 91' lang='lat' dir='ltr'>quod</span> <span class='ocrx_word' id='word_1_365' title='bbox 1443 2949 1586 3024; x_wconf 89' lang='lat' dir='ltr'>propter</span> <span class='ocrx_word' id='word_1_366' title='bbox 1609 2936 1719 3003; x_wconf 80' lang='lat' dir='ltr'>lilium</span> <span class='ocrx_word' id='word_1_367' title='bbox 1745 2936 1976 3026; x_wconf 88' lang='lat' dir='ltr'>recipiamur,</span> <span class='ocrx_word' id='word_1_368' title='bbox 2006 2966 2211 3035; x_wconf 84' lang='lat' dir='ltr'>quanquam</span> 
     </span>
     <span class='ocr_line' id='line_1_42' title="bbox 93 3032 2211 3137; baseline 0.004 -33"><span class='ocrx_word' id='word_1_369' title='bbox 93 3092 96 3104; x_wconf 93' lang='lat'>.</span> <span class='ocrx_word' id='word_1_370' title='bbox 174 3039 395 3111; x_wconf 85' lang='lat' dir='ltr'>lamitatibus</span> <span class='ocrx_word' id='word_1_371' title='bbox 419 3035 575 3108; x_wconf 85' lang='lat' dir='ltr'>humana</span> <span class='ocrx_word' id='word_1_372' title='bbox 600 3052 726 3108; x_wconf 88' lang='lat' dir='ltr'>natura</span> <span class='ocrx_word' id='word_1_373' title='bbox 753 3062 918 3128; x_wconf 89' lang='lat' dir='ltr'>oppressa</span> <span class='ocrx_word' id='word_1_374' title='bbox 944 3040 1007 3123; x_wconf 93' lang='lat' dir='ltr'>sit,</span> <span class='ocrx_word' id='word_1_375' title='bbox 1041 3039 1170 3107; x_wconf 91' lang='lat' dir='ltr'>deinde</span> <span class='ocrx_word' id='word_1_376' title='bbox 1213 3037 1368 3131; x_wconf 84' lang='lat' dir='ltr'>indigni.</span> <span class='ocrx_word' id='word_1_377' title='bbox 1421 3035 1510 3106; x_wconf 88' lang='lat' dir='ltr'>Nam</span> <span class='ocrx_word' id='word_1_378' title='bbox 1536 3061 1657 3106; x_wconf 90' lang='lat' dir='ltr'>omnes</span> <span class='ocrx_word' id='word_1_379' title='bbox 1680 3032 1743 3107; x_wconf 86' lang='lat' dir='ltr'>has</span> <span class='ocrx_word' id='word_1_380' title='bbox 1767 3038 1956 3108; x_wconf 87' lang='lat' dir='ltr'>conciones</span> <span class='ocrx_word' id='word_1_381' title='bbox 1978 3044 2022 3110; x_wconf 90' lang='lat' dir='ltr'>de</span> <span class='ocrx_word' id='word_1_382' title='bbox 2046 3044 2114 3113; x_wconf 85' lang='lat' dir='ltr'>fide</span> <span class='ocrx_word' id='word_1_383' title='bbox 2129 3069 2211 3137; x_wconf 89' lang='lat' dir='ltr'>pas-</span> 
     </span>
     <span class='ocr_line' id='line_1_43' title="bbox 175 3133 2213 3236; baseline 0.004 -26"><span class='ocrx_word' id='word_1_384' title='bbox 175 3143 309 3212; x_wconf 90' lang='lat' dir='ltr'>accedit</span> <span class='ocrx_word' id='word_1_385' title='bbox 339 3166 407 3211; x_wconf 83' lang='lat' dir='ltr'>vox</span> <span class='ocrx_word' id='word_1_386' title='bbox 438 3141 542 3230; x_wconf 89' lang='lat' dir='ltr'>legis,</span> <span class='ocrx_word' id='word_1_387' title='bbox 583 3165 672 3233; x_wconf 87' lang='lat' dir='ltr'>quae</span> <span class='ocrx_word' id='word_1_388' title='bbox 704 3141 814 3230; x_wconf 90' lang='lat' dir='ltr'>magis</span> <span class='ocrx_word' id='word_1_389' title='bbox 846 3143 949 3209; x_wconf 88' lang='lat' dir='ltr'>etiam</span> <span class='ocrx_word' id='word_1_390' title='bbox 979 3142 1170 3211; x_wconf 87' lang='lat' dir='ltr'>denunciat</span> <span class='ocrx_word' id='word_1_391' title='bbox 1217 3140 1283 3207; x_wconf 91' lang='lat' dir='ltr'>sim</span> <span class='ocrx_word' id='word_1_392' title='bbox 1313 3140 1350 3206; x_wconf 94' lang='lat' dir='ltr'>in</span> <span class='ocrx_word' id='word_1_393' title='bbox 1382 3133 1539 3208; x_wconf 89' lang='lat' dir='ltr'>historiis</span> <span class='ocrx_word' id='word_1_394' title='bbox 1563 3135 1749 3227; x_wconf 84' lang='lat' dir='ltr'>Evangelii</span> <span class='ocrx_word' id='word_1_395' title='bbox 1776 3143 1935 3211; x_wconf 89' lang='lat' dir='ltr'>obruunt</span> <span class='ocrx_word' id='word_1_396' title='bbox 1958 3156 1992 3211; x_wconf 94' lang='lat' dir='ltr'>et</span> <span class='ocrx_word' id='word_1_397' title='bbox 2013 3145 2213 3236; x_wconf 86' lang='lat' dir='ltr'>depravant</span> 
     </span>
     <span class='ocr_line' id='line_1_44' title="bbox 175 3236 2213 3335; baseline 0.004 -24"><span class='ocrx_word' id='word_1_398' title='bbox 175 3245 282 3327; x_wconf 91' lang='lat' dir='ltr'>iram,</span> <span class='ocrx_word' id='word_1_399' title='bbox 308 3245 441 3312; x_wconf 91' lang='lat' dir='ltr'>accedit</span> <span class='ocrx_word' id='word_1_400' title='bbox 458 3258 490 3311; x_wconf 88' lang='lat' dir='ltr'>et</span> <span class='ocrx_word' id='word_1_401' title='bbox 512 3244 683 3311; x_wconf 89' lang='lat' dir='ltr'>iudicium</span> <span class='ocrx_word' id='word_1_402' title='bbox 712 3243 964 3327; x_wconf 88' lang='lat' dir='ltr'>conscientiae,</span> <span class='ocrx_word' id='word_1_403' title='bbox 1001 3244 1096 3335; x_wconf 87' lang='lat' dir='ltr'>quod</span> <span class='ocrx_word' id='word_1_404' title='bbox 1120 3255 1171 3310; x_wconf 90' lang='lat' dir='ltr'>est</span> <span class='ocrx_word' id='word_1_405' title='bbox 1219 3236 1610 3330; x_wconf 84' lang='lat' dir='ltr'>Monachialfiugentes</span> <span class='ocrx_word' id='word_1_406' title='bbox 1633 3242 1755 3310; x_wconf 85' lang='lat' dir='ltr'>falsam</span> <span class='ocrx_word' id='word_1_407' title='bbox 1780 3242 2125 3333; x_wconf 86' lang='lat' dir='ltr'>interpretationem:</span> <span class='ocrx_word' id='word_1_408' title='bbox 2154 3250 2213 3319; x_wconf 88' lang='lat' dir='ltr'>Sic</span> 
     </span>
     <span class='ocr_line' id='line_1_45' title="bbox 176 3340 2210 3438; baseline 0.003 -23"><span class='ocrx_word' id='word_1_409' title='bbox 176 3344 518 3438; x_wconf 89' lang='lat' dir='ltr'>utPaulusinquit:</span> <span class='ocrx_word' id='word_1_410' title='bbox 546 3340 1020 3436; x_wconf 87' lang='lat' dir='ltr'>Chirographumscriptnm</span> <span class='ocrx_word' id='word_1_411' title='bbox 1048 3358 1170 3412; x_wconf 89' lang='lat' dir='ltr'>contra</span> <span class='ocrx_word' id='word_1_412' title='bbox 1218 3343 1398 3431; x_wconf 89' lang='lat' dir='ltr'>diligeris,</span> <span class='ocrx_word' id='word_1_413' title='bbox 1431 3343 1480 3412; x_wconf 93' lang='lat' dir='ltr'>sic</span> <span class='ocrx_word' id='word_1_414' title='bbox 1503 3344 1645 3433; x_wconf 89' lang='lat' dir='ltr'>prodest</span> <span class='ocrx_word' id='word_1_415' title='bbox 1668 3347 1808 3413; x_wconf 89' lang='lat' dir='ltr'>credere</span> <span class='ocrx_word' id='word_1_416' title='bbox 1835 3345 1873 3412; x_wconf 91' lang='lat' dir='ltr'>in</span> <span class='ocrx_word' id='word_1_417' title='bbox 1897 3346 2030 3438; x_wconf 86' lang='lat' dir='ltr'>filium,</span> <span class='ocrx_word' id='word_1_418' title='bbox 2072 3350 2101 3417; x_wconf 88' lang='lat' dir='ltr'>si</span> <span class='ocrx_word' id='word_1_419' title='bbox 2127 3353 2210 3421; x_wconf 91' lang='lat' dir='ltr'>satis</span> 
     </span>
     <span class='ocr_line' id='line_1_46' title="bbox 177 3440 2214 3537; baseline 0.002 -21"><span class='ocrx_word' id='word_1_420' title='bbox 177 3471 260 3530; x_wconf 89' lang='lat' dir='ltr'>nos,</span> <span class='ocrx_word' id='word_1_421' title='bbox 304 3447 339 3513; x_wconf 94' lang='lat' dir='ltr'>id</span> <span class='ocrx_word' id='word_1_422' title='bbox 372 3459 518 3516; x_wconf 86' lang='lat' dir='ltr'>testatur</span> <span class='ocrx_word' id='word_1_423' title='bbox 546 3470 610 3515; x_wconf 93' lang='lat' dir='ltr'>nos</span> <span class='ocrx_word' id='word_1_424' title='bbox 640 3450 863 3515; x_wconf 82' lang='lat' dir='ltr'>contumaces</span> <span class='ocrx_word' id='word_1_425' title='bbox 896 3470 969 3514; x_wconf 89' lang='lat' dir='ltr'>esse</span> <span class='ocrx_word' id='word_1_426' title='bbox 999 3445 1065 3535; x_wconf 92' lang='lat' dir='ltr'>legi</span> <span class='ocrx_word' id='word_1_427' title='bbox 1091 3442 1171 3518; x_wconf 88' lang='lat' dir='ltr'>Dei.</span> <span class='ocrx_word' id='word_1_428' title='bbox 1219 3440 1349 3514; x_wconf 90' lang='lat' dir='ltr'>habeas</span> <span class='ocrx_word' id='word_1_429' title='bbox 1373 3445 1593 3517; x_wconf 88' lang='lat' dir='ltr'>meritorum.</span> <span class='ocrx_word' id='word_1_430' title='bbox 1653 3443 1749 3515; x_wconf 88' lang='lat' dir='ltr'>Haec</span> <span class='ocrx_word' id='word_1_431' title='bbox 1773 3446 2016 3537; x_wconf 87' lang='lat' dir='ltr'>interpretatio</span> <span class='ocrx_word' id='word_1_432' title='bbox 2040 3454 2214 3523; x_wconf 89' lang='lat' dir='ltr'>transfor-</span> 
     </span>
     <span class='ocr_line' id='line_1_47' title="bbox 180 3543 2213 3641; baseline 0.002 -22"><span class='ocrx_word' id='word_1_433' title='bbox 180 3548 283 3619; x_wconf 91' lang='lat' dir='ltr'>Unde</span> <span class='ocrx_word' id='word_1_434' title='bbox 298 3548 406 3637; x_wconf 89' lang='lat' dir='ltr'>igitur</span> <span class='ocrx_word' id='word_1_435' title='bbox 424 3563 559 3619; x_wconf 88' lang='lat' dir='ltr'>constat</span> <span class='ocrx_word' id='word_1_436' title='bbox 575 3572 639 3617; x_wconf 93' lang='lat' dir='ltr'>nos</span> <span class='ocrx_word' id='word_1_437' title='bbox 665 3548 922 3636; x_wconf 86' lang='lat' dir='ltr'>diligiaDeo?</span> <span class='ocrx_word' id='word_1_438' title='bbox 974 3545 1170 3617; x_wconf 90' lang='lat' dir='ltr'>HicChri-</span> <span class='ocrx_word' id='word_1_439' title='bbox 1219 3560 1293 3616; x_wconf 88' lang='lat' dir='ltr'>mat</span> <span class='ocrx_word' id='word_1_440' title='bbox 1315 3543 1549 3637; x_wconf 81' lang='lat' dir='ltr'>Evangelinm</span> <span class='ocrx_word' id='word_1_441' title='bbox 1581 3548 1619 3614; x_wconf 93' lang='lat' dir='ltr'>in</span> <span class='ocrx_word' id='word_1_442' title='bbox 1645 3547 1777 3638; x_wconf 87' lang='lat' dir='ltr'>legem,</span> <span class='ocrx_word' id='word_1_443' title='bbox 1825 3564 1859 3620; x_wconf 95' lang='lat' dir='ltr'>et</span> <span class='ocrx_word' id='word_1_444' title='bbox 1891 3551 2064 3641; x_wconf 87' lang='lat' dir='ltr'>extinguit</span> <span class='ocrx_word' id='word_1_445' title='bbox 2094 3554 2213 3625; x_wconf 88' lang='lat' dir='ltr'>fidem.</span> 
     </span>
    </p>
   </div>
   <div class='ocr_carea' id='block_1_7' title="bbox 295 2179 1045 2273">
    <p class='ocr_par' dir='ltr' id='par_1_9' title="bbox 295 2179 1045 2273">
     <span class='ocr_line' id='line_1_48' title="bbox 295 2179 1045 2273; baseline 0.005 -18"><span class='ocrx_word' id='word_1_446' title='bbox 295 2181 359 2256; x_wconf 77' lang='lat' dir='ltr'>Sic</span> <span class='ocrx_word' id='word_1_447' title='bbox 374 2183 469 2256; x_wconf 84' lang='lat' dir='ltr'>enim</span> <span class='ocrx_word' id='word_1_448' title='bbox 486 2181 593 2255; x_wconf 81' lang='lat' dir='ltr'>Deus</span> <span class='ocrx_word' id='word_1_449' title='bbox 610 2179 745 2255; x_wconf 75' lang='lat' dir='ltr'>ditexit</span> <span class='ocrx_word' id='word_1_450' title='bbox 761 2181 958 2273; x_wconf 85' lang='lat' dir='ltr'>mnndum,</span> <span class='ocrx_word' id='word_1_451' title='bbox 983 2196 1045 2261; x_wconf 85' lang='lat' dir='ltr'>etc.</span> 
     </span>
    </p>
   </div>
   <div class='ocr_carea' id='block_1_8' title="bbox 177 3645 2215 4048">
    <p class='ocr_par' dir='ltr' id='par_1_10' title="bbox 177 3645 2215 4048">
     <span class='ocr_line' id='line_1_49' title="bbox 178 3645 2213 3752; baseline 0.003 -33"><span class='ocrx_word' id='word_1_452' title='bbox 178 3664 251 3719; x_wconf 91' lang='lat' dir='ltr'>stus</span> <span class='ocrx_word' id='word_1_453' title='bbox 274 3675 336 3720; x_wconf 91' lang='lat' dir='ltr'>sna</span> <span class='ocrx_word' id='word_1_454' title='bbox 363 3675 448 3719; x_wconf 89' lang='lat' dir='ltr'>voce</span> <span class='ocrx_word' id='word_1_455' title='bbox 477 3652 611 3740; x_wconf 80' lang='lat' dir='ltr'>profert</span> <span class='ocrx_word' id='word_1_456' title='bbox 640 3645 985 3739; x_wconf 87' lang='lat' dir='ltr'>hocEvangelium,</span> <span class='ocrx_word' id='word_1_457' title='bbox 1019 3673 1059 3717; x_wconf 84' lang='lat' dir='ltr'>ex</span> <span class='ocrx_word' id='word_1_458' title='bbox 1090 3651 1172 3718; x_wconf 91' lang='lat' dir='ltr'>sinu</span> <span class='ocrx_word' id='word_1_459' title='bbox 1218 3647 1309 3719; x_wconf 89' lang='lat' dir='ltr'>Nam</span> <span class='ocrx_word' id='word_1_460' title='bbox 1331 3646 1566 3738; x_wconf 84' lang='lat' dir='ltr'>Evangelium</span> <span class='ocrx_word' id='word_1_461' title='bbox 1591 3651 1670 3718; x_wconf 91' lang='lat' dir='ltr'>ideo</span> <span class='ocrx_word' id='word_1_462' title='bbox 1690 3666 1862 3723; x_wconf 89' lang='lat' dir='ltr'>monstrat</span> <span class='ocrx_word' id='word_1_463' title='bbox 1883 3648 2088 3739; x_wconf 88' lang='lat' dir='ltr'>Christum,</span> <span class='ocrx_word' id='word_1_464' title='bbox 2128 3659 2213 3752; x_wconf 88' lang='lat' dir='ltr'>quia</span> 
     </span>
     <span class='ocr_line' id='line_1_50' title="bbox 177 3747 2215 3845; baseline 0.003 -22"><span class='ocrx_word' id='word_1_465' title='bbox 177 3755 312 3823; x_wconf 88' lang='lat' dir='ltr'>aeterni</span> <span class='ocrx_word' id='word_1_466' title='bbox 332 3753 451 3843; x_wconf 91' lang='lat' dir='ltr'>patris.</span> <span class='ocrx_word' id='word_1_467' title='bbox 505 3751 599 3835; x_wconf 78' lang='lat' dir='ltr'>lino,</span> <span class='ocrx_word' id='word_1_468' title='bbox 625 3752 765 3845; x_wconf 88' lang='lat' dir='ltr'>inquit,</span> <span class='ocrx_word' id='word_1_469' title='bbox 792 3752 890 3822; x_wconf 89' lang='lat' dir='ltr'>Deus</span> <span class='ocrx_word' id='word_1_470' title='bbox 914 3751 1032 3839; x_wconf 88' lang='lat' dir='ltr'>diligit</span> <span class='ocrx_word' id='word_1_471' title='bbox 1054 3748 1172 3821; x_wconf 90' lang='lat' dir='ltr'>homi·</span> <span class='ocrx_word' id='word_1_472' title='bbox 1220 3775 1293 3818; x_wconf 89' lang='lat' dir='ltr'>non</span> <span class='ocrx_word' id='word_1_473' title='bbox 1327 3747 1499 3821; x_wconf 90' lang='lat' dir='ltr'>habemus</span> <span class='ocrx_word' id='word_1_474' title='bbox 1528 3753 1672 3839; x_wconf 89' lang='lat' dir='ltr'>merita,</span> <span class='ocrx_word' id='word_1_475' title='bbox 1717 3764 1751 3822; x_wconf 87' lang='lat' dir='ltr'>et</span> <span class='ocrx_word' id='word_1_476' title='bbox 1777 3753 1845 3843; x_wconf 87' lang='lat' dir='ltr'>legi</span> <span class='ocrx_word' id='word_1_477' title='bbox 1867 3777 1945 3825; x_wconf 92' lang='lat' dir='ltr'>-non</span> <span class='ocrx_word' id='word_1_478' title='bbox 1969 3757 2215 3834; x_wconf 80' lang='lat' dir='ltr'>satisfacimus.</span> 
     </span>
     <span class='ocr_line' id='line_1_51' title="bbox 178 3851 2215 3951; baseline 0.005 -28"><span class='ocrx_word' id='word_1_479' title='bbox 178 3879 257 3934; x_wconf 91' lang='lat' dir='ltr'>nes,</span> <span class='ocrx_word' id='word_1_480' title='bbox 291 3870 324 3924; x_wconf 92' lang='lat' dir='ltr'>et</span> <span class='ocrx_word' id='word_1_481' title='bbox 352 3854 596 3926; x_wconf 89' lang='lat' dir='ltr'>testimonium</span> <span class='ocrx_word' id='word_1_482' title='bbox 628 3855 770 3922; x_wconf 86' lang='lat' dir='ltr'>evidens</span> <span class='ocrx_word' id='word_1_483' title='bbox 800 3854 917 3934; x_wconf 88' lang='lat' dir='ltr'>addit,</span> <span class='ocrx_word' id='word_1_484' title='bbox 952 3854 1034 3947; x_wconf 90' lang='lat' dir='ltr'>quia</span> <span class='ocrx_word' id='word_1_485' title='bbox 1060 3855 1172 3922; x_wconf 89' lang='lat' dir='ltr'>filium</span> <span class='ocrx_word' id='word_1_486' title='bbox 1221 3851 1342 3941; x_wconf 82' lang='lat' dir='ltr'>Quare</span> <span class='ocrx_word' id='word_1_487' title='bbox 1365 3854 1554 3942; x_wconf 85' lang='lat' dir='ltr'>diligenter</span> <span class='ocrx_word' id='word_1_488' title='bbox 1575 3855 1794 3925; x_wconf 88' lang='lat' dir='ltr'>observanda</span> <span class='ocrx_word' id='word_1_489' title='bbox 1817 3870 1869 3925; x_wconf 89' lang='lat' dir='ltr'>est</span> <span class='ocrx_word' id='word_1_490' title='bbox 1890 3858 2061 3946; x_wconf 91' lang='lat' dir='ltr'>particula</span> <span class='ocrx_word' id='word_1_491' title='bbox 2077 3862 2215 3951; x_wconf 87' lang='lat' dir='ltr'>Gratis,</span> 
     </span>
     <span class='ocr_line' id='line_1_52' title="bbox 178 3953 2214 4048; baseline 0.004 -22"><span class='ocrx_word' id='word_1_492' title='bbox 178 3982 281 4027; x_wconf 90' lang='lat' dir='ltr'>snum</span> <span class='ocrx_word' id='word_1_493' title='bbox 309 3957 535 4047; x_wconf 91' lang='lat' dir='ltr'>unigenitum</span> <span class='ocrx_word' id='word_1_494' title='bbox 564 3957 681 4042; x_wconf 90' lang='lat' dir='ltr'>dedit,</span> <span class='ocrx_word' id='word_1_495' title='bbox 713 3957 796 4027; x_wconf 86' lang='lat' dir='ltr'>fecit</span> <span class='ocrx_word' id='word_1_496' title='bbox 821 3956 1000 4025; x_wconf 87' lang='lat' dir='ltr'>victimam</span> <span class='ocrx_word' id='word_1_497' title='bbox 1024 3980 1088 4046; x_wconf 92' lang='lat' dir='ltr'>pro</span> <span class='ocrx_word' id='word_1_498' title='bbox 1114 3980 1173 4045; x_wconf 91' lang='lat' dir='ltr'>ge·</span> <span class='ocrx_word' id='word_1_499' title='bbox 1219 3969 1261 4025; x_wconf 92' lang='lat' dir='ltr'>ut</span> <span class='ocrx_word' id='word_1_500' title='bbox 1278 3981 1357 4025; x_wconf 91' lang='lat' dir='ltr'>vere</span> <span class='ocrx_word' id='word_1_501' title='bbox 1374 3957 1610 4045; x_wconf 88' lang='lat' dir='ltr'>intelligatur,</span> <span class='ocrx_word' id='word_1_502' title='bbox 1639 3953 2214 4048; x_wconf 87' lang='lat' dir='ltr'>quidhicfidemnominetChri·</span> 
     </span>
    </p>
   </div>
   <div class='ocr_carea' id='block_1_9' title="bbox 179 4056 2216 4968">
    <p class='ocr_par' dir='ltr' id='par_1_11' title="bbox 179 4056 2216 4968">
     <span class='ocr_line' id='line_1_53' title="bbox 180 4056 2215 4155; baseline 0.006 -27"><span class='ocrx_word' id='word_1_503' title='bbox 180 4084 263 4129; x_wconf 88' lang='lat' dir='ltr'>nere</span> <span class='ocrx_word' id='word_1_504' title='bbox 281 4056 451 4129; x_wconf 91' lang='lat' dir='ltr'>humano.</span> <span class='ocrx_word' id='word_1_505' title='bbox 1221 4072 1313 4148; x_wconf 90' lang='lat' dir='ltr'>stus,</span> <span class='ocrx_word' id='word_1_506' title='bbox 1350 4058 1515 4128; x_wconf 91' lang='lat' dir='ltr'>videlicet</span> <span class='ocrx_word' id='word_1_507' title='bbox 1537 4057 1722 4144; x_wconf 90' lang='lat' dir='ltr'>fiduciam,</span> <span class='ocrx_word' id='word_1_508' title='bbox 1762 4064 1857 4153; x_wconf 91' lang='lat' dir='ltr'>quod</span> <span class='ocrx_word' id='word_1_509' title='bbox 1883 4085 1901 4130; x_wconf 90' lang='lat' dir='ltr'>a</span> <span class='ocrx_word' id='word_1_510' title='bbox 1923 4059 1999 4132; x_wconf 85' lang='lat' dir='ltr'>Deo</span> <span class='ocrx_word' id='word_1_511' title='bbox 2019 4062 2215 4155; x_wconf 89' lang='lat' dir='ltr'>diligamur</span> 
     </span>
     <span class='ocr_line' id='line_1_54' title="bbox 284 4155 2214 4258; baseline 0.005 -27"><span class='ocrx_word' id='word_1_512' title='bbox 284 4161 421 4231; x_wconf 89' lang='lat' dir='ltr'>Mirum</span> <span class='ocrx_word' id='word_1_513' title='bbox 458 4155 747 4240; x_wconf 68' lang='lat' dir='ltr'>necomitam,</span> <span class='ocrx_word' id='word_1_514' title='bbox 800 4174 833 4229; x_wconf 90' lang='lat' dir='ltr'>et</span> <span class='ocrx_word' id='word_1_515' title='bbox 864 4161 968 4248; x_wconf 89' lang='lat' dir='ltr'>longe</span> <span class='ocrx_word' id='word_1_516' title='bbox 1003 4184 1173 4250; x_wconf 85' lang='lat' dir='ltr'>superans</span> <span class='ocrx_word' id='word_1_517' title='bbox 1220 4174 1255 4230; x_wconf 89' lang='lat' dir='ltr'>et</span> <span class='ocrx_word' id='word_1_518' title='bbox 1277 4161 1491 4251; x_wconf 89' lang='lat' dir='ltr'>recipiamur</span> <span class='ocrx_word' id='word_1_519' title='bbox 1515 4176 1660 4252; x_wconf 91' lang='lat' dir='ltr'>propter</span> <span class='ocrx_word' id='word_1_520' title='bbox 1684 4162 1798 4230; x_wconf 89' lang='lat' dir='ltr'>lilium</span> <span class='ocrx_word' id='word_1_521' title='bbox 1829 4163 2059 4234; x_wconf 89' lang='lat' dir='ltr'>mediatorem</span> <span class='ocrx_word' id='word_1_522' title='bbox 2075 4173 2214 4258; x_wconf 85' lang='lat' dir='ltr'>gratis,</span> 
     </span>
     <span class='ocr_line' id='line_1_55' title="bbox 179 4259 2214 4356; baseline 0.003 -22"><span class='ocrx_word' id='word_1_523' title='bbox 179 4265 340 4335; x_wconf 89' lang='lat' dir='ltr'>omnium</span> <span class='ocrx_word' id='word_1_524' title='bbox 367 4264 574 4353; x_wconf 88' lang='lat' dir='ltr'>augelorum</span> <span class='ocrx_word' id='word_1_525' title='bbox 597 4277 702 4356; x_wconf 88' lang='lat' dir='ltr'>atque</span> <span class='ocrx_word' id='word_1_526' title='bbox 729 4259 913 4330; x_wconf 90' lang='lat' dir='ltr'>hominum</span> <span class='ocrx_word' id='word_1_527' title='bbox 945 4278 1103 4353; x_wconf 88' lang='lat' dir='ltr'>captum,</span> <span class='ocrx_word' id='word_1_528' title='bbox 1140 4280 1174 4334; x_wconf 89' lang='lat' dir='ltr'>et</span> <span class='ocrx_word' id='word_1_529' title='bbox 1220 4287 1300 4332; x_wconf 91' lang='lat' dir='ltr'>cum</span> <span class='ocrx_word' id='word_1_530' title='bbox 1332 4263 1477 4355; x_wconf 91' lang='lat' dir='ltr'>quidem</span> <span class='ocrx_word' id='word_1_531' title='bbox 1507 4263 1617 4332; x_wconf 88' lang='lat' dir='ltr'>simus</span> <span class='ocrx_word' id='word_1_532' title='bbox 1648 4264 1787 4352; x_wconf 89' lang='lat' dir='ltr'>indigni</span> <span class='ocrx_word' id='word_1_533' title='bbox 1816 4279 1849 4335; x_wconf 88' lang='lat' dir='ltr'>et</span> <span class='ocrx_word' id='word_1_534' title='bbox 1880 4266 1950 4350; x_wconf 89' lang='lat' dir='ltr'>rei,</span> <span class='ocrx_word' id='word_1_535' title='bbox 1992 4269 2214 4344; x_wconf 84' lang='lat' dir='ltr'>observanda</span> 
     </span>
     <span class='ocr_line' id='line_1_56' title="bbox 180 4359 2216 4465; baseline 0.001 -29"><span class='ocrx_word' id='word_1_536' title='bbox 180 4367 279 4436; x_wconf 89' lang='lat' dir='ltr'>cuius</span> <span class='ocrx_word' id='word_1_537' title='bbox 311 4367 522 4456; x_wconf 87' lang='lat' dir='ltr'>cogitatione</span> <span class='ocrx_word' id='word_1_538' title='bbox 557 4389 681 4435; x_wconf 90' lang='lat' dir='ltr'>omnes</span> <span class='ocrx_word' id='word_1_539' title='bbox 714 4359 876 4433; x_wconf 88' lang='lat' dir='ltr'>homines</span> <span class='ocrx_word' id='word_1_540' title='bbox 906 4367 1173 4434; x_wconf 80' lang='lat' dir='ltr'>cotrtremiscere</span> <span class='ocrx_word' id='word_1_541' title='bbox 1221 4379 1273 4435; x_wconf 89' lang='lat' dir='ltr'>est</span> <span class='ocrx_word' id='word_1_542' title='bbox 1289 4379 1407 4435; x_wconf 90' lang='lat' dir='ltr'>autem</span> <span class='ocrx_word' id='word_1_543' title='bbox 1430 4365 1621 4456; x_wconf 88' lang='lat' dir='ltr'>particula,</span> <span class='ocrx_word' id='word_1_544' title='bbox 1648 4366 2216 4465; x_wconf 78' lang='lat' dir='ltr'>qtrbdfiliusnominatnrunige.</span> 
     </span>
     <span class='ocr_line' id='line_1_57' title="bbox 181 4462 2215 4562; baseline 0.003 -27"><span class='ocrx_word' id='word_1_545' title='bbox 181 4469 497 4555; x_wconf 83' lang='lat' dir='ltr'>oportebat,.sicnt</span> <span class='ocrx_word' id='word_1_546' title='bbox 512 4481 582 4537; x_wconf 87' lang='lat' dir='ltr'>tota</span> <span class='ocrx_word' id='word_1_547' title='bbox 603 4481 727 4537; x_wconf 90' lang='lat' dir='ltr'>natura</span> <span class='ocrx_word' id='word_1_548' title='bbox 744 4467 966 4548; x_wconf 89' lang='lat' dir='ltr'>contremuit,</span> <span class='ocrx_word' id='word_1_549' title='bbox 983 4493 1062 4535; x_wconf 76' lang='lat' dir='ltr'>carru</span> <span class='ocrx_word' id='word_1_550' title='bbox 1079 4470 1173 4538; x_wconf 85' lang='lat' dir='ltr'>filins</span> <span class='ocrx_word' id='word_1_551' title='bbox 1221 4467 1337 4551; x_wconf 89' lang='lat' dir='ltr'>nitus,</span> <span class='ocrx_word' id='word_1_552' title='bbox 1364 4491 1445 4535; x_wconf 89' lang='lat' dir='ltr'>nam</span> <span class='ocrx_word' id='word_1_553' title='bbox 1462 4462 1520 4537; x_wconf 92' lang='lat' dir='ltr'>hic</span> <span class='ocrx_word' id='word_1_554' title='bbox 1538 4468 1884 4538; x_wconf 85' lang='lat' dir='ltr'>discerniturafiliis</span> <span class='ocrx_word' id='word_1_555' title='bbox 1900 4472 2084 4562; x_wconf 82' lang='lat' dir='ltr'>adoptatis</span> <span class='ocrx_word' id='word_1_556' title='bbox 2121 4475 2215 4548; x_wconf 86' lang='lat' dir='ltr'>Nam</span> 
     </span>
     <span class='ocr_line' id='line_1_58' title="bbox 180 4565 2215 4669; baseline 0.003 -28"><span class='ocrx_word' id='word_1_557' title='bbox 180 4568 248 4641; x_wconf 90' lang='lat' dir='ltr'>Dei</span> <span class='ocrx_word' id='word_1_558' title='bbox 264 4571 300 4638; x_wconf 91' lang='lat' dir='ltr'>in</span> <span class='ocrx_word' id='word_1_559' title='bbox 318 4595 420 4640; x_wconf 91' lang='lat' dir='ltr'>cruce</span> <span class='ocrx_word' id='word_1_560' title='bbox 445 4573 627 4659; x_wconf 88' lang='lat' dir='ltr'>penderet.</span> <span class='ocrx_word' id='word_1_561' title='bbox 689 4569 896 4639; x_wconf 85' lang='lat' dir='ltr'>Nerullnm</span> <span class='ocrx_word' id='word_1_562' title='bbox 924 4582 974 4636; x_wconf 91' lang='lat' dir='ltr'>est</span> <span class='ocrx_word' id='word_1_563' title='bbox 999 4569 1172 4639; x_wconf 86' lang='lat' dir='ltr'>illustrius</span> <span class='ocrx_word' id='word_1_564' title='bbox 1221 4594 1300 4638; x_wconf 91' lang='lat' dir='ltr'>cum</span> <span class='ocrx_word' id='word_1_565' title='bbox 1315 4565 1477 4640; x_wconf 86' lang='lat' dir='ltr'>Christus</span> <span class='ocrx_word' id='word_1_566' title='bbox 1495 4585 1642 4640; x_wconf 87' lang='lat' dir='ltr'>vocetur</span> <span class='ocrx_word' id='word_1_567' title='bbox 1657 4571 1799 4662; x_wconf 89' lang='lat' dir='ltr'>proprie</span> <span class='ocrx_word' id='word_1_568' title='bbox 1814 4572 1992 4669; x_wconf 85' lang='lat' dir='ltr'>genitusa</span> <span class='ocrx_word' id='word_1_569' title='bbox 2006 4589 2122 4664; x_wconf 85' lang='lat' dir='ltr'>patre,</span> <span class='ocrx_word' id='word_1_570' title='bbox 2150 4605 2215 4648; x_wconf 89' lang='lat' dir='ltr'>ne·</span> 
     </span>
     <span class='ocr_line' id='line_1_59' title="bbox 182 4669 2214 4774; baseline 0.004 -30"><span class='ocrx_word' id='word_1_571' title='bbox 182 4674 426 4744; x_wconf 87' lang='lat' dir='ltr'>testimonium</span> <span class='ocrx_word' id='word_1_572' title='bbox 445 4673 483 4740; x_wconf 92' lang='lat' dir='ltr'>in</span> <span class='ocrx_word' id='word_1_573' title='bbox 502 4686 677 4765; x_wconf 85' lang='lat' dir='ltr'>utranqne</span> <span class='ocrx_word' id='word_1_574' title='bbox 703 4686 856 4761; x_wconf 90' lang='lat' dir='ltr'>partem,</span> <span class='ocrx_word' id='word_1_575' title='bbox 886 4671 958 4739; x_wconf 92' lang='lat' dir='ltr'>irae</span> <span class='ocrx_word' id='word_1_576' title='bbox 974 4669 1038 4738; x_wconf 90' lang='lat' dir='ltr'>Dei</span> <span class='ocrx_word' id='word_1_577' title='bbox 1053 4685 1087 4741; x_wconf 88' lang='lat' dir='ltr'>et</span> <span class='ocrx_word' id='word_1_578' title='bbox 1105 4675 1173 4739; x_wconf 84' lang='lat' dir='ltr'>mi·</span> <span class='ocrx_word' id='word_1_579' title='bbox 1221 4695 1313 4740; x_wconf 91' lang='lat' dir='ltr'>cesse</span> <span class='ocrx_word' id='word_1_580' title='bbox 1330 4688 1380 4743; x_wconf 91' lang='lat' dir='ltr'>est</span> <span class='ocrx_word' id='word_1_581' title='bbox 1397 4697 1477 4741; x_wconf 90' lang='lat' dir='ltr'>eum</span> <span class='ocrx_word' id='word_1_582' title='bbox 1503 4695 1575 4742; x_wconf 87' lang='lat' dir='ltr'>esse</span> <span class='ocrx_word' id='word_1_583' title='bbox 1597 4676 1641 4742; x_wconf 92' lang='lat' dir='ltr'>de</span> <span class='ocrx_word' id='word_1_584' title='bbox 1664 4674 1858 4745; x_wconf 90' lang='lat' dir='ltr'>substantia</span> <span class='ocrx_word' id='word_1_585' title='bbox 1881 4675 2008 4766; x_wconf 85' lang='lat' dir='ltr'>patris,</span> <span class='ocrx_word' id='word_1_586' title='bbox 2043 4692 2082 4749; x_wconf 92' lang='lat' dir='ltr'>ut</span> <span class='ocrx_word' id='word_1_587' title='bbox 2105 4703 2214 4774; x_wconf 93' lang='lat' dir='ltr'>supra</span> 
     </span>
     <span class='ocr_line' id='line_1_60' title="bbox 181 4773 1433 4868; baseline 0.002 -24"><span class='ocrx_word' id='word_1_588' title='bbox 181 4777 411 4855; x_wconf 89' lang='lat' dir='ltr'>sericordiae,</span> <span class='ocrx_word' id='word_1_589' title='bbox 456 4798 678 4868; x_wconf 89' lang='lat' dir='ltr'>quammors</span> <span class='ocrx_word' id='word_1_590' title='bbox 709 4774 784 4841; x_wconf 87' lang='lat' dir='ltr'>tilii.</span> <span class='ocrx_word' id='word_1_591' title='bbox 852 4773 968 4842; x_wconf 86' lang='lat' dir='ltr'>Multa</span> <span class='ocrx_word' id='word_1_592' title='bbox 998 4776 1172 4844; x_wconf 90' lang='lat' dir='ltr'>suntalia</span> <span class='ocrx_word' id='word_1_593' title='bbox 1222 4774 1433 4847; x_wconf 87' lang='lat' dir='ltr'>dictumest.</span> 
     </span>
     <span class='ocr_line' id='line_1_61' title="bbox 182 4874 1174 4968; baseline 0 -22"><span class='ocrx_word' id='word_1_594' title='bbox 182 4880 281 4968; x_wconf 84' lang='lat' dir='ltr'>signa</span> <span class='ocrx_word' id='word_1_595' title='bbox 300 4874 632 4947; x_wconf 83' lang='lat' dir='ltr'>iraeDeiadversns</span> <span class='ocrx_word' id='word_1_596' title='bbox 656 4891 855 4967; x_wconf 91' lang='lat' dir='ltr'>peccatum,</span> <span class='ocrx_word' id='word_1_597' title='bbox 883 4891 921 4945; x_wconf 92' lang='lat' dir='ltr'>ut</span> <span class='ocrx_word' id='word_1_598' title='bbox 944 4900 1039 4944; x_wconf 88' lang='lat' dir='ltr'>mors</span> <span class='ocrx_word' id='word_1_599' title='bbox 1065 4879 1174 4946; x_wconf 90' lang='lat' dir='ltr'>totins</span> 
     </span>
    </p>
   </div>
   <div class='ocr_carea' id='block_1_10' title="bbox 183 4939 2217 5071">
    <p class='ocr_par' dir='ltr' id='par_1_12' title="bbox 183 4939 2217 5071">
     <span class='ocr_line' id='line_1_62' title="bbox 183 4939 2217 5071; baseline 0 -22"><span class='ocrx_word' id='word_1_600' title='bbox 183 4962 510 5071; x_wconf 70' lang='lat' dir='ltr'>gerrerishumani,</span> <span class='ocrx_word' id='word_1_601' title='bbox 537 4994 570 5049; x_wconf 91' lang='lat' dir='ltr'>et</span> <span class='ocrx_word' id='word_1_602' title='bbox 587 4979 781 5067; x_wconf 87' lang='lat' dir='ltr'>singulares</span> <span class='ocrx_word' id='word_1_603' title='bbox 798 5001 930 5065; x_wconf 89' lang='lat' dir='ltr'>poenae</span> <span class='ocrx_word' id='word_1_604' title='bbox 946 5001 1051 5067; x_wconf 90' lang='lat' dir='ltr'>supra</span> <span class='ocrx_word' id='word_1_605' title='bbox 1070 4995 1174 5050; x_wconf 85' lang='lat' dir='ltr'>natu·</span> <span class='ocrx_word' id='word_1_606' title='bbox 1271 4939 1361 5018; x_wconf 60' lang='grc' dir='ltr'>ΝΜ</span> <span class='ocrx_word' id='word_1_607' title='bbox 1385 4968 1481 5014; x_wconf 61' lang='lat'>‘⁶²⁰²</span> <span class='ocrx_word' id='word_1_608' title='bbox 1505 4953 1607 5014; x_wconf 60' lang='lat' dir='ltr'>&#39;mm</span> <span class='ocrx_word' id='word_1_609' title='bbox 1627 4941 1670 5013; x_wconf 83' lang='lat' dir='ltr'><em>D</em></span> <span class='ocrx_word' id='word_1_610' title='bbox 1673 4969 1735 5017; x_wconf 74' lang='lat'>⁶¹¹⁵</span> <span class='ocrx_word' id='word_1_611' title='bbox 1758 4940 1891 5038; x_wconf 69' lang='lat' dir='ltr'>filmm</span> <span class='ocrx_word' id='word_1_612' title='bbox 1917 4971 2044 5036; x_wconf 61' lang='lat' dir='ltr'><em>‘mum’</em></span> <span class='ocrx_word' id='word_1_613' title='bbox 2083 4960 2123 5022; x_wconf 49' lang='grc' dir='ltr'><em>Ἀ</em></span> <span class='ocrx_word' id='word_1_614' title='bbox 2156 4955 2217 5026; x_wconf 51' lang='grc' dir='ltr'>ὼ·</span> 
     </span>
    </p>
   </div>
   <div class='ocr_carea' id='block_1_11' title="bbox 183 5043 1520 5169">
    <p class='ocr_par' dir='ltr' id='par_1_13' title="bbox 183 5043 1520 5169">
     <span class='ocr_line' id='line_1_63' title="bbox 183 5043 1520 5169; baseline -0.004 -18"><span class='ocrx_word' id='word_1_615' title='bbox 183 5109 277 5169; x_wconf 91' lang='lat' dir='ltr'>ram,</span> <span class='ocrx_word' id='word_1_616' title='bbox 302 5096 341 5153; x_wconf 85' lang='lat' dir='ltr'>ut</span> <span class='ocrx_word' id='word_1_617' title='bbox 361 5083 541 5151; x_wconf 84' lang='lat' dir='ltr'>diluvium</span> <span class='ocrx_word' id='word_1_618' title='bbox 568 5105 756 5150; x_wconf 90' lang='lat' dir='ltr'>commune</span> <span class='ocrx_word' id='word_1_619' title='bbox 782 5080 845 5148; x_wconf 92' lang='lat' dir='ltr'>toti</span> <span class='ocrx_word' id='word_1_620' title='bbox 867 5080 968 5163; x_wconf 91' lang='lat' dir='ltr'>orbi,</span> <span class='ocrx_word' id='word_1_621' title='bbox 997 5079 1171 5152; x_wconf 88' lang='lat' dir='ltr'>Sodomo—</span> <span class='ocrx_word' id='word_1_622' title='bbox 1324 5043 1433 5133; x_wconf 57' lang='lat' dir='ltr'>‘hm’</span> <span class='ocrx_word' id='word_1_623' title='bbox 1459 5055 1520 5121; x_wconf 70' lang='lat'>⁶¹⁶·</span> 
     </span>
    </p>
   </div>
   <div class='ocr_carea' id='block_1_12' title="bbox 182 5168 2216 5482">
    <p class='ocr_par' dir='ltr' id='par_1_14' title="bbox 182 5168 2216 5482">
     <span class='ocr_line' id='line_1_64' title="bbox 182 5168 2214 5278; baseline 0.004 -26"><span class='ocrx_word' id='word_1_624' title='bbox 182 5210 260 5252; x_wconf 89' lang='lat' dir='ltr'>rum</span> <span class='ocrx_word' id='word_1_625' title='bbox 292 5185 540 5274; x_wconf 82' lang='lat' dir='ltr'>conflagratio,</span> <span class='ocrx_word' id='word_1_626' title='bbox 580 5179 777 5253; x_wconf 88' lang='lat' dir='ltr'>Pharaonis</span> <span class='ocrx_word' id='word_1_627' title='bbox 808 5182 973 5250; x_wconf 92' lang='lat' dir='ltr'>interitus</span> <span class='ocrx_word' id='word_1_628' title='bbox 1001 5181 1037 5249; x_wconf 89' lang='lat' dir='ltr'>iu</span> <span class='ocrx_word' id='word_1_629' title='bbox 1069 5168 1197 5276; x_wconf 66' lang='lat' dir='ltr'>aquai</span> <span class='ocrx_word' id='word_1_630' title='bbox 1295 5180 1441 5272; x_wconf 88' lang='lat' dir='ltr'>Repetit</span> <span class='ocrx_word' id='word_1_631' title='bbox 1480 5185 1627 5252; x_wconf 90' lang='lat' dir='ltr'>eandem</span> <span class='ocrx_word' id='word_1_632' title='bbox 1661 5182 1868 5251; x_wconf 88' lang='lat' dir='ltr'>concionem</span> <span class='ocrx_word' id='word_1_633' title='bbox 1906 5185 2021 5254; x_wconf 90' lang='lat' dir='ltr'>multo</span> <span class='ocrx_word' id='word_1_634' title='bbox 2057 5189 2214 5278; x_wconf 90' lang='lat' dir='ltr'>dulcius,</span> 
     </span>
     <span class='ocr_line' id='line_1_65' title="bbox 184 5285 2215 5379; baseline 0.006 -28"><span class='ocrx_word' id='word_1_635' title='bbox 184 5311 261 5353; x_wconf 93' lang='lat' dir='ltr'>cnm</span> <span class='ocrx_word' id='word_1_636' title='bbox 280 5287 387 5357; x_wconf 80' lang='lat' dir='ltr'>lsrael</span> <span class='ocrx_word' id='word_1_637' title='bbox 403 5289 440 5355; x_wconf 91' lang='lat' dir='ltr'>iu</span> <span class='ocrx_word' id='word_1_638' title='bbox 456 5291 577 5357; x_wconf 90' lang='lat' dir='ltr'>eadem</span> <span class='ocrx_word' id='word_1_639' title='bbox 595 5288 649 5354; x_wconf 88' lang='lat' dir='ltr'>via</span> <span class='ocrx_word' id='word_1_640' title='bbox 675 5310 749 5354; x_wconf 91' lang='lat' dir='ltr'>non</span> <span class='ocrx_word' id='word_1_641' title='bbox 775 5285 982 5368; x_wconf 89' lang='lat' dir='ltr'>interiisset,</span> <span class='ocrx_word' id='word_1_642' title='bbox 1018 5287 1172 5379; x_wconf 87' lang='lat' dir='ltr'>denique</span> <span class='ocrx_word' id='word_1_643' title='bbox 1220 5287 1282 5355; x_wconf 91' lang='lat' dir='ltr'>etsi</span> <span class='ocrx_word' id='word_1_644' title='bbox 1301 5286 1393 5354; x_wconf 83' lang='lat' dir='ltr'>lilius</span> <span class='ocrx_word' id='word_1_645' title='bbox 1411 5286 1541 5357; x_wconf 90' lang='lat' dir='ltr'>indicat</span> <span class='ocrx_word' id='word_1_646' title='bbox 1557 5287 1744 5366; x_wconf 89' lang='lat' dir='ltr'>mundum,</span> <span class='ocrx_word' id='word_1_647' title='bbox 1760 5287 1894 5354; x_wconf 87' lang='lat' dir='ltr'>utalias</span> <span class='ocrx_word' id='word_1_648' title='bbox 1910 5288 2057 5369; x_wconf 90' lang='lat' dir='ltr'>dicitur,</span> <span class='ocrx_word' id='word_1_649' title='bbox 2086 5290 2215 5370; x_wconf 89' lang='lat' dir='ltr'>loann.</span> 
     </span>
     <span class='ocr_line' id='line_1_66' title="bbox 183 5381 2216 5482; baseline 0.004 -23"><span class='ocrx_word' id='word_1_650' title='bbox 183 5386 341 5460; x_wconf 85' lang='lat' dir='ltr'>infinitae</span> <span class='ocrx_word' id='word_1_651' title='bbox 361 5392 522 5461; x_wconf 86' lang='lat' dir='ltr'>onmium</span> <span class='ocrx_word' id='word_1_652' title='bbox 547 5386 734 5459; x_wconf 91' lang='lat' dir='ltr'>hominum</span> <span class='ocrx_word' id='word_1_653' title='bbox 761 5387 993 5472; x_wconf 90' lang='lat' dir='ltr'>calamitates,</span> <span class='ocrx_word' id='word_1_654' title='bbox 1021 5393 1078 5460; x_wconf 89' lang='lat' dir='ltr'>sed</span> <span class='ocrx_word' id='word_1_655' title='bbox 1105 5385 1171 5461; x_wconf 82' lang='lat' dir='ltr'>hae</span> <span class='ocrx_word' id='word_1_656' title='bbox 1219 5387 1272 5467; x_wconf 88' lang='lat'>9.:</span> <span class='ocrx_word' id='word_1_657' title='bbox 1307 5386 1348 5459; x_wconf 93' lang='lat' dir='ltr'>In</span> <span class='ocrx_word' id='word_1_658' title='bbox 1368 5389 1539 5461; x_wconf 90' lang='lat' dir='ltr'>indicium</span> <span class='ocrx_word' id='word_1_659' title='bbox 1567 5387 1649 5457; x_wconf 91' lang='lat' dir='ltr'>veni</span> <span class='ocrx_word' id='word_1_660' title='bbox 1673 5387 1712 5455; x_wconf 91' lang='lat' dir='ltr'>in</span> <span class='ocrx_word' id='word_1_661' title='bbox 1737 5381 1834 5458; x_wconf 91' lang='lat' dir='ltr'>hunc</span> <span class='ocrx_word' id='word_1_662' title='bbox 1855 5392 2028 5460; x_wconf 90' lang='lat' dir='ltr'>mundum</span> <span class='ocrx_word' id='word_1_663' title='bbox 2047 5406 2132 5482; x_wconf 75' lang='lat' dir='ltr'>eto,</span> <span class='ocrx_word' id='word_1_664' title='bbox 2160 5411 2216 5468; x_wconf 87' lang='lat' dir='ltr'>ta-</span> 
     </span>
    </p>
   </div>
   <div class='ocr_carea' id='block_1_13' title="bbox 0 0 2281 5780">
    <p class='ocr_par' dir='ltr' id='par_1_15' title="bbox 0 0 2281 5780">
     <span class='ocr_line' id='line_1_67' title="bbox 0 0 2281 5780; baseline 0 0"><span class='ocrx_word' id='word_1_665' title='bbox 0 0 2281 5780; x_wconf 95' lang='lat' dir='ltr'> </span> 
     </span>
    </p>
   </div>
  </div>
 </body>
</html>
