4522 5782
46 240 96 314 st
470 240 553 314 xtl.
604 234 905 315 ENARRATIO
933 234 1440 316 trtEvattG.10AttNts.
1491 234 1596 313 GAP.
1624 234 1695 313 ll.'
1938 238 1945 351 u'
2038 240 2090 313 02

46 414 112 498 sit,
140 424 180 482 et
195 411 342 498 vicerit,
366 424 408 483 ut
422 414 584 484 ostendat
600 434 637 482 se
652 412 745 484 allici
759 411 891 485 nostris
906 408 1049 502 pericu·
1099 408 1243 482 facienti
1265 408 1401 505 aliquid
1424 410 1502 480 sine
1524 407 1726 495 vocatione,
1758 422 1820 480 ant
1841 409 2011 481 servienti
2034 424 2089 482 te-

47 514 116 601 lis,
143 527 183 585 et
197 514 276 585 iore
288 514 470 586 victorem.
1101 513 1273 583 merariae
1298 511 1504 602 cupiditati,
1538 536 1613 582 non
1634 510 1780 583 utilitati
1801 510 1998 596 Ecclesiae,
2024 535 2089 583 seu

155 614 213 686 Ac
236 614 448 687 tentationes
461 615 558 707 ipsae
575 614 730 710 pericula
747 610 926 687 Ecclesiae
945 637 1049 705 prae·
1099 615 1266 711 proximi.
1317 613 1470 685 Delicias
1487 627 1543 699 te,
1567 613 1703 708 inquit,
1729 613 1813 707 quia
1829 615 2000 708 scriptum
2016 630 2089 687 est:
2113 638 2119 661 ⁸

50 717 157 809 cipue
182 716 383 790 continent.
434 716 596 789 Primum
614 720 723 789 estde
737 717 913 810 corporali
931 738 1047 808 perse-
1098 714 1181 785 Non
1204 716 1360 786 offendes
1382 716 1428 785 ad
1450 717 1604 809 lapidem
1626 717 1754 809 pedem
1775 730 1889 792 tuum.
1938 714 2015 787 Hac
2032 740 2089 788 sa-

50 818 221 904 cutione,
245 818 388 911 inopia,
418 820 526 904 fame,
557 820 691 906 exiliis,
722 842 819 893 nece.
869 816 949 888 Hoc
972 817 1048 909 pri·
1099 818 1253 909 pientiae
1283 818 1478 889 tentatione
1498 819 1635 891 duriter
1659 832 1820 911 quassata
1844 832 1896 889 est
1920 814 2088 905 Ecclesia,

51 944 151 991 mum
175 920 277 1011 angit
299 921 460 991 omnium
477 921 625 993 animos.
684 920 724 991 si
743 920 841 992 voles
863 918 940 991 Deo
962 919 1049 990 obe·
1098 922 1221 991 sedent
1238 922 1399 992 doctores
1416 920 1454 989 in
1470 920 1625 992 culmine
1641 920 1776 1012 templi,
1800 934 1834 993 et
1850 920 2090 1014 quispersua-

50 1021 147 1107 dire,
175 1023 347 1114 amplecti
363 1020 615 1114 Evangelium,
639 1024 707 1094 crit
728 1022 874 1092 ferenda
895 1044 1047 1114 pauper·
1098 1023 1236 1092 sionem
1257 1022 1470 1113 sapientiae,
1495 1023 1540 1093 de
1562 1046 1599 1092 se
1615 1021 1835 1113 magnificam
1850 1017 2001 1108 habent,
2027 1026 2089 1093 de·

53 1138 120 1209 tas,
148 1124 324 1216 patienda
346 1124 431 1194 odia
451 1137 657 1217 potentum,
688 1126 874 1195 subeunda
903 1122 1046 1193 saevitia
1099 1124 1226 1196 iiciunt
1254 1149 1307 1207 se,
1332 1125 1379 1218 ,td
1408 1138 1477 1205 est,
1511 1138 1689 1198 ostentant
1719 1124 1852 1223 populo
1874 1147 1955 1195 suas
1979 1125 2090 1196 bellas
2204 1174 2211 1185 ·

52 1225 281 1318 principum,
313 1227 479 1297 miserere
502 1227 636 1298 errabis
656 1226 733 1296 sine
754 1229 882 1311 domo,
906 1239 967 1297 aut
989 1227 1047 1294 in·
1099 1225 1388 1316 imaginationes,
1415 1228 1492 1297 sine
1514 1228 1623 1297 verbo
1647 1240 1683 1298 et
1703 1226 1781 1298 sine
1804 1226 1987 1298 vocatione
2003 1250 2090 1297 con·

55 1327 251 1401 terlicicris.
307 1325 404 1400 llaec
425 1325 580 1400 humana
599 1342 726 1400 natura
749 1351 813 1420 per
833 1324 1048 1399 seselormi-
1099 1327 1215 1412 fictas,
1250 1342 1291 1400 ut
1319 1329 1403 1421 quia
1433 1325 1666 1399 Sanvosateno
1695 1328 1809 1419 placet
1833 1329 2012 1400 cavillatio
2044 1331 2090 1399 de

53 1430 126 1514 dat,
151 1442 188 1500 et
203 1428 374 1501 diabolus
390 1430 513 1502 obiicit
524 1430 746 1511 occasiones,
772 1425 890 1501 uthis
914 1430 1047 1522 cogita·
1100 1431 1228 1514 verbo,
1261 1454 1322 1502 seu
1354 1422 1475 1529 λόγῳ,
1508 1455 1616 1525 quam
1637 1430 1757 1509 finxit,
1790 1431 1925 1527 spargit
1950 1455 2027 1500 eam
2050 1431 2089 1501 in

54 1530 214 1603 donibus
229 1524 475 1603 vehementius
493 1532 630 1604 animos
645 1531 835 1603 concutiat.
885 1528 1048 1603 Haecest
1100 1533 1290 1624 populum,
1324 1531 1509 1603 discedens
1535 1556 1555 1602 a
1578 1544 1747 1624 perpetua
1766 1533 1939 1603 sententia
1963 1546 2090 1617 textus,

54 1656 188 1703 summa
203 1634 416 1706 verborum:
443 1631 483 1706 Si
497 1634 593 1705 filins
606 1634 674 1704 Ilei
691 1656 746 1718 es,
768 1634 845 1717 dic,
870 1645 911 1704 ut
932 1630 970 1703 hi
993 1633 1047 1703 la·
1099 1631 1199 1705 loan.
1228 1636 1262 1706 1.
1317 1632 1377 1705 Sic
1398 1637 1625 1705 commodum
1651 1634 1766 1705 visum
1783 1646 1833 1705 est
1858 1634 2089 1725 pontificibus

53 1734 258 1826 pidesfiant
282 1759 411 1826 panes,
437 1737 472 1806 id
495 1749 565 1821 est,
597 1737 680 1808 sies
698 1736 777 1807 Deo
803 1759 925 1816 curae,
950 1737 1046 1806 unde
1098 1738 1251 1807 condere
1272 1736 1364 1827 leges
1379 1738 1424 1805 de
1441 1737 1594 1807 cultibus
1611 1746 1646 1805 et
1661 1734 1849 1806 coelibatu.
1900 1734 1991 1805 Nam
2010 1759 2089 1827 spe·

51 1836 258 1908 victitabis?
283 1860 371 1909 num
393 1861 435 1909 cx
449 1837 656 1930 lapidibus?
695 1834 829 1931 Estque
851 1859 1046 1907 sarcasmus
1098 1838 1192 1908 ciosa
1216 1861 1271 1908 res
1293 1851 1344 1907 est
1360 1837 1421 1907 ille
1436 1837 1717 1909 ceremoniarum
1733 1840 1845 1921 ordo,
1872 1851 1905 1909 et
1920 1861 2088 1929 persona-

52 1938 188 2008 diaboli
210 1938 398 2012 irridentis
419 1936 624 2020 Christum,
662 1940 796 2010 scilicet
817 1939 954 2030 egregie
981 1964 1046 2008 vo·
1098 1964 1177 2010 rum
1202 1941 1344 2030 gradus.
1397 1937 1482 2010 ldeo
1508 1935 1593 2010 haec
1620 1939 1697 2009 sine
1721 1939 1928 2030 vocatione,
1953 1952 1989 2013 et
2012 1940 2089 2009 sinc

50 2042 188 2111 biscurn
213 2042 364 2131 agitur„
395 2042 427 2113 si
449 2042 580 2135 putatis
602 2064 664 2111 vos
692 2041 825 2112 servire
848 2039 942 2125 Deo,
982 2060 1046 2109 vos
1097 2042 1206 2111 verbo
1231 2041 1390 2112 instituta
1416 2056 1513 2112 sunt.
1562 2039 1685 2112 Placet
1706 2041 1926 2132 sapientibus
1949 2041 2035 2113 viris
2050 2043 2088 2112 in

52 2164 119 2211 esec
132 2142 235 2213 filios
249 2140 337 2229 Dei,
363 2144 446 2237 qui,
472 2144 501 2213 ii
518 2165 581 2214 vos
595 2156 753 2228 curaret,
779 2166 854 2213 uon
873 2143 1045 2213 concede-
1099 2140 1208 2214 lsrael
1234 2167 1353 2214 creare
1374 2165 1509 2233 regem,
1540 2138 1696 2213 habeant
1718 2157 1853 2214 certum
1875 2144 2020 2228 ducem,
2054 2158 2089 2216 et

51 2258 99 2314 ret
115 2244 287 2337 tyrannis
300 2244 338 2313 in
360 2269 425 2316 vos
449 2268 609 2317 exercere
631 2244 832 2331 saevitiam,
857 2267 932 2314 non
950 2245 1045 2315 sine-
1097 2246 1336 2326 defensorem,
1376 2269 1475 2315 more
1506 2245 1656 2315 aliarum
1683 2245 1855 2334 gentium.
1923 2243 1976 2314 lta
2006 2270 2088 2315 cum

53 2360 100 2415 ret
116 2368 205 2427 vos,
231 2361 368 2418 vestros
383 2347 514 2417 liberos
528 2348 620 2419 fame
636 2347 776 2437 necari,
802 2346 1044 2419 crudelissime
1097 2341 1260 2417 homines
1281 2347 1492 2418 naturaliter
1513 2347 1738 2418 delectentur
1753 2370 1816 2418 sua
1835 2346 2028 2439 sapientie,
2053 2360 2089 2418 et
2179 2392 2183 2399 ·

53 2444 215 2519 interfici.
267 2444 321 2519 lta
336 2448 502 2519 diabolus
526 2463 708 2541 oppugnat
722 2463 757 2521 et
772 2447 929 2521 concutit
943 2472 1046 2519 men·
1097 2462 1271 2543 quaerant
1298 2449 1554 2520 concinnitates
1585 2449 1623 2518 in
1649 2450 1758 2517 verbo
1782 2445 1850 2518 Dei
1872 2447 2089 2540 plausibiles.

10 2630 13 2659 Ι
54 2560 119 2633 tes,
145 2548 323 2619 obiiciens
347 2550 577 2641 cogitationes
594 2554 638 2620 de
662 2551 905 2641 providentia,
930 2564 965 2622 et
979 2552 1045 2620 ad·
1098 2551 1187 2622 ltem
1203 2575 1284 2622 cum
1303 2574 1426 2622 omncs
1442 2551 1552 2622 simus
1568 2550 1779 2621 naturaliter
1792 2544 2025 2647 φιλαρχικοὶ,
2052 2562 2089 2623 et

10 2670 12 2719 ;
54 2652 183 2719 ducens
199 2650 242 2719 in
260 2649 539 2741 dubitationem,
564 2676 612 2723 an
628 2650 724 2723 Deus
739 2652 830 2723 adsit
846 2652 962 2734 nobis,
987 2654 1043 2725 iu·
1096 2654 1208 2724 multa
1231 2653 1418 2737 ordinare,
1453 2665 1489 2723 et
1510 2652 1725 2724 constituere
1748 2653 1950 2744 cupiamus,
1974 2652 2087 2724 multa

55 2765 125 2835 vet,
151 2765 255 2826 curet
270 2775 347 2826 nos.
1097 2768 1194 2827 extra
1213 2754 1455 2834 vocationem,
1482 2767 1517 2826 et
1539 2754 1615 2824 sine
1631 2754 1740 2824 verbo
1757 2756 1923 2825 audacter
1938 2754 2087 2846 suscipi-

148 2850 250 2923 Haec
272 2855 410 2925 diaboli
434 2856 503 2926 tela
526 2851 691 2928 Christul
722 2855 852 2949 excipit
881 2856 1043 2949 opposito
1096 2881 1195 2943 mus,
1220 2851 1290 2925 hoc
1307 2870 1376 2937 est,
1403 2879 1440 2925 se
1457 2856 1607 2926 deiicere
1622 2857 1667 2925 de
1684 2855 1842 2926 culmine
1857 2856 1994 2948 templi.

54 2954 194 3050 clypeo,
220 2979 261 3026 ac
276 2956 397 3043 docet,
423 2958 527 3051 quale
543 2953 671 3029 sithoc
692 2980 804 3047 genus
827 2980 984 3050 pugnae,
1010 2973 1044 3031 et
1197 2955 1268 3026 Hic
1290 2981 1413 3032 rursus
1428 2959 1577 3050 opponit
1594 2953 1757 3029 Christus
1770 2958 1904 3028 dictum
1918 2958 2086 3047 gravissi-

55 3058 233 3150 quomodo
254 3058 452 3129 vincendus
474 3060 519 3130 sit
543 3053 602 3128 hic
625 3053 755 3144 hostis,
797 3064 976 3153 quomodo
1000 3063 1044 3130 de
1095 3084 1211 3130 mum:
1238 3057 1321 3129 Non
1346 3060 1499 3131 tentabis
1523 3059 1710 3130 dominum
1722 3056 1841 3129 Deum
1857 3073 1967 3131 tuom.
2019 3055 2086 3131 Est

56 3159 235 3230 voluntate
248 3159 316 3232 Dei
331 3161 562 3232 iudicandum
582 3163 638 3235 sit.
689 3160 772 3231 Non
789 3161 867 3231 solo
881 3186 972 3253 pane
989 3164 1043 3231 vi·
1096 3162 1192 3231 enim
1217 3173 1352 3233 tentare
1367 3159 1484 3231 Deum
1508 3160 1654 3254 proprie
1670 3172 1804 3230 certare
1819 3183 1900 3231 cum
1915 3157 2015 3251 Deo,
2042 3160 2085 3229 li-
2195 3228 2199 3235 ,

55 3259 98 3330 vit
119 3254 254 3348 homo,
279 3263 340 3333 sed
361 3264 460 3334 omni
484 3264 592 3334 verbo
617 3263 713 3356 qnod
739 3262 897 3353 procedit
917 3288 958 3333 cx
981 3289 1042 3333 ore
1095 3265 1198 3335 ducia
1224 3264 1387 3354 propriae
1409 3264 1620 3354 sapientiae,
1651 3261 1832 3344 iusticiae,
1857 3276 1918 3334 aut
1941 3262 2086 3347 virium,

54 3356 125 3435 liei.
187 3356 247 3433 Ex
280 3359 348 3433 hac
382 3364 614 3455 responsione
652 3365 888 3436 animadverti
918 3379 1042 3458 potest,
1094 3380 1129 3437 et
1143 3360 1209 3435 hac
1224 3365 1352 3435 fiducia
1368 3365 1583 3436 discederes
1600 3365 1810 3445 verboDei,
1846 3378 1881 3436 et
1897 3364 2084 3436 vocatione

54 3464 240 3557 praecipue
260 3459 353 3534 hanc
376 3468 484 3538 fuisse
506 3466 791 3547 dimicationem,
824 3492 931 3560 quam
956 3467 1041 3549 dixi,
1093 3490 1155 3538 seu
1180 3467 1406 3537 ordinatione
1423 3467 1508 3539 Dei.
1560 3465 1622 3539 Sic
1642 3480 1787 3558 peccant
1810 3488 1936 3535 omnes
1958 3460 2084 3537 haere·

53 3568 90 3635 de
117 3565 341 3636 defensione.
405 3565 613 3663 Respondet
646 3568 755 3657 igitur
783 3564 965 3655 Christus,
1005 3576 1041 3640 se
1094 3569 1173 3650 tici,
1206 3569 1257 3637 sic
1281 3582 1426 3661 peccant
1449 3583 1588 3640 autores
1610 3592 1787 3637 novorum
1810 3568 1991 3659 cultuum,
2019 3570 2083 3662 qui

52 3666 217 3737 puniens
230 3680 265 3737 et
279 3669 495 3741 confirmans
511 3672 621 3741 verbo
643 3666 723 3741 Dei.
775 3667 872 3739 Hinc
894 3685 1042 3744 testatur
1093 3671 1314 3742 discedentes
1334 3695 1353 3740 a
1371 3672 1479 3742 verbo
1492 3669 1577 3752 Dei,
1604 3670 1786 3759 imaginati
1803 3684 1887 3741 sunt
1904 3668 2082 3742 Monosti-

54 3769 242 3841 rediscere
263 3770 483 3844 voluntatem
504 3768 592 3854 Dei,
635 3772 697 3864 qui
722 3772 904 3865 pollicitus
926 3785 976 3844 est
1003 3796 1041 3845 se
1094 3796 1160 3843 cen
1176 3795 1251 3843 esse
1265 3797 1339 3842 rem
1355 3772 1550 3863 insignem,
1576 3794 1667 3865 quae
1681 3773 1762 3864 plus
1776 3774 1871 3865 apud
1886 3766 2002 3843 Deum
2019 3796 2082 3842 va-

53 3870 254 3941 sdloturum
284 3894 358 3943 esse
376 3870 563 3944 Ecclesiae.
623 3872 729 3945 Vivet
752 3873 861 3964 igitur
881 3872 1039 3947 Ecclesia
1091 3874 1200 3946 litura
1232 3888 1338 3960 esset,
1368 3898 1475 3969 quam
1503 3897 1609 3967 opera
1637 3872 1838 3944 communis
1867 3874 1970 3948 vitae.
2020 3872 2082 3947 Sic

53 3968 245 4044 ethabebit
260 3972 414 4059 victum,
437 3976 699 4055 defensionem,
726 3976 860 4046 etiamsi
882 3971 1038 4048 humana
1092 3975 1250 4069 peccavit
1269 3976 1421 4067 populus
1436 3974 1548 4047 lsrael
1570 3998 1632 4046 sua
1654 3975 1848 4068 sapientia,
1873 3998 1990 4064 regem
2011 3974 2081 4046 tta·

53 4098 111 4165 spe
135 4073 380 4148 destituimur.
439 4073 553 4163 Mibi,
584 4077 723 4170 inquit,
756 4077 841 4147 satis
864 4092 916 4148 est
939 4081 1039 4174 sequi
1090 4079 1226 4169 gitans,
1252 4102 1333 4148 cnm
1348 4079 1438 4149 scire
1454 4078 1598 4149 deberet
1616 4078 1655 4147 iu
1672 4078 1805 4168 populo
1823 4075 1896 4146 Dei
1912 4099 1986 4147 non
2005 4100 2081 4147 esse

53 4176 196 4248 verbum
213 4172 299 4261 Dei,
320 4178 560 4264 vocationem,
583 4181 811 4264 mandatum,
837 4193 872 4251 et
885 4182 1038 4271 promis·
1091 4181 1374 4251 constituendam
1397 4181 1550 4250 formam
1570 4179 1734 4270 politiae,
1765 4177 1842 4246 sine
1862 4178 1958 4249 claro
1976 4202 2080 4249 man·

53 4276 203 4357 sinna,
229 4300 351 4348 curem
366 4279 500 4365 victus,
524 4280 753 4366 defensionis,
779 4296 945 4354 eventum
960 4277 1037 4354 Deo
1091 4284 1174 4352 dato
1191 4279 1278 4367 Dei,
1301 4295 1337 4353 et
1352 4280 1468 4354 Deum
1491 4281 1604 4367 velle,
1624 4295 1665 4350 ut
1687 4280 1733 4350 ab
1750 4302 1791 4349 eo
1807 4279 1885 4370 ipso
1900 4279 2078 4352 defensio·

52 4380 280 4464 commendo,
313 4393 349 4450 ot
367 4375 454 4452 haec
477 4382 508 4451 si
529 4383 664 4464 fecero,
692 4382 823 4456 vivam.
875 4382 1038 4455 Vivimus
1089 4407 1172 4455 nem
1189 4398 1396 4477 expectaret.

51 4478 137 4549 enirn
163 4480 397 4567 mirabiliter,
435 4482 511 4555 Deo
543 4508 609 4554 nos
641 4497 890 4568 sustentante„
937 4484 1036 4558 Sicut
1192 4482 1314 4558 Tertia
1344 4484 1492 4556 tentatio
1515 4495 1567 4554 est
1587 4483 1698 4573 magis
1719 4477 1899 4553 horrenda
1922 4483 2077 4568 caeteris,

49 4580 160 4676 inquit
174 4579 310 4654 Psalm.
325 4584 379 4655 4.:
406 4582 540 4657 Scitote
554 4588 651 4680 quod
666 4584 762 4657 Deus
777 4586 939 4659 mirificat
954 4611 1036 4657 san·
1089 4584 1255 4658 diabolus
1277 4586 1507 4678 impudenter
1534 4586 1688 4677 postulat
1709 4608 1747 4654 se
1768 4586 1927 4668 adorari,
1953 4600 1987 4656 et
2009 4610 2075 4677 pro

50 4696 137 4753 dum
160 4706 288 4771 suum,
313 4685 351 4756 id
373 4699 444 4768 cst,
476 4686 703 4759 mirabilibus
726 4689 841 4758 modis
862 4691 970 4780 regit,
997 4714 1037 4760 ac
1088 4682 1157 4758 hoc
1179 4688 1296 4758 officio
1317 4688 1492 4779 promittit
1513 4687 1661 4779 imperia
1685 4687 1824 4758 mundi.
1880 4685 1954 4756 Nec
1978 4687 2075 4775 cogi·
2156 4717 2159 4721 ⁴

51 4782 183 4860 liberat.
552 4876 557 4883 ι
1088 4791 1238 4860 tandum
1271 4802 1324 4860 est
1350 4790 1459 4860 fuisse
1487 4785 1555 4861 hoc
1576 4790 1655 4860 leve
1676 4802 1860 4861 certamen.
1930 4783 2075 4861 Offudic

143 4884 315 4959 Caeterae
328 4891 542 4961 tentationes
564 4905 648 4963 sunt
672 4892 783 4983 magis
806 4914 974 4978 arcanae,
1000 4905 1036 4964 et
1088 4891 1142 4960 illi
1163 4891 1353 4981 praestanti
1369 4893 1467 4977 viro,
1494 4905 1666 4986 quantum
1684 4890 1852 4962 decussit
1870 4889 2072 4983 imperium,

51 5009 108 5057 nos
122 4990 251 5060 crassis
267 4992 522 5083 cupiditatibus
536 4995 695 5085 occupati
709 5019 784 5064 non
802 4994 1035 5084 intelligimus
1088 5006 1260 5087 quantum
1284 4993 1359 5084 ipse
1381 4990 1544 5065 Christus
1565 4992 1710 5084 ingenio
1725 5007 1760 5065 et
1775 4992 1906 5062 virtute
1920 4992 2071 5063 antecel-

52 5085 102 5159 illa
124 5114 255 5161 arana
277 5095 469 5164 certamina
503 5096 695 5194 sapientiae
717 5110 751 5168 et
774 5097 918 5187 gloriae.
969 5094 1034 5167 Se·
1087 5096 1138 5165 lat
1159 5094 1328 5166 omnibus
1349 5097 1501 5185 regibus.
1554 5094 1679 5165 Talem
1695 5096 1813 5166 virum
1832 5096 1978 5184 dignum
1998 5116 2072 5164 esse

20 5194 154 5263 -conda
169 5196 320 5265 tentatio
335 5212 389 5266 est
408 5199 452 5265 de
467 5197 639 5289 sapientia
663 5211 696 5266 et
720 5200 765 5267 de
789 5198 910 5288 gloria.
964 5193 1034 5270 Of·
1067 5192 1314 5287 monarchia,
1376 5199 1480 5267 talem
1525 5198 1722 5291 principem
1762 5197 1839 5265 fore
1881 5196 2069 5264 salutarem

53 5290 158 5366 londit
189 5296 355 5369 diabolus
378 5293 524 5369 Christo
554 5298 818 5390 cogitationem,
852 5302 1032 5393 quomodo
1085 5302 1233 5374 mundo.
1285 5296 1402 5388 Quid,
1429 5301 1524 5392 quod
1540 5298 1692 5370 Messias
1714 5297 1885 5389 promissa
1902 5296 1948 5367 sit
1962 5321 2065 5366 mun-

55 5386 116 5467 Deo
136 5422 245 5471 curae
265 5399 334 5487 sit,
360 5422 450 5470 num
475 5401 527 5471 sic
550 5402 680 5488 ctiam,
715 5416 756 5474 ut
776 5402 963 5473 adiuturos
984 5401 1032 5474 sit
1084 5403 1121 5471 di
1153 5397 1377 5474 haereditas?
1426 5402 1527 5473 Haec
1553 5415 1588 5472 et
1610 5399 1680 5471 alia
1700 5399 1810 5470 multa
1834 5399 1965 5471 obiecit
1988 5399 2066 5468 dia-
