4522 5782
41 126 187 287 ¹'¹9th
368 206 423 277 ,Α
645 178 1553 270 ···'ttttt1.affls·sffltmttxttutrtca;
1598 194 1614 233 ·'
1671 164 1702 235 '-
1775 190 1875 255 aare
1919 204 1945 229 ε
2065 186 2135 264 Μ

112 369 230 463 parlari
257 368 431 441 iusticiam
461 367 689 438 credentibus
712 367 751 435 in
775 366 1030 450 mediatorem,
1064 377 1099 438 et
1152 359 1322 434 horribili
1337 361 1481 432 lremitu
1496 383 1578 431 eum
1593 363 1766 448 oderunt,
1784 374 1821 433 st
1843 356 2073 432 mesomelas
2088 363 2134 431 al·

114 495 338 559 communem
367 470 566 540 doctrinam
588 493 684 555 esee,
722 482 757 539 et
779 471 821 538 ad
848 482 956 538 totam
980 466 1102 537 Eccle-
1150 466 1296 544 ficiunt,
1320 466 1416 557 quod
1436 465 1481 533 sit
1498 464 1696 559 inaequalis
1718 462 2035 558 moretyrau'uicu·
2071 462 2138 535 Da-

51 565 54 571 ’
114 576 201 643 siam
223 574 410 664 pertinere.
465 569 538 639 lam
556 571 750 661 particulae
766 571 1037 640 considerentur
1058 572 1103 639 de
1152 569 1211 636 vid
1235 591 1339 651 vero,
1369 561 1561 649 Ezechias,
1593 564 1743 650 Dadiel,
1777 565 1901 635 etalii
1925 563 2138 634 sanctivere

118 688 244 744 statura
269 675 367 743 fidei:
394 672 556 744 Credidit
580 672 702 742 contra
724 695 821 764 spem
848 672 887 740 iu
907 695 1026 766 spem,
1065 673 1102 740 id
1153 672 1316 739 tribuunt
1344 667 1492 757 gloriam
1517 666 1613 752 Deo,
1648 668 1746 738 iuxta
1776 668 1875 736 illam
1905 664 2137 757 copulativam

119 793 193 861 est,
227 790 349 845 contra
376 777 511 844 obiecta
528 776 627 865 spei,
653 788 797 865 propter
814 784 911 867 quae
928 773 1018 843 ratio
1039 774 1102 841 de·
1152 794 1257 862 supra
1274 771 1466 840 recitatam.
1518 768 2004 841 Nousolumfatenturesse
2021 763 2139 851 Deum,

118 892 251 968 sperat,
294 875 441 946 lnnirus
464 889 512 945 est
536 877 674 945 obiecto
699 875 871 944 invisibili
900 874 974 945 Deo
1000 898 1105 944 mou·
1154 889 1188 943 ει
1213 873 1433 943 conditorem
1458 895 1498 939 ac
1519 871 1715 956 vindicem,
1740 873 1799 940 sed
1823 872 1931 942 etiam
1951 884 2138 960 aguoacuut

119 993 228 1050 strato
247 980 284 1046 in
303 980 555 1069 promissione,
581 979 670 1046 sicut
688 978 773 1045 fides
796 992 845 1047 est
861 974 1008 1074 ἔλεγχος
1031 1000 1104 1046 non
1154 991 1189 1046 et
1203 975 1360 1043 fatentur
1375 975 1509 1042 bonurn
1529 987 1563 1042 et
1578 973 1842 1042 misericordem
1855 995 1951 1052 esse,
1966 971 2139 1063 'recipien-

119 1081 377 1173 adpetentium.
430 1078 562 1148 bloisrs
587 1080 717 1162 credit,
749 1103 785 1147 se
810 1102 996 1149 evasurum
1021 1102 1105 1155 esse,
1155 1091 1245 1160 tem,
1271 1076 1515 1144 exaudientem
1533 1089 1567 1144 et
1586 1076 1778 1144 salvantem
1798 1076 2009 1145 invocantes
2031 1073 2139 1164 ipsunt

2174 260 2178 327 l

120 1206 323 1275 quanquam
349 1177 459 1251 hostis
482 1182 590 1250 instat
612 1194 647 1250 et
670 1181 880 1251 interclusus
903 1196 955 1251 est
974 1181 1106 1250 monti·
1157 1191 1299 1268 propter
1324 1177 1448 1250 lilium.
1520 1174 1589 1246 Ubi
1617 1172 1703 1246 haec
1734 1178 1821 1246 lides
1845 1177 1941 1247 lucet
1968 1175 2008 1243 in
2033 1178 2139 1259 corde,
2175 1252 2178 1265 Ι

119 1285 187 1352 hus
212 1296 246 1353 ct
269 1285 368 1351 mari.
422 1280 580 1373 Baptista
602 1284 714 1352 credit
743 1305 779 1350 se
812 1284 989 1352 victurum
1021 1305 1108 1366 esse,
1159 1303 1239 1348 vere
1267 1279 1438 1347 tribuitur
1462 1275 1539 1346 Deo
1561 1279 1693 1367 gloria,
1725 1294 1760 1349 ει
1782 1280 1937 1349 sentitur
1953 1277 2033 1347 eius
2050 1300 2138 1366 prae·
2175 1276 2178 1285 '

122 1385 257 1454 etiamsi
281 1384 503 1455 interficitur.
555 1381 697 1477 Ubique
714 1408 861 1472 magnae
883 1398 964 1454 sunt
980 1385 1106 1454 co'nlu-
1157 1381 1291 1468 sentia,
1327 1395 1360 1449 et
1390 1393 1606 1449 sustentatur
1637 1404 1699 1449 cor
1719 1381 1847 1451 fiducia
1871 1379 2000 1449 auxilii
2023 1379 2138 1449 divini.

121 1487 238 1554 siones
254 1487 392 1574 generis
409 1481 568 1566 hnmani,
584 1498 618 1554 et
633 1486 783 1555 multum
803 1486 982 1569 vitiorum,
998 1510 1106 1579 quae·
1159 1482 1228 1553 Ubi
1248 1505 1330 1548 vero
1349 1480 1433 1549 haec
1452 1484 1536 1549 fides
1556 1505 1628 1550 nnn
1646 1483 1736 1551 lucet
1753 1483 1790 1550 in
1808 1484 1936 1565 corde,
1965 1477 2074 1550 booro
2086 1494 2139 1549 aul

114 1582 232 1656 =rimus
255 1589 382 1676 igitur:
410 1586 467 1655 An
487 1587 532 1656 sit
552 1600 585 1655 et
603 1587 664 1654 nbi
687 1588 730 1657 sit
750 1585 934 1656 Ecclesia?
959 1591 1018 1656 sed
1038 1589 1108 1655 bde
1159 1606 1302 1653 securus
1325 1597 1373 1652 est
1398 1607 1496 1652 more
1512 1580 1709 1672 Epicureo,
1742 1587 1798 1652 vel
1819 1584 2047 1667 academico,
2074 1583 2138 1672 ple·

121 1692 349 1758 statuendum
373 1703 442 1770 est,
475 1701 509 1757 et
534 1711 608 1756 esse
631 1690 786 1780 aliquam
812 1687 878 1757 Dei
906 1686 1110 1771 Ecclesiam,
1161 1685 1526 1769 naudubitationuru,
1554 1700 1587 1755 et
1611 1709 1685 1753 non
1709 1701 1760 1756 est
1786 1685 2043 1755 domiliciliuur
2068 1684 2138 1769 Dei,

120 1804 155 1860 et
176 1791 271 1861 iuter
292 1785 355 1861 has
378 1791 500 1860 ruinas
525 1790 650 1858 mundi
675 1814 748 1861 uon
771 1814 917 1884 prorsus
943 1792 1110 1863 interitu·
1160 1803 1220 1856 aut
1236 1788 1392 1856 sentiens
1411 1789 1498 1855 iram
1514 1782 1739 1858 horribiliter
1765 1788 1853 1878 lugit
1870 1787 2003 1858 Deum.
2056 1784 2139 1855 Neu·

120 1915 198 1961 rum
224 1915 307 1966 esse.
1161 1891 1204 1960 tri
1231 1890 1398 1957 invocant
1423 1887 1556 1976 Deum,
1592 1891 1708 1957 neutri
1732 1905 1917 1980 expectant
1941 1888 2138 1957 assailiuma

541 2057 548 2074 ,
592 1984 626 2075 ⁵,
696 2057 702 2073 ,
743 2058 750 2075 ,
844 2060 851 2077 ,
1161 1992 1356 2074 Deo‚idro
1374 2015 1445 2058 non
1464 1991 1628 2060 tribuunt
1650 1993 1681 2058 ei
1697 1992 1848 2081 gloriam
1871 1991 2064 2075 bonitatis,
2087 1992 2137 2059 sed

336 2052 427 2130 ΝΜ
454 2054 638 2130 dumam
660 2051 888 2161 d‘ffi‘lm‘m·
1161 2094 1321 2163 afficiunt
1337 2117 1418 2161 eum
1439 2093 1663 2165 contumelia.

2173 1678 2178 1797 ι

222 2192 292 2266 Hic
308 2217 468 2285 expresse
485 2195 640 2265 ostendit
660 2194 765 2262 iidem
791 2211 824 2266 et
850 2194 1109 2266 dubitationem
1261 2194 1314 2266 Ex
1342 2189 1409 2263 hac
1437 2188 1605 2265 antithesi
1636 2195 1758 2287 aliquo
1794 2193 1905 2263 modo
1939 2182 2139 2284 intelligitur
2176 2246 2178 2255 .

7 2288 12 2297 ’
111 2278 216 2368 ¹inter
237 2322 274 2367 se
298 2320 473 2391 pugnare,
499 2312 534 2366 et
557 2298 784 2365 eluctaudum
810 2319 882 2365 esse
906 2322 946 2365 ex
969 2298 1111 2365 dubita·
1162 2294 1339 2366 horrenda
1361 2310 1500 2387 peccata
1522 2320 1613 2374 esse.
1641 2320 1714 2366 non
1738 2297 1880 2365 credere
1904 2297 2139 2365 remissionem

122 2401 232 2473 tione.
285 2398 468 2488 Languida
487 2399 592 2481 tides,
617 2400 677 2467 sed
694 2412 809 2466 tannen
826 2400 910 2466 hdes
925 2412 976 2468 est
994 2400 1030 2466 iu
1048 2400 1111 2466 illo
1163 2413 1408 2489 peccatorum,
1442 2411 1478 2469 et
1506 2399 1769 2468 uon-invocare
1793 2400 1932 2483 Deum,
1970 2399 2138 2491 quianon

123 2503 215 2591 apud
242 2499 426 2581 Marcum,
458 2501 519 2591 qni
545 2500 676 2592 inquit:
711 2496 827 2568 Credo
853 2500 1022 2577 Domine,
1050 2504 1109 2569 sed
1163 2501 1333 2570 tribuitur
1347 2497 1544 2589 gloriaDeo
1562 2500 1694 2569 debita.
1720 2497 1931 2571 Exciteutur
1946 2524 2033 2591 ergo
2046 2502 2139 2570 corda

72 2644 78 2651 ,
123 2625 227 2692 opem
251 2602 319 2671 fert
344 2601 566 2671 diffidentiae
592 2625 702 2674 aneae.
762 2602 811 2671 lta
836 2602 981 2670 eluctari
1005 2604 1110 2671 iidem
1161 2607 1203 2671 ad
1229 2626 1346 2671 veram
1369 2604 1656 2685 couversionem,
1699 2619 1735 2673 et
1757 2602 1942 2691 erigantur
1963 2603 2034 2671 lide
2062 2601 2139 2671 acci·
2175 2600 2178 2647 ἕ

124 2729 164 2773 ex
181 2703 403 2773 dubitatione
419 2726 557 2773 necesse
574 2716 644 2785 est,
666 2703 799 2795 alioqui
817 2729 888 2773 non
906 2719 1113 2797 sequeretur
1164 2705 1464 2796 pientebenelicia
1479 2704 1704 2788 mediatoris,
1720 2717 1754 2773 ct
1772 2719 1891 2794 petant
1909 2704 2034 2794 augeri
2049 2706 2139 2772 fidem

124 2807 231 2875 fidem
256 2828 341 2894 pax,
364 2827 425 2873 seu
448 2804 592 2878 laetitia.
645 2802 808 2894 Repetite
825 2821 875 2876 est
891 2801 976 2875 haec
1000 2806 1111 2897 parti·
1161 2819 1195 2875 et
1215 2830 1332 2874 veram
1351 2807 1624 2875 invocationem.
1666 2805 1718 2875 De
1737 2802 1801 2874 hac
1816 2807 1930 2896 gloria
1947 2829 2053 2896 saepe
2068 2828 2140 2875 cun·

123 2907 202 2977 cula
223 2907 261 2974 in
283 2907 455 2975 dictione:
490 2902 616 2975 Certus
636 2906 712 2978 luit.
746 2905 842 2976 Haec
864 2908 1038 2978 certitudo
1062 2920 1112 2977 est
1162 2909 1351 2977 cionantnr
1373 2907 1592 2998 Prophetae,
1620 2907 1843 2977 utleremiae
1864 2909 1943 2980 lh:
1972 2905 2140 2980 DateDo-

83 3082 98 3099 ,
124 3007 287 3077 assentiri
317 3009 427 3077 verbo
455 3006 523 3076 Dei
552 3022 585 3079 et
620 3008 869 3095 promissioni,
910 3035 975 3079 nec
1005 3010 1110 3078 avelli
1135 3054 1140 3111 ι
1163 3010 1260 3077 mino
1289 3006 1365 3078 Deo
1390 3026 1507 3080 vestro
1538 3011 1688 3099 gloriam
1719 3025 1909 3102 antequam
1944 3011 2033 3081 fient
2054 3024 2140 3081 tene·

122 3124 269 3201 propter
289 3109 486 3193 contraria,
525 3133 615 3201 qnae
640 3109 731 3179 ratio
752 3112 923 3181 ostendit:
958 3127 997 3183 ut
1020 3112 1111 3181 ratio
1163 3113 1269 3196 brae,
1310 3112 1345 3181 id
1378 3126 1448 3198 est,
1478 3110 1622 3181 Credite
1652 3112 1684 3180 ei
1714 3113 1810 3181 iuxta
1838 3134 1965 3181 omnes
1987 3112 2140 3183 articulos

123 3213 228 3295 dicit,
260 3212 391 3302 populo
415 3213 634 3302 impossibile
658 3225 709 3281 est
735 3236 797 3302 pec
820 3238 929 3303 aquas
954 3217 1113 3298 evadere,
1163 3211 1548 3299 hdei,Convertimini
1574 3227 1609 3284 et
1637 3214 1800 3285 invocate
1820 3238 1912 3286 eum.
1974 3211 2024 3284 Et
2038 3212 2140 3283 Mala·

123 3315 184 3383 sed
203 3312 337 3382 Moises
356 3315 549 3382 assentiens
568 3315 795 3402 promissioni
819 3317 962 3383 divinae
984 3318 1112 3386 retinet
1163 3312 1262 3385 chiae
1278 3320 1329 3387 2:
1357 3317 1396 3389 Si
1412 3315 1600 3385 nolueritis
1618 3317 1761 3399 audire,
1788 3331 1822 3384 et
1838 3318 1866 3386 si
1885 3316 2076 3387 nolueritis
2088 3338 2140 3407 pc-

30 3494 34 3512 .
123 3414 384 3492 certitudinem.
418 3412 532 3498 State,
557 3415 694 3507 iuquit,
721 3431 755 3486 et
779 3416 944 3487 videbitis
968 3442 1113 3507 magno·
1163 3441 1247 3486 uere
1269 3441 1375 3509 super
1399 3444 1479 3500 eor,
1519 3429 1560 3486 ut
1590 3417 1680 3486 detis
1710 3419 1858 3508 gloriam
1888 3420 2032 3487 nomini
2064 3438 2140 3499 mee,

125 3517 174 3584 lia
204 3512 284 3585 Dei.
1162 3521 1213 3589 ait
1243 3520 1423 3592 Dominus
1452 3519 1691 3605 exercituum,
1732 3522 1871 3609 mittaru
1909 3521 1949 3588 in
1980 3544 2046 3591 vos
2074 3541 2139 3610 ega·

227 3612 385 3685 Additur
409 3611 467 3684 hic
494 3614 682 3706 particula:
726 3615 824 3689 Dans
848 3620 998 3708 gloriam
1026 3621 1112 3691 Deo.
1163 3635 1301 3696 statem.

124 3717 205 3787 lloc
226 3718 364 3808 insigne
389 3719 615 3808 praeconium
632 3719 712 3788 tidei
735 3734 797 3793 est.
850 3720 1013 3792 Gloriam
1037 3721 1112 3792 Deo
1283 3790 1289 3806 ,

49 3856 59 3869 ·
126 3820 301 3907 tribuere,
334 3832 386 3888 est
408 3843 489 3889 vere
511 3842 700 3910 agnoscere
725 3837 758 3893 et
781 3823 978 3906 celebrare,
1014 3826 1112 3918 quod
1162 3787 1347 3862 demw
1370 3797 1420 3905 “f
1442 3797 1589 3884 propter
1608 3798 1757 3885 P⁶⁶⁶⁰²⁰
1789 3798 1942 3878 mim,
1978 3799 2011 3862 δῖ
2034 3808 2137 3861 '‘5¹¹'’

126 3924 172 3993 sir
188 3921 302 4012 Deus,
328 3933 362 3989 et
378 3922 476 4013 quod
501 3923 548 3992 sit
566 3924 723 4012 sapiens,
750 3948 871 4009 verax,
898 3928 1032 4012 bonus,
1055 3928 1113 3995 in.
1261 3960 1266 3974 ·
1326 3890 1997 3988 “2⁷1PV⁰PW‘'uslicl'amnvslmm.

128 4039 221 4107 stus,
256 4022 500 4113 omnipotens,
545 4024 701 4107 vindex,
743 4027 968 4113 misericors,
1007 4050 1113 4118 agens
1265 4028 1449 4099 Discernit
1473 4026 1606 4097 Paulus
1631 4028 1796 4098 meritum
1821 4006 2139 4101 cbriui'udisu'e

128 4127 300 4211 liberum,
326 4126 622 4196 conditortotius
645 4127 777 4217 opificii
799 4130 946 4214 mundi,
972 4154 1113 4200 conser-
1165 4133 1349 4204 bulionem
1380 4129 1510 4201 meriti.
1578 4129 1670 4201 Tota
1701 4132 1903 4201 obedientia
1936 4129 2072 4204 Christi
2100 4142 2156 4229 ιιιΙ

129 4251 215 4296 vaus
236 4250 312 4311 res,
347 4227 499 4318 diligens
514 4243 548 4298 et
563 4251 690 4297 curans
705 4251 815 4319 genus
831 4226 1048 4318 humanum,
1080 4247 1114 4302 et
1166 4239 1315 4325 pretium
1339 4257 1402 4324 pro
1431 4231 1563 4301 uostris
1594 4234 1743 4322 peccatis
1764 4246 1799 4304 et
1822 4233 2054 4325 propiciatio,
2082 4254 2140 4327 qua
2176 4250 2178 4319 ;

129 4342 274 4419 propter
302 4329 415 4399 lilium
447 4330 616 4419 colligens
648 4346 826 4403 aeternam
849 4330 1043 4403 Ecclesiam
1075 4336 1113 4402 in
1166 4339 1324 4429 placatur
1343 4336 1394 4403 ira
1419 4331 1497 4406 Dei.
1549 4332 1746 4405 Reviviscit
1767 4350 1883 4405 autem
1906 4332 2090 4421 Christus,
2115 4348 2141 4401 et
2176 4376 2178 4429 3

130 4453 257 4516 genere
280 4425 455 4515 humano,
491 4433 681 4501 exaudiens
704 4445 739 4502 et
759 4434 884 4503 iuvans
909 4436 1115 4507 invocantes
1166 4439 1248 4532 quia
1265 4453 1316 4508 est
1338 4437 1451 4507 victor
1470 4437 1612 4516 mortis,
1639 4450 1674 4506 et
1696 4451 1736 4507 ut
1753 4456 1878 4531 regnet
1901 4463 1942 4507 ac
1959 4440 2066 4509 nobis
2081 4460 2142 4505 ms·

130 4531 259 4599 liducia
279 4532 361 4616 lilii,
376 4534 640 4603 communicans
663 4535 767 4604 nobis
787 4536 961 4630 seipsum,
977 4552 1012 4608 et
1027 4541 1116 4610 daus
1167 4545 1235 4611 rita
1256 4563 1319 4610 sua
1343 4539 1514 4628 adplicet,
1543 4564 1581 4607 ac
1604 4541 1729 4609 reddat
1753 4542 1857 4609 nobis
1873 4541 1984 4611 vitam
2000 4556 2035 4612 ει
2051 4540 2142 4612 iusti·

132 4634 235 4702 nubis
249 4631 421 4723 Spiritum
439 4648 597 4706 sanctum
616 4651 650 4707 et
668 4638 778 4707 vitam
795 4653 985 4709 aeternam.
1019 4640 1116 4712 Haec
1167 4649 1472 4729 eiomaeternam‚
1499 4638 1966 4713 sicutOseae15.dicitur:
1994 4638 2140 4724 Omors,

130 4749 203 4805 tnta
220 4735 418 4839 copulativa
428 4734 745 4834 comprehenditur
760 4735 994 4815 inhocdicto:
1018 4743 1117 4814 Dans
1169 4770 1230 4815 eru
1244 4767 1338 4814 mors
1354 4756 1432 4824 tua,
1447 4757 1481 4809 ct
1498 4743 1634 4811 inferne
1649 4767 1710 4812 ero
1731 4745 1836 4835 pestis
1849 4759 1920 4815 tua.
1969 4741 2017 4814 Et
2031 4743 2152 4814 Esaiae·

7 4882 10 4887 -
100 4837 279 4928 ¹gloriam
309 4832 396 4908 Deo.
1019 4832 1022 4837 ’
1169 4850 1249 4922 25.;
1276 4848 1633 4936 Absorptaestmors
1654 4847 1930 4939 inperpetuum.
1983 4842 2144 4945 thuan-

234 4937 344 5008 Fiunt
367 4954 481 5011 antem
511 4936 597 5010 haec
627 4942 779 5014 illustria
803 4941 981 5018 antithesi.
1028 4943 1117 5037 Epi·
1170 4974 1275 5044 quam
1300 4950 1396 5017 aliud
1420 4960 1472 5015 est
1494 4949 1658 5017 meritum
1681 4946 1834 5031 Christi,
1860 4964 1895 5020 et
1918 4950 2019 5019 aliud
2042 4948 2143 5041 adpli-

133 5043 229 5111 curci
245 5064 318 5109 nou
333 5041 495 5112 tribuunt
511 5044 660 5129 gloriam
678 5043 773 5131 Deo,
789 5049 872 5138 quia
888 5049 1021 5131 dicunt,
1038 5071 1117 5118 eum
1170 5053 1261 5123 catio
1278 5055 1321 5120 ad
1337 5073 1421 5132 nos,
1447 5064 1566 5121 tamen
1590 5048 1675 5121 haec
1698 5051 1889 5143 adplicatio
1911 5052 1963 5122 ita
1990 5053 2029 5122 lit
2050 5049 2143 5123 simal

134 5140 227 5213 nihil
249 5156 398 5213 esseaut
420 5140 734 5216 uibilcurareetc.
788 5146 951 5233 Diaboli,
974 5164 1007 5219 ει
1022 5149 1119 5236 Saul,
1169 5171 1203 5225 et
1229 5157 1351 5223 eodem
1383 5166 1560 5240 tempore,
1599 5179 1679 5222 curn
1716 5151 1824 5223 homo
1857 5156 2079 5226 convertitur
2108 5156 2143 5221 ad

46 5344 49 5351 Ι
135 5243 242 5314 ludas
267 5259 303 5314 et
326 5247 459 5315 similes
482 5268 555 5314 csse
576 5261 712 5316 norunt
736 5249 874 5333 Deum,
900 5265 933 5318 et
956 5254 1118 5324 conditu·
1169 5254 1303 5337 Deum,
1329 5269 1364 5324 et
1385 5257 1453 5322 lide
1475 5279 1514 5321 ac
1537 5258 1718 5342 agnitione
1738 5258 1802 5325 filii
1828 5254 1896 5326 Dei
1922 5258 2090 5349 erigitur,
2113 5266 2144 5324 ut

21 5393 25 5402 .
136 5369 211 5413 rem
229 5346 463 5419 ac-viudicem
478 5370 573 5434 esse,
603 5361 637 5418 et
652 5349 812 5421 sentiunt
832 5352 908 5422 eiua
923 5352 1033 5440 iram,
1058 5357 1119 5425 sed
1170 5358 1276 5428 simul
1293 5358 1378 5427 barat
1399 5357 1558 5426 remissio
1581 5375 1826 5450 peccatorum,
1850 5359 2074 5445 iustificata,
2098 5380 2144 5427 rc·
