4522 5782
313 856 745 952 construuntur
781 855 849 940 IN
888 846 1243 942 EPISTOLAM
1279 854 1465 944 raum
1502 855 1586 941 ΑΙ)
1624 852 1933 942 ROMANOS.

980 1086 1259 1106 ——nuu-——nnn

159 1317 490 1408 Arpumeulum
520 1305 774 1398 Epistulae
806 1305 946 1378 Paula·
989 1303 1045 1375 ad
1149 1246 1353 1379 Evanpelii,
1383 1241 2127 1375 nonniusconsolatto'conscienttamu,

479 1415 718 1482 Romanos,
1151 1415 1225 1461 uon
1249 1415 1329 1460 vera
1354 1390 1531 1460 invocatio
1546 1390 1833 1480 retineripotest.
1885 1385 1994 1478 Quod
2016 1400 2123 1477 sonu

559 1563 562 1568 .
1152 1494 1284 1564 Paulus
1305 1494 1350 1562 dc
1373 1487 1440 1563 hac
1461 1493 1537 1583 ipsa
1561 1492 1733 1564 sententia
1763 1492 2013 1578 concionatur,
2052 1491 2122 1563 satis

109 1558 323 1676 nuaesunt
339 1596 510 1688 epistolae
524 1607 658 1687 partes:
684 1592 948 1684 priorcontiuet
958 1592 1099 1680 longam
1152 1597 1263 1688 liquet
1283 1619 1326 1669 ex
1348 1595 1460 1684 ipsius
1487 1617 1661 1667 sermone.
1725 1589 1938 1665 Retinemus
1960 1593 2067 1684 igitur
2086 1617 2119 1665 re

110 1703 402 1795 disputationem:
429 1697 761 1787 inposterioresunt
779 1698 1006 1787 praeceptade
1022 1719 1098 1761 mo·
1152 1693 1280 1790 ῥητὸν,
1308 1698 1389 1790 quia
1412 1699 1456 1764 ad
1480 1696 1517 1765 id
1543 1708 1743 1784 congruunt
1764 1716 1957 1766 consensus
1981 1690 2120 1793 reliquae

111 1810 221 1879 ribus.
255 1804 308 1872 Ac
323 1801 571 1901 mtrltitantum
592 1793 683 1866 hauc
699 1813 909 1889 postremam
929 1797 1099 1887 pagellam
1155 1795 1384 1890 l'ropheticae
1407 1813 1442 1869 et
1459 1793 1692 1885 Evangelicae
1718 1787 1914 1888 scripturae
1934 1810 2119 1890 perpnnus,

111 1915 158 1980 de
173 1905 496 1976 moribus:censent
510 1924 606 1971 name
622 1901 713 1970 lectu
730 1900 872 1986 diguam
891 1920 981 1982 esse,
1007 1920 1102 1966 eanr-
1153 1918 1186 1973 et
1202 1902 1412 1971 eruditiores
1429 1914 1565 1996 patres,
1592 1913 1625 1968 et
1642 1900 1774 1970 iudicia
1792 1900 1986 1991 peritarum
2005 1912 2040 1969 et
2057 1900 2118 1990 pis·

113 2034 182 2106 que
198 2009 320 2096 legunt
334 2019 373 2074 ut
387 2001 537 2072 Hesiodi
553 2015 612 2071 ont
626 2000 832 2095 Pitocylidis
847 2002 983 2089 poe'ma.
1030 1996 1100 2068 su-
1154 2028 1232 2073 rum
1263 2004 1555 2073 conscientiarum
1589 2002 1628 2070 in
1654 1998 1822 2075 Ecclesia.
1888 1999 1988 2071 Haec
2017 1999 2118 2071 omnis

113 2111 255 2206 periura
274 2102 370 2176 nihil
390 2106 613 2179 arbitrantur
638 2104 681 2181 ud
707 2127 771 2177 uos
792 2103 984 2192 pertinere,
1019 2100 1101 2193 quia
1154 2130 1234 2176 cum
1257 2105 1496 2184 consentiant,
1536 2104 1618 2173 satis
1642 2104 1742 2174 firma
1770 2104 1975 2174 testimonia
1998 2118 2119 2175 nostrae

115 2224 243 2311 putant
266 2221 404 2278 tantum
425 2209 519 2277 rixas
543 2207 683 2274 esseda
709 2203 860 2274 Iudaicis
882 2203 1102 2280 ceremoniis,
1153 2206 1453 2298 interpretationis
1485 2200 1681 2287 habemus,
1719 2229 1785 2275 nec
1814 2205 2010 2276 calumnias
2033 2201 2121 2285 Men-

116 2321 160 2386 de
189 2310 320 2405 quibus
344 2333 440 2379 nunc
464 2332 568 2377 nemo
591 2307 714 2395 litigat.
780 2305 849 2375 Sed
874 2306 978 2394 longe
1000 2304 1102 2373 aliter
1153 2310 1302 2398 singeri,
1329 2307 1523 2392 Mustelae,
1549 2305 1743 2406 Campani,
1769 2323 1831 2379 aut
1851 2303 2005 2377 aliorum
2030 2305 2120 2397 perti·

116 2415 342 2489 sentiendum
358 2421 420 2483 ast.
472 2409 577 2481 Prior
593 2432 674 2501 pars
697 2403 802 2479 habet
825 2406 1102 2498 disputationem
1154 2411 1360 2495 mescimus,
1393 2410 1456 2504 qui
1478 2411 1717 2481 vociferantur
1739 2434 1806 2481 nos
1828 2411 2007 2499 adfingere
2027 2406 2121 2503 Pmls

118 2517 270 2589 maxime
284 2512 515 2583 necessariam
532 2511 697 2579 omuibus
718 2508 845 2578 seculis
860 2521 895 2578 et
918 2509 1103 2581 universae
1153 2536 1283 2582 novam
1307 2526 1343 2582 et
1365 2513 1555 2595 absurdam
1578 2513 1811 2595 sententiam,
1844 2536 1891 2582 ac
1913 2512 2049 2582 interea
2068 2509 2122 2604 ipti

117 2617 305 2692 Ecclesiae.
346 2612 518 2697 Continet
539 2613 633 2682 enim
658 2613 865 2702 praecipuos
886 2625 922 2682 et
941 2609 1105 2704 proprios
1157 2615 1345 2695 inflectunt
1359 2613 1464 2687 Pauli
1490 2615 1584 2685 dicta
1609 2618 1655 2684 ad
1679 2616 1800 2687 civiles
1824 2626 1859 2684 et
1873 2611 2049 2687 humanas
2060 2613 2123 2705 upi-

118 2727 215 2793 locos
246 2717 427 2787 doctrinae
459 2712 700 2794 Christianae,
740 2714 910 2785 discernit
940 2710 1105 2801 Evange·
1156 2720 1301 2799 niunes,
1323 2720 1367 2787 de
1381 2717 1519 2787 iusticia
1534 2729 1568 2786 et
1583 2717 1768 2802 moribus,
1804 2740 1843 2785 ac
1866 2720 2033 2806 magnam
2054 2738 2123 2806 pru·

120 2827 207 2894 lium
226 2819 353 2909 aLege
371 2831 405 2888 et
426 2813 715 2908 aPhilosophia,
741 2827 916 2886 monstrat
937 2813 1105 2885 beneficia
1156 2820 1296 2890 dentiae
1319 2820 1461 2895 laudem
1494 2842 1568 2888 erse
1592 2833 1739 2910 putant,
1774 2819 1971 2908 excogitare
1997 2818 2127 2890 sanun.

119 2922 267 3007 Christi,
292 2920 533 2992 remissionem
552 2933 774 3010 peecatorum
789 2918 990 3007 gratuitam,
1016 2916 1106 2985 libe·
1155 2944 1239 2991 nam
1268 2921 1620 3012 interpretationem,
1663 2945 1753 3015 quae
1786 2944 1866 2990 cum
1905 2915 2124 3014 philosophia

120 3027 337 3099 rationema
372 3037 485 3094 morte
515 3035 676 3106 aeterna,
708 3020 980 3109 imputationem
1004 3016 1107 3086 iusti·
1156 3047 1236 3093 cum
1253 3024 1433 3094 communi
1451 3046 1555 3094 seusu
1571 3025 1732 3092 omnium
1749 3024 1941 3113 impiorum
1963 3030 2125 3112 congruet.

122 3131 216 3213 siae,
250 3124 479 3196 donatiouem
500 3121 655 3214 Spiritus
680 3123 791 3191 sancti
814 3136 853 3214 ,et
874 3123 966 3192 vitae
995 3133 1108 3190 aeter·
1156 3125 1315 3215 Fingunt
1345 3125 1496 3195 Paulum
1525 3121 1612 3195 haec
1641 3126 1759 3208 velle,
1805 3120 1970 3194 homines
2004 3136 2136 3216 propte*

123 3256 201 3307 nae.
253 3224 307 3303 De
331 3222 385 3297 his
401 3226 510 3295 tantis
528 3226 635 3294 rebus
658 3220 906 3307 concionatur,
932 3246 1005 3292 nou
1029 3223 1107 3293 tan·
1158 3229 1282 3312 tidem,
1309 3227 1436 3312 idest,
1463 3228 1715 3318 professionem
1743 3223 1911 3295 historiae
1934 3227 1979 3295 de
1994 3223 2127 3306 Christe,

124 3349 201 3402 tum
223 3330 337 3416 litigat
360 3329 402 3396 de
425 3322 659 3417 ceremoniis„
710 3324 784 3412 Nec
807 3325 1016 3420 absurdam,
1043 3346 1108 3393 nec
1159 3345 1194 3401 et
1218 3316 1486 3413 bunos'mores,
1512 3328 1643 3400 habere
1666 3330 1965 3398 coridonatiouem
1990 3343 2126 3418 peccata-

125 3455 255 3502 novam
282 3428 609 3519 interpretationem
633 3427 751 3516 gigno.
804 3424 882 3518 lpsa
907 3429 1013 3496 series
1037 3428 1110 3495 dis·
1160 3457 1259 3516 rtrut,
1285 3444 1319 3501 et
1335 3431 1405 3500 dici
1424 3432 1546 3503 iustos.
1592 3428 2127 3502 AciusticiamcoramDeoesse

125 3531 318 3628 putationis
335 3529 506 3623 Paulinae
521 3528 627 3607 eflicit
641 3526 732 3599 hanc
746 3530 978 3614 sententiam,
1003 3551 1110 3625 quam
1161 3531 1252 3602 hanc
1275 3524 1556 3627 qualemcunque
1580 3534 1804 3622 disciplinam
1834 3557 1939 3626 quam
1972 3542 2127 3624 praestant

126 3637 251 3709 reddo.
325 3629 389 3733 Est
418 3645 535 3735 autem
558 3631 707 3729 abipso
729 3631 921 3722 apostolico
951 3651 1112 3700 sermone
1161 3632 1344 3718 homines,
1370 3630 1516 3708 ethauc
1537 3636 1606 3726 legi
1633 3631 1702 3704 Dei
1725 3633 1946 3705 satisfacere:
1983 3635 2128 3705 reiiciunt

48 3750 52 3754 “
126 3737 297 3810 sumenda
331 3734 524 3818 sententia,
561 3734 639 3805 non¹
664 3734 732 3804 alia
763 3730 969 3822 imaginatio
1000 3733 1112 3803 adlin·
1162 3734 1247 3806 haec
1274 3738 1468 3829 paradoxa,
1503 3753 1667 3807 naturam
1697 3732 1853 3807 hominis
1880 3737 2039 3807 vitiatam
2063 3757 2132 3818 esse,

127 3842 241 3932 ganda
272 3840 396 3910 contra
430 3839 604 3912 sermonis
635 3837 901 3930 proprietatem.
975 3834 1115 3903 Deinde
1162 3851 1196 3908 et
1213 3861 1289 3907 nou
1312 3862 1409 3927 posse
1431 3840 1499 3928 legi
1517 3837 1584 3908 Dei
1600 3840 1815 3908 satisfacere:
1840 3853 1875 3909 et
1888 3834 1981 3908 hanc
2005 3853 2130 3909 naturae

128 3957 249 4012 nostra
271 3940 516 4030 interpretatio
534 3938 712 4031 aptissime
735 3932 912 4030 consentit
933 3961 1013 4007 cum
1035 3957 1116 4027 per·
1163 3939 1426 4024 infirmitatem,
1464 3942 1722 4013 dubitationem
1751 3943 1794 4010 de
1827 3937 1904 4011 Deo
1934 3955 1969 4011 et
2001 3956 2131 4010 caeteros

129 4059 233 4138 petua
256 4042 416 4113 doctrina
438 4041 567 4110 tradita
589 4041 629 4109 iu
653 4035 839 4131 Prophetis
859 4051 893 4108 et
908 4034 1116 4126 Evangelio.
1163 4045 1319 4126 morbos,
1345 4065 1433 4134 quos
1449 4042 1693 4134 complectitur
1709 4056 1889 4133 peccatum
1903 4044 2062 4132 originis,
2075 4062 2130 4112 esse

129 4146 261 4217 Extant
284 4156 318 4214 et
340 4142 487 4231 vestigia
510 4142 549 4210 in
572 4138 784 4228 Ambrosio,
816 4137 968 4224 Basilio,
991 4137 1117 4227 Augu·
1165 4167 1245 4214 vere
1268 4156 1405 4234 peccata
1430 4168 1547 4229 coram
1572 4142 1660 4213 Deo.
1738 4143 1896 4233 Spuerbe
1925 4147 2086 4216 derident
2103 4165 2131 4212 ea

131 4247 243 4332 stiuo,
276 4245 471 4335 Gregorio,
504 4257 538 4314 et
564 4241 759 4313 Beruardo.
834 4242 1001 4334 Denique
1022 4239 1118 4309 iudi·
1166 4248 1321 4339 quaeda
1344 4261 1486 4344 peccato
1511 4246 1660 4334 originis
1690 4246 1859 4331 dicimus,
1897 4263 2063 4318 revocant
2084 4264 2133 4316 not

131 4351 226 4419 cium
241 4343 419 4420 Ecclesiae
434 4357 591 4415 nostram
612 4343 939 4438 interpretationem
956 4364 1118 4434 compro·
1166 4350 1210 4416 ad
1234 4342 1512 4438 philosophiam:
1539 4344 1587 4417 Et
1602 4348 1640 4417 in
1664 4371 1818 4432 summa,
1844 4372 1918 4418 non
1941 4349 2040 4419 aliud
2063 4350 2130 4417 imt-

131 4453 209 4524 bat:
242 4449 408 4520 videlicet
433 4447 512 4538 piae
534 4460 569 4518 et
592 4446 726 4537 peritae
748 4445 983 4517 conscientiae
1008 4467 1118 4535 agno·
1168 4450 1336 4539 ginautur
1351 4472 1423 4520 esse
1441 4449 1615 4519 iusticiam
1635 4475 1752 4519 coram
1771 4446 1865 4535 Deo,
1891 4464 1951 4520 aut
1970 4475 2072 4542 quam
2092 4451 2129 4518 tu

134 4567 236 4623 scunt
251 4551 288 4621 in
306 4549 398 4621 veris
415 4547 669 4620 certaminibus
685 4550 912 4620 statuendum
935 4571 1027 4632 esse,
1053 4568 1119 4617 nos
1167 4551 1233 4622 Dei
1257 4552 1431 4641 postulat,
1457 4552 1525 4619 uisi
1548 4552 1645 4619 illam
1669 4553 1780 4644 ipsam
1804 4552 2050 4643 disciplinam,
2081 4571 2131 4645 qna

133 4677 208 4724 non
224 4666 369 4747 propter
383 4664 503 4721 nostra
518 4651 610 4720 bene
623 4650 723 4736 facta,
749 4675 823 4721 non
839 4664 981 4742 propter
995 4650 1120 4740 legem,
1168 4666 1331 4724 contenta
1348 4665 1399 4723 est
1415 4647 1650 4745 philosophia
1712 4652 1813 4722 Hauc
1828 4654 2036 4746 opinionem
2052 4654 2131 4726 Pela·

135 4756 195 4827 sed
211 4756 320 4847 gratis
336 4767 481 4847 propter
494 4746 676 4824 Christum
690 4754 858 4847 consequi
877 4753 1119 4822 remissionem
1171 4755 1247 4845 gius
1280 4753 1456 4846 professus
1487 4768 1561 4838 est,
1602 4756 1664 4824 sed
1685 4757 1818 4823 semina
1850 4779 1970 4845 sparsa
2003 4771 2081 4829 sunt
2106 4754 2133 4824 in

133 4875 358 4950 peccatorum
389 4868 423 4925 et
452 4855 721 4946 imputationem
751 4854 928 4937 iusticiae,
962 4854 1050 4936 lide,
1081 4851 1121 4919 id
1169 4855 1432 4928 commentariis
1448 4850 1628 4946 Origenis.
1694 4853 1740 4926 Et
1757 4881 1836 4927 cum
1853 4858 1899 4930 sit
1921 4859 2046 4951 opinio
2066 4881 2132 4930 con·

136 4974 204 5046 est,
225 4959 353 5029 fiducia
369 4957 560 5048 promissae
574 4956 838 5028 misericordiae
855 4969 1000 5048 propter
1013 4950 1122 5025 Chri·
1170 4969 1335 5029 sentanea
1354 4958 1489 5029 iudicio
1511 4958 1659 5028 rationis
1675 4954 1872 5040 humanae,
1899 4985 1992 5052 quae
2014 4987 2083 5032 non
2098 4971 2136 5031 est

136 5077 242 5134 stum.
292 5057 369 5129 Hac
385 5058 559 5129 sententia
581 5060 694 5129 deleta
718 5059 756 5127 in
771 5056 945 5142 Ecclesia,
971 5068 1121 5149 quantae
1170 5075 1311 5149 experta
1335 5084 1417 5132 vero
1441 5084 1591 5156 pavores
1617 5074 1651 5132 et
1673 5062 1953 5131 consolationem
1978 5089 2092 5135 veram
2110 5062 2136 5151 in

137 5164 302 5234 tenebrae
319 5159 539 5255 sequuntur?
565 5158 648 5230 Non
672 5160 824 5250 intelligi
848 5175 994 5248 possunt
1013 5160 1121 5228 bene·
1172 5162 1407 5252 poenitentia,
1438 5164 1539 5234 facile
1562 5159 1725 5249 homiues
1749 5160 1834 5231 haec
1856 5162 2005 5250 πιθανὰ
2025 5168 2136 5260 ample

137 5265 216 5335 ficia
244 5259 403 5345 Christi,
448 5283 521 5332 non
557 5261 713 5354 conspici
743 5263 936 5333 discrimen
972 5261 1058 5360 legis
1089 5272 1123 5329 et
1171 5279 1324 5337 ctuntur.
1378 5263 1429 5335 lta
1446 5286 1581 5354 semper
1597 5261 1783 5356 Prophetis
1800 5266 1945 5336 luerunt
1963 5273 2136 5342 certamina
