4522 5782
82 200 151 277 ne
227 198 396 279 ··x1n.
446 202 487 277 a·
508 170 1166 291 memoraturus-enon
1194 196 1264 272 an
1288 192 1553 275 nonaum.
1602 160 1839 282 cannot.
1990 206 2122 285 uss·

148 371 312 449 Recitavi
341 373 545 447 testimonia
571 369 806 462 congruentis
837 376 1041 445 cuni-textu
1064 379 1072 510 Ι
1094 374 1334 457 mundanam,
1367 378 1427 445 sed
1451 377 1684 447 concionatur
1706 377 1752 447 de
1784 377 1920 448 iusticia
1955 395 1989 452 et
2012 383 2085 453 vita

82 477 173 562 ruli,
196 502 287 571 quae
301 479 404 549 valde
420 478 564 570 prodest
581 484 684 566 sa‘cpe
697 474 858 562 cogitari,
877 487 918 545 .et
932 475 1040 545 simul
1094 491 1250 561 aeterna,
1277 479 1421 569 quaein
1448 481 1615 549 cordibus
1632 480 1797 550 incoatur
1809 506 1871 572 per
1885 481 1997 552 lilium
2015 482 2082 554 Dei

82 602 171 650 tusas
190 583 411 671 expendere,
446 593 592 672 propter
615 600 703 668 quas
725 575 823 647 Deus
851 572 943 647 hanc
974 580 1041 647 do·
1094 604 1177 649 voce
1193 577 1381 665 Evangelii
1399 581 1436 647 in
1456 603 1536 648 vera
1555 584 1800 655 conversione.¹
1844 581 1980 654 interea
1995 587 2083 657 sinit

82 684 199 752 rinam
235 683 407 772 patefecit.
479 680 565 751 Vult
589 679 684 747 enim
708 679 812 759 sciri,
847 702 937 771 quae
968 680 1040 751 sint
1093 706 1241 773 corpora
1265 684 1316 750 uti
1338 683 1488 751 diversis
1509 685 1666 774 palitiis,
1707 684 1799 755 sicot
1827 688 1976 755 diversis
2004 688 2083 758 die·

82 784 114 853 ei
131 807 256 875 opera,
280 798 314 854 ct
337 784 414 854 vult
436 807 476 853 ea
498 782 654 853 discerni
679 781 896 851 aluroribus
911 781 1040 851 diabo·
1092 804 1171 854 rnm
1194 785 1329 876 spatiis.

82 886 136 962 cis,
192 883 278 956 Vult
302 886 340 954 in
362 886 469 955 nobis
492 882 731 954 obedientiam
754 896 788 952 et
807 883 1038 952 reverentiam

82 1010 129 1078 ga
147 988 330 1068 ordinem,
356 989 417 1081 qni
433 1001 486 1058 est
500 1008 590 1077 opus
605 985 768 1053 divinum
783 999 817 1055 et
833 985 958 1075 ingens
976 985 1039 1054 be-

82 1089 230 1172 rbeium,
256 1089 475 1160 confirmare.
532 1085 618 1157 Vult
637 1087 744 1156 etiam
763 1110 829 1155 nos
845 1089 1036 1156 accendere

82 1193 89 1259 l
108 1193 347 1283 precationem
364 1204 398 1262 et
411 1191 602 1282 gratiarum
620 1189 808 1258 actionem.
861 1187 1038 1257 Memine-
1192 1191 1445 1261 Definitionem
1462 1193 1622 1283 sequitur
1634 1195 1839 1275 conclusio,
1871 1196 1908 1264 in
1933 1221 2002 1291 qua
2023 1223 2078 1270 re-

82 1310 231 1366 sautem
252 1295 382 1365 diserte
399 1295 437 1364 in
455 1305 551 1365 textu
570 1289 670 1359 Pauli
696 1290 851 1360 discerni
874 1292 1038 1360 ordinem
1092 1295 1179 1384 petit
1196 1308 1417 1385 praeceptum
1435 1296 1478 1363 de
1495 1296 1715 1380 obedientia,
1741 1311 1774 1364 et
1795 1297 1895 1367 addit
1923 1323 2080 1371 necessa·

88 1397 371 1467 conltrsionibns.
421 1395 507 1465 ldeo
530 1415 615 1464 usus
638 1405 686 1463 cst
706 1390 841 1463 Paulus
865 1393 1038 1463 vocabulo
1091 1397 1181 1467 riam
1212 1396 1511 1480 declarationem,
1553 1411 1591 1467 ut
1626 1399 1712 1468 sciat
1740 1394 1925 1486 Ecclesia,
1964 1404 2080 1494 qualis

82 1498 216 1569 *rdinin
883 1526 886 1531 ·
1090 1499 1262 1588 obligatio
1284 1498 1348 1582 sit,
1372 1512 1404 1566 et
1421 1499 1525 1590 quale
1542 1514 1721 1590 peccatum
1747 1502 1792 1569 sit
1816 1501 1912 1571 nolle
1934 1504 2080 1577 obedire

1092 1600 1257 1692 legitimis
1276 1600 1445 1689 imperiis.

1192 1699 1245 1773 Ac
1260 1700 1364 1771 multi
1380 1702 1568 1792 scriptores
1584 1695 1653 1768 hoc
1669 1717 1914 1790 argumentum
1935 1707 2079 1797 agitant.
2105 1792 2107 1797 g

1013 1870 1016 1875 .
1194 1802 1423 1894 Magistratus
1445 1805 1623 1873 neminem
1652 1817 1767 1893 potest
1794 1830 1908 1898 poena
1936 1822 2079 1882 aeterna
2122 1826 2126 1844 '

150 1905 342 2002 Postquam
368 1906 406 1975 in
430 1926 558 1995 genere
578 1902 669 1972 dixit
690 1900 843 1986 Paulus,
874 1899 1037 1975 ordinem
1244 1905 1403 1975 adficere.

82 2011 236 2081 ›liticum
260 2033 334 2079 esse
356 2004 549 2098 opnsDei‚
580 2004 681 2074 addit
699 2003 941 2072 definitionem
963 2026 1039 2072 ma·
1192 2002 1288 2097 Ergo
1312 2007 1449 2076 violans
1472 2005 1583 2095 legem
1610 2006 1895 2097 magistratuum,
1931 2035 2004 2082 non
2029 2029 2080 2089 ρει

83 2127 216 2185 stratus
240 2113 431 2200 integram,
457 2122 497 2179 ut
517 2107 696 2178 discernat
716 2107 880 2175 ordinem
902 2119 937 2177 et
960 2129 1037 2175 ma·
1245 2109 1421 2197 obligatos
1438 2109 1479 2176 ad
1501 2132 1630 2195 poenas
1649 2122 1818 2183 aeternas.

83 2230 235 2287 stratum
258 2237 276 2282 a
293 2211 502 2282 latrociniis.
1188 2211 1355 2301 Neganda
1371 2223 1422 2280 est
1438 2209 1704 2301 consequentia,
1720 2209 1813 2299 Quia
1832 2212 1971 2287 violans
1987 2216 2079 2307 leges

151 2315 383 2405 Magistratus
404 2327 456 2383 est
481 2310 642 2380 minister
656 2306 743 2394 Dei,
776 2307 881 2378 nobis
905 2308 948 2376 sd
975 2308 1040 2377 bo·
1091 2315 1360 2405 magistratuum
1383 2312 1561 2400 obligatur
1575 2314 1616 2379 ad
1636 2334 1784 2402 poenam
1799 2330 1977 2386 aeternam
1996 2344 2081 2410 pro·
2139 2402 2145 2408 ᾗ

82 2444 161 2501 rm,
194 2421 323 2487 vindex
347 2419 389 2485 ad
415 2417 657 2485 defendendos
679 2426 772 2481 recte
793 2411 980 2490 iacientes,
1008 2423 1040 2479 et
1093 2432 1171 2508 pter
1200 2418 1406 2486 mandatum
1433 2412 1522 2499 Dei,
1555 2415 1645 2483 sicut
1668 2417 1805 2485 violans
1830 2420 1993 2491 mandata
2017 2444 2082 2514 pas

82 2523 253 2593 roiendos
284 2521 530 2612 delinquentes
561 2515 697 2606 gladio,
739 2514 877 2598 idest,
916 2512 1042 2605 poenis
1093 2533 1256 2604 rentum,
1280 2519 1459 2607 obligatur
1479 2519 1522 2585 ad
1550 2541 1699 2607 poenam
1721 2531 1920 2606 aeternam,
1944 2523 2082 2594 etiamsi

82 2625 307 2719 *rporalibos
951 2668 955 2679 ·
1093 2635 1255 2713 parentes
1271 2622 1448 2690 neminem
1468 2633 1613 2709 possunt
1630 2619 1779 2688 adlicere
1798 2645 1911 2711 poena
1926 2638 2080 2697 aeterna.

156 2725 253 2796 Haec
277 2723 437 2794 definitio
464 2736 515 2792 0⁸1
539 2722 694 2810 ῖῐιῑθεῐὸ,
726 2733 761 2790 01
785 2718 913 2788 meliffl'
936 2718 1039 2787 eliam
1093 2724 1163 2796 Sed
1186 2723 1282 2793 Deus
1309 2724 1384 2813 ipse
1407 2720 1578 2792 irascitur.
1597 2721 1815 2792 violantibus
1846 2725 2009 2794 ordinem
2036 2730 2081 2798 ab

82 2855 161 2902 ram
185 2827 432 2897 Aristotelica:
473 2821 704 2912 Magistratus
727 2837 779 2891 est
803 2835 920 2890 custos
944 2821 1041 2909 legis,
1093 2826 1171 2919 ipso
1200 2825 1393 2908 sancitum,
1433 2837 1468 2893 ει
1495 2836 1546 2892 εει
1573 2838 1689 2919 custos
1714 2826 1771 2894 sui
1802 2827 1957 2896 ordinis:
2000 2830 2081 2899 idco
2150 2834 2153 2841 '

82 2933 188 3004 aulus
211 2931 304 2999 enim
336 2929 436 2996 addit
465 2927 672 2994 efficientem
703 2947 864 3005 causam,
896 2923 1042 3007 scilicet,
1094 2952 1247 3021 poenam
1264 2928 1338 3017 ipse
1355 2925 1551 3018 exequitur.

82 3039 149 3106 rod
169 3034 214 3104 sit
232 3032 447 3101 institutusa
464 3027 552 3097 Deo.
591 3023 638 3097 Et
655 3027 694 3095 in
713 3049 814 3095 causa
829 3025 927 3092 finali
944 3024 1043 3094 addit
1194 3026 1248 3100 Ac
1268 3030 1374 3098 verba
1397 3025 1498 3096 Pauli
1525 3025 1795 3114 diligentissime
1822 3031 2080 3103 consideranda

82 3143 232 3209 lustrem
251 3133 470 3225 particulam,
481 3129 568 3199 Tibi
584 3130 623 3215 in
638 3127 857 3213 bonum,ubi
874 3126 1043 3197 discernit
1095 3145 1191 3202 scint.
1254 3128 1401 3201 Necesse
1425 3141 1476 3199 est
1500 3129 1661 3213 obedire,
1688 3153 1761 3197 non
1792 3129 1907 3200 solum
1939 3149 2081 3224 propter

82 3241 298 3330 agistratum
320 3260 338 3302 a
363 3233 561 3302 latrocinio.
619 3229 709 3300 Nam
732 3231 824 3300 latro
849 3228 1042 3329 nonfovet
1094 3234 1203 3317 iram,
1230 3232 1352 3316 idest,
1375 3243 1519 3323 propter
1532 3231 1724 3322 supplicia,
1752 3233 1883 3325 quibus
1897 3236 2082 3322 magistra.

82 3355 239 3415 rnestam
269 3336 495 3417 societatem,
522 3347 555 3403 et
578 3333 723 3426 tyranni
748 3345 832 3402 stant
862 3331 1042 3400 latronum
1094 3349 1151 3408 tus
1167 3349 1282 3427 potest
1304 3348 1423 3403 sontes
1440 3333 1609 3417 adlicere,
1633 3335 1692 3403 sed
1711 3333 1815 3403 etiam
1833 3349 1978 3426 propter
1992 3362 2080 3409 con-

83 3443 205 3515 miles.
259 3439 328 3510 Sed
352 3438 576 3527 magistratus
593 3436 753 3504 defendit
768 3435 898 3517 iustos,
924 3446 960 3503 ει
976 3457 1043 3524 pu·
1094 3438 1298 3521 scientiam‚
1331 3437 1483 3519 scilicet,
1514 3458 1560 3504 ne
1585 3435 1647 3504 fiat
1675 3459 1733 3505 rea
1763 3449 1925 3507 aeternae
1947 3464 2083 3530 poenae

82 3552 110 3621 it
126 3543 383 3618 contumaciter
396 3552 538 3609 ruentes
553 3539 592 3606 in
611 3539 763 3620 scelera,
788 3551 823 3606 et
837 3537 933 3604 luvet
947 3560 1042 3603 com-
1094 3542 1133 3609 in
1161 3536 1235 3623 his,
1276 3539 1337 3632 qui
1373 3537 1503 3607 nolunt
1536 3537 1682 3607 obedire
1712 3539 1877 3626 legitimis
1910 3541 2082 3632 imperiis,

1091 947 1181 1027 Ideo
1216 976 1354 1023 necesse
1384 961 1436 1021 εει
1469 949 1635 1037 obedire,
1676 978 1750 1025 non
1781 954 1903 1025 solnm
1929 968 2078 1061 propter

1194 1055 1311 1142 iram,
1333 1049 1402 1125 sed
1415 1053 1526 1125 eliam
1541 1065 1688 1155 propter
1704 1057 1976 1132 conscientiam.

95 1661 362 1762 Magistratus
389 1643 441 1737 cst
466 1660 635 1733 minister
646 1656 728 1733 ‘Det
732 1713 745 1746 ,
774 1656 919 1743 vindex·
936 1657 993 1733 od

451 1764 549 1836 iram
576 1773 639 1840 cte.

82 3672 203 3723 runem
219 3645 441 3720 societatem,
468 3641 557 3710 sicut
571 3639 834 3730 paterfamilias.
887 3635 1041 3705 ldeodi·
1093 3641 1254 3714 Sciamus
1269 3642 1379 3730 igitur
1393 3664 1474 3708 vere
1488 3653 1670 3729 peccatum
1686 3641 1836 3710 mortale
1853 3665 1935 3724 esse,
1962 3643 1998 3714 id
2018 3659 2082 3730 est,
2176 3724 2178 3729 ¹
2236 3614 2249 3659 ι’

87 3761 270 3823 umecta
301 3748 389 3815 duce
414 3742 554 3812 Persico
578 3743 616 3808 in
639 3736 904 3830 Xenophonte:
941 3734 1041 3809 Nihil
1093 3742 1208 3815 Deum
1224 3742 1591 3811 offendeosetfaciens
1607 3736 1787 3810 hominem
1805 3767 1904 3813 reum
1917 3759 2081 3816 aeternae

82 3857 179 3927 iliert
194 3852 309 3919 bonus
326 3847 520 3937 princepsa
539 3856 636 3934 patre
655 3845 761 3913 bono.
1094 3869 1245 3936 poenae,
1266 3845 1363 3914 nolle
1380 3844 1525 3912 obedire
1539 3843 1704 3929 legitimis
1720 3844 1887 3932 imperiis.
1942 3846 2001 3916 Sic
2017 3850 2082 3917 de·

159 3954 228 4026 Sed
255 3952 292 4018 in
319 3946 385 4017 hac
401 3946 607 4016 delinitione
629 3944 828 4035 quaeritur:
853 3942 959 4015 Unde
976 3941 1042 4012 sci·
1094 3949 1204 4018 clarat
1224 3946 1488 4030 necessitatem,
1512 3959 1552 4015 ut
1568 3945 1787 4034 intelligatur
1801 3948 1845 4014 de
1862 3947 2081 4035 obligatione

82 4086 154 4137 ius,
179 4052 357 4148 qtlaesinl
379 4062 471 4118 recle
494 4047 608 4118 lacta?
650 4043 883 4135 Respondeot
911 4042 1044 4113 Ponitis
1094 4048 1331 4121 conscientiae
1371 4061 1406 4116 et
1440 4050 1485 4117 de
1521 4047 1674 4118 aeternis
1710 4048 1860 4138 poenis,
1907 4051 2081 4138 videlicet,

82 4166 115 4232 ic
130 4156 265 4229 omittit
278 4154 476 4241 longiorem
498 4148 794 4231 declarationem,
820 4160 854 4217 et
880 4148 961 4215 ideo
984 4169 1044 4235 ge·
1094 4152 1166 4222 nisi
1183 4152 1239 4221 fiat
1255 4149 1450 4220 conversio,

82 4256 419 4349 eraliterloquitur,
445 4265 484 4321 ut
503 4252 594 4338 leges
612 4250 774 4320 omnium
799 4250 958 4340 gentium
979 4250 1043 4317 ad·
1198 4250 1272 4321 lam
1291 4253 1516 4322 considerent
1531 4274 1654 4321 omues
1668 4246 1852 4335 homines,
1875 4268 2007 4344 quanta
2025 4278 2080 4325 se-

82 4369 182 4439 robet
208 4362 252 4428 de
275 4357 440 4427 civilibus
468 4353 644 4442 negotiis,
685 4352 715 4419 si
747 4366 867 4420 tamen
892 4374 1044 4421 consen·
1096 4352 1351 4425 veritateDcns
1377 4355 1450 4443 ipse
1467 4352 1662 4422 muniverit
1677 4354 1899 4440 magistratus
1915 4370 1948 4425 et
1966 4371 2079 4427 totum

82 4482 146 4541 ant
165 4487 245 4534 cum
263 4463 339 4549 lege
355 4472 513 4528 naturae.
1096 4459 1281 4552 politicum
1311 4457 1492 4537 ordinem,
1526 4478 1606 4523 curn
1635 4477 1795 4543 expresse
1816 4453 1950 4526 Paulus
1972 4459 2080 4529 adlic-

159 4566 228 4638 Hic
248 4564 356 4652 igitur
378 4573 462 4628 nota
487 4557 533 4626 sit
555 4554 692 4644 regula:
725 4549 950 4626 Christianos
970 4578 1044 4624 non
1095 4573 1187 4644 met,
1223 4558 1473 4626 conscientiam
1502 4579 1597 4624 ream
1627 4555 1703 4624 fieri
1732 4580 1850 4625 coram
1880 4556 1977 4646 Deo,
2012 4554 2079 4631 boc

82 4696 131 4745 sse
155 4670 314 4756 alligatos
341 4664 384 4732 ad
411 4659 571 4752 politiam
596 4655 821 4740 Μοὸεῐῡθιΰ,
854 4659 915 4728 ted
939 4656 1045 4725 licere
1096 4674 1167 4750 est,
1193 4659 1438 4730 inobedientes
1454 4657 1601 4726 deseris
1619 4650 1714 4740 Deo,
1739 4657 1812 4726 lieri
1830 4662 1986 4749 captivos
2001 4664 2079 4732 dia·

82 4780 108 4847 is
122 4774 178 4844 uti
193 4769 329 4857 legibus
344 4786 486 4833 suarum
505 4760 683 4849 gentium,
707 4782 797 4852 quae
820 4758 1046 4829 consentiunt
1096 4764 1191 4844 boli,
1217 4774 1252 4831 ct
1273 4762 1380 4831 abiici
1403 4761 1442 4829 in
1464 4772 1624 4829 aeternas
1646 4782 1796 4850 poenas,
1823 4763 1891 4830 nisi
1916 4764 1976 4833 liat
1994 4788 2080 4832 con-

82 4902 141 4952 um
164 4872 320 4953 ratione,
344 4866 380 4934 id
404 4880 474 4946 est,
498 4886 577 4933 cum
601 4862 677 4950 lege
700 4875 868 4946 naturae,
897 4884 958 4930 sen
982 4862 1045 4928 de·
1096 4865 1221 4935 versio.
1281 4862 1327 4935 Et
1348 4878 1450 4933 atrox
1473 4862 1692 4931 contumacia
1716 4862 1821 4932 etiam
1846 4864 2019 4934 divinitus
2040 4866 2080 4935 in

82 4983 182 5068 slogo
202 4985 295 5044 recte
317 4968 517 5048 intellecto,
542 4964 617 5032 imo
640 4963 731 5032 sicut
749 4962 854 5034 debet
870 4959 1045 5033 Christia—
1095 4962 1163 5037 hac
1185 4967 1258 5038 vita
1275 4965 1440 5058 ponitur,
1465 4963 1555 5033 sicut
1571 4961 1741 5033 Salomon
1759 4966 1893 5056 inquit:
1920 4963 2010 5036 Cum
2025 4990 2080 5036 se-

82 5107 127 5155 ns
148 5071 387 5149 obedientiam
414 5065 658 5159 praesentibus
682 5063 820 5151 legibus
843 5088 923 5134 cum
941 5064 1045 5132 deca·
1097 5068 1236 5139 ditiosis
1251 5090 1298 5137 ne
1315 5066 1593 5148 commiscearis,
1619 5066 1703 5158 qnia
1723 5068 1793 5136 cito
1815 5067 1933 5136 veniet
1956 5090 2078 5140 eorum

82 5209 139 5277 rgo
167 5171 455 5268 congruentibus.
515 5166 614 5237 Licet
636 5164 746 5255 igitur
772 5165 869 5237 sures
898 5187 1046 5254 suspen·
1097 5170 1275 5243 interitus.
1337 5165 1385 5241 Et
1413 5167 1452 5236 in
1478 5163 1687 5237 Ecclesiaste
1708 5167 1852 5257 inquit:
1882 5165 1966 5238 Non
1987 5169 2079 5239 etlu-

82 5312 159 5371 ere,
184 5284 268 5351 licet
292 5271 527 5344 haereditates
550 5267 710 5337 dividere
737 5267 868 5339 nostris
889 5267 1045 5356 legibus:
1085 5271 1196 5362 ,gient
1210 5273 1251 5341 in
1270 5270 1328 5342 die
1344 5271 1453 5342 belli:
1485 5268 1578 5341 sicut
1597 5269 1763 5339 universa
1784 5270 1911 5338 mundi
1933 5265 2080 5344 historia

82 5391 141 5463 cris
162 5376 399 5469 Evangelium
424 5396 500 5443 non
522 5368 704 5443 constituit
726 5391 855 5441 novam
887 5368 1048 5463 politiam
1099 5375 1272 5459 ostendit,
1304 5374 1706 5545 seditiosooppppressos
1740 5390 1815 5441 esre
1847 5365 2083 5448 horribilibus
