4522 5782
54 224 129 305 aoa
392 234 396 251 ¹
436 224 520 303 xu.
570 221 870 301 numerato
896 226 948 300 us
974 224 1160 303 avano.
1184 227 1399 305 rossus.
1457 231 1563 307 cae.
1589 230 1726 305 xvur.
2019 231 2105 313 sse

56 400 122 476 Dei
135 413 174 472 et
187 396 342 486 Christi,
367 413 401 471 et
425 414 467 471 ut
482 395 558 469 Deo
573 401 843 490 aegrefaciant,
870 400 910 472 in
929 403 1050 472 omnia
1074 438 1077 492 ς
1102 417 1157 474 tos
1184 405 1349 475 insidiari
1372 407 1579 477 doctoribus
1604 403 1812 497 Evangelii,
1848 420 1882 477 et
1904 410 2096 501 praecipua

55 507 213 578 membra
230 500 410 575 Ecclesiae
426 502 644 574 atrocissime
665 505 842 575 saeviunt:
870 501 977 597 lmpii
994 527 1050 575 sa-
1074 528 1077 601 5
1102 530 1184 598 pars
1214 503 1324 579 huius
1350 523 1448 579 actus
1476 525 1528 580 est
1555 505 1745 600 prehensio
1772 506 1926 596 Christi,
1959 513 1999 582 in
2023 537 2096 606 qua

57 609 216 680 cerdotes
238 621 273 677 et
289 608 452 677 doctores
474 607 707 677 adversantur
720 605 938 696 Evangelio,
965 609 1050 701 quia
1073 608 1076 695 ξ
1102 610 1177 700 ipsa
1195 612 1439 681 consideretur
1453 613 1610 703 potentia
1626 613 1768 696 diviua,
1799 625 1841 683 ut
1862 636 2096 703 agnoscamus

56 725 148 785 taxat
183 711 290 781 falsas
330 709 519 799 opiniones
554 722 588 779 et
618 711 886 780 commenticios
921 711 1049 781 cultus.
1073 698 1076 809 j
1101 710 1284 784 Christum
1305 715 1378 806 pati
1396 738 1471 784 non
1485 728 1645 785 coactum
1663 710 1818 784 humana
1837 718 2009 809 potentia,
2034 720 2097 789 sed

57 809 224 886 Oderunt
254 826 371 884 autem
411 811 574 905 plerique
608 807 770 883 homines
801 807 1050 905 reprehensio-
1101 813 1607 902 volentem,sicutinEsaia
1633 817 1897 909 scriptumest:
1937 815 2095 893 Oblatus

56 941 152 1002 uem,
179 917 238 987 vel
251 915 407 986 naturali
424 914 611 1014 superbia,
645 917 729 1009 quia
752 939 819 987 uos
837 940 998 988 amamus
1015 930 1051 988 et
1101 935 1169 1005 est,
1196 919 1280 1014 quia
1306 920 1433 992 voluit.
1485 917 1630 992 Cadunt
1652 921 1747 989 enim
1772 919 1903 991 milites
1924 924 2093 1014 prostrati

57 1020 162 1091 nohis
177 1020 376 1112 placemus,
404 1018 461 1086 vel
479 1031 674 1088 metuentes
695 1019 874 1110 potentiae
891 1033 924 1090 et
940 1042 1050 1112 quae-
1100 1046 1172 1093 una
1188 1047 1273 1093 voce
1287 1018 1436 1095 Christi.

58 1121 134 1194 lini·
198 1119 242 1193 ln
272 1121 518 1213 pl'OdllOl'lbUS
543 1136 582 1191 llt
607 1118 727 1239 θοός]
761 1120 925 1241 Melino,
942 1119 1049 1240 ‘ludfl
1200 1137 1260 1211 Ad
1284 1138 1380 1212 hunc
1404 1156 1522 1213 actum
1542 1143 1696 1234 perllssel
1717 1155 1752 1213 pt
1776 1166 1894 1234 pugna
1909 1142 2025 1237 peu-i,
2052 1147 2093 1216 in

59 1237 275 1295 fflnfflrfflssl
310 1225 443 1342 “tuliae
474 1246 619 1308 taum,
661 1227 785 1294 ⁰d¹¹¹ffl
816 1225 1050 1311 d¹³b⁰l¹⁶¹¹¹¹¹2
1101 1266 1171 1339 qua
1211 1245 1340 1317 iterum
1383 1246 1627 1316 consideretur
1676 1270 1777 1316 error
1824 1244 2096 1338 Apostolorum,

58 1327 230 1417 mpldiiafl
247 1326 442 1410 vindmia,
465 1350 544 1416 spes
567 1328 748 1419 potentiae
765 1342 797 1397 el
818 1327 924 1399 lucri·
976 1326 1006 1397 P
1007 1352 1050 1397 0·
1101 1339 1164 1442 qui
1200 1344 1318 1417 adhuc
1361 1348 1588 1418 somniabant
1627 1349 1818 1441 imperium
1857 1354 2094 1424 mundanum·

56 1429 388 1550 ῙῙῑῗῑὶΡθὸᾗἈῑῆξῦ*
408 1443 575 1547 malmin
601 1429 814 1502 ffl⁰l³fi⁰¹¹²⁸
843 1452 1049 1520 ²⁰8⁰⁰¹⁸¹¹¹¹¹s
1100 1448 1235 1545 Estque
1250 1445 1310 1521 hic
1324 1451 1416 1522 edita
1436 1450 1587 1542 insignis
1603 1476 1690 1535 vox,
1717 1475 1808 1545 quae
1829 1466 1978 1523 testatur
1991 1455 2093 1546 Apo-

58 1545 88 1602 ‘¹
100 1557 164 1626 ‘1¹¹¹
179 1534 227 1603 ²¹³
238 1556 360 1650 ’ΜΒΝ
377 1534 620 1602 ⁸⁸⁶²fd0l¹b¹¹⁸
635 1554 761 1653 “lflssnf
781 1537 969 1604 ⁶0¹¹¹¹¹¹⁰d²
985 1528 1050 1603 ¹¹³·
1101 1555 1210 1637 stolus
1232 1578 1306 1623 uon
1328 1576 1448 1643 gerere
1469 1554 1649 1643 gladium,
1687 1555 1726 1623 id
1750 1568 1819 1640 est,
1851 1555 2092 1627 ministerium

10 1708 12 1713 .
55 1636 153 1718 Μ,
181 1634 1050 1729 ⁶⁰ffl0¹³⁶⁰l¹⁰d⁰¹112mulllelfflfflP³l³m⁸¹¹¹¹l
1101 1653 1289 1746 Evangelii
1305 1681 1379 1726 non
1395 1680 1469 1726 esse
1491 1669 1698 1746 potestatem
1724 1658 1854 1746 gladii,
1889 1673 1929 1728 ut
1954 1673 2093 1732 vocant.

54 1736 230 1832 Epicurei.
1100 1757 1212 1830 Docet
1234 1760 1317 1833 item
1338 1760 1602 1831 ordinationem
1616 1756 1684 1829 Dei
1706 1782 1797 1845 esse,
1837 1774 1878 1831 ut
1900 1762 2097 1852 puniantur

151 1872 264 1945 Tales
306 1872 413 1944 etiam
459 1895 584 1942 causae
634 1873 832 1945 incendunt
863 1877 1049 1968 poputum,
1101 1861 1220 1952 gladio
1236 1886 1382 1948 omnes,
1409 1863 1471 1953 qui
1488 1865 1565 1932 sine
1581 1863 1719 1952 legibus
1743 1875 1778 1932 et
1799 1878 1921 1934 contra
1938 1865 2096 1936 vocatio·

10 2000 14 2036 ·.
57 1972 252 2068 Epicureos
273 1988 472 2046 contemtos
494 1971 579 2059 Dei,
610 1979 832 2066 supernato,
866 2003 944 2071 opo,
969 1981 1048 2064 orii,
1100 1989 1182 2033 nem
1200 1965 1318 2056 gladio
1332 1978 1496 2038 utuntur.
1547 1962 1639 2035 Cum
1661 1965 1758 2034 enim
1779 1966 1928 2036 dicitur:
1962 1962 2096 2037 Omnis

59 2081 163 2161 lucri,
198 2079 472 2149 benevolentiae
501 2091 699 2168 potentum.
757 2078 833 2150 Has
858 2095 891 2151 et
915 2083 1049 2152 similes
1101 2067 1544 2162 qniacceperitgladium,
1570 2068 1688 2156 8¹2d50
1713 2069 1862 2159 peribit,
1887 2068 2094 2159 inlelllssass·

10 2222 15 2241 ·
60 2206 190 2263 causas,
223 2182 315 2276 quae
337 2182 482 2252 irritant
503 2194 639 2250 mentes
662 2184 831 2253 adversus
853 2180 1050 2271 Christum,
1100 2186 1160 2242 lut
1186 2174 1344 2263 accipere
1366 2170 1524 2261 gladium
1556 2165 1612 2259 hl,
1652 2170 1714 2263 qul
1749 2172 2096 2262 P⁰¹e⁸¹⁸lem'8¹³dii

60 2288 196 2376 prodest
213 2284 456 2363 considerare,
485 2297 525 2352 ut
542 2286 710 2354 adversus
732 2308 809 2372 eas,
843 2287 955 2356 animi
979 2287 1048 2357 im.
1100 2298 1175 2343 non
1200 2275 1322 2344 datum
1348 2298 1367 2341 a
1388 2272 1528 2363 legibus
1555 2286 1617 2343 aut
1642 2273 1905 2363 magistratibus
1935 2296 2095 2344 exercere

60 2388 196 2458 botulo,
210 2388 440 2471 muniamur,
468 2400 503 2456 ot
519 2386 602 2456 moli
619 2387 735 2459 oooioo
759 2391 907 2460 rosorooi
930 2406 965 2463 og
982 2391 1049 2461 oh.
1100 2390 1293 2462 conantur,
1319 2387 1359 2447 ut
1379 2377 1515 2445 faciunt
1530 2398 1672 2460 omnes,
1704 2376 1767 2467 qui
1787 2376 1918 2446 iniusta
1942 2371 2096 2447 homici-

10 2503 17 2533 ε
61 2490 187 2582 ,orgari
200 2491 350 2582 poooiog,
1100 2480 1159 2550 dia
1177 2478 1425 2565 committunt,
1458 2493 1493 2549 et
1515 2501 1639 2548 omnes
1663 2478 1833 2551 seditiosi.
1887 2475 1964 2550 Est·
1977 2492 2096 2552 autem
2157 2540 2161 2549 .

1099 2578 1233 2654 Christi
1250 2583 1383 2651 dictum
1403 2593 1560 2651 sumtum
1577 2607 1618 2650 ex
1635 2605 1708 2672 cap.
1736 2580 1772 2650 9.
1799 2578 1965 2652 Genesis:
2001 2580 2096 2671 Qui·

1100 2708 1241 2778 cunque
1257 2685 1391 2754 fuderit
1413 2678 1611 2753 humanum
1633 2686 1861 2774 sanguinem,
1893 2708 1957 2776 per
1976 2679 2096 2755 homi·

1100 2812 1181 2857 nem
1200 2787 1372 2857 fundetur
1388 2801 1422 2856 et
1434 2787 1576 2876 sanguis
1592 2787 1714 2879 ipsius.

149 2619 285 2698 Adhuc
316 2648 503 2695 narramus
529 2624 638 2716 primi
671 2639 770 2696 actus
801 2621 989 2698 historiam
1008 2628 1048 2697 in

61 2719 179 2816 horto,
204 2753 246 2801 ac
262 2728 418 2798 diximus
434 2729 478 2796 de
491 2728 584 2798 lucta
613 2740 647 2798 et
679 2730 884 2819 precatione
900 2726 1049 2821 Christi,

61 2834 144 2903 etde
158 2832 335 2925 personis.
386 2828 540 2924 Reliqua
565 2824 714 2901 historia
730 2828 816 2901 haec
835 2834 992 2913 continet
1009 2834 1048 2902 in

10 2994 15 3004 ,
61 2956 94 3004 oo
120 2934 215 3007 loco,
282 2931 539 3026 Apostolorum
572 2934 877 3023 obiurgatiooom‚
912 2940 956 3005 oo
978 2961 1048 3030 qoo
1202 2919 1276 2992 Nec
1290 2922 1366 2991 sine
1382 2923 1481 3012 gravi
1498 2946 1600 2993 causa
1619 2916 1705 2993 haec
1727 2922 1784 2992 lex
1805 2924 1956 3014 repetita
1979 2938 2031 2995 est
2053 2924 2093 2993 in

10 3122 12 3133 Ι
59 3036 188 3109 dictum
229 3048 300 3121 est,
347 3050 383 3106 et
415 3029 703 3107 adhortationem
733 3041 778 3107 ad
818 3041 1048 3129 precandum,
1100 3021 1168 3096 hoc
1184 3026 1260 3117 ipso
1276 3038 1432 3095 extremo
1454 3048 1567 3115 agone
1582 3020 1739 3109 Christi,
1772 3026 1930 3096 lortassis
1954 3039 1993 3094 ut
2016 3050 2095 3096 mo·
2193 3047 2203 3057 ·

58 3164 157 3233 qoam
183 3138 378 3228 diligenter
399 3139 504 3208 nobis
526 3163 785 3230 proponamos:
836 3139 988 3232 Vigiloro
1014 3153 1048 3211 or
1101 3143 1228 3199 ocatur
1243 3142 1315 3198 tota
1333 3128 1538 3218 posteritas,
1563 3152 1608 3197 ne
1631 3142 1814 3219 praetextu
1827 3127 2015 3218 Evangelii
2036 3152 2094 3198 ra-

56 3257 168 3322 orate,
195 3241 332 3335 inquit,
357 3265 402 3310 ne
417 3242 558 3313 intretis
573 3242 613 3310 in
632 3243 875 3318 tentationem.
911 3241 1048 3315 Dolen-
1099 3232 1175 3324 Plfll
1205 3230 1375 3322 imperia,
1410 3231 1507 3315 sicul
1528 3229 1686 3303 Romani
1708 3228 1899 3302 Ρῡῡίῑῧΰθῦ
1924 3232 2095 3316 fecerum.

55 3344 133 3417 dum
149 3359 205 3416 est
218 3344 429 3436 sapientiam
445 3340 639 3414 humanam
656 3345 855 3439 plerunque
871 3346 910 3416 in
926 3346 1045 3416 omni.
1101 3349 1133 3405 et
1149 3332 1425 3425 Anahaptistae‚
1466 3347 1501 3402 et
1526 3356 1628 3424 saepe
1653 3333 1716 3403 alii
1738 3333 1888 3424 imperia
1910 3333 2095 3428 quaesive-

56 3443 345 3521 hushominibus
361 3447 569 3538 imaginari,
600 3462 721 3516 nostra
744 3448 929 3538 diligentia
946 3471 1048 3539 posse
1100 3451 1185 3508 runt
1201 3436 1302 3507 nulla
1327 3434 1483 3525 Ῑθὸἷῑῑῐῐῑὸ
1508 3457 1631 3519 causa,
1662 3437 1723 3507 Sed
1748 3450 1887 3508 lanium
1910 3449 2094 3526 Ρΐὸθῑθῐῑΰ

56 3550 156 3621 virori
177 3552 325 3645 loqoooo
352 3551 504 3636 dioboli,
538 3565 573 3622 ot
596 3573 719 3640 goovos
739 3550 871 3642 lapsos,
924 3547 1049 3622 Aioi.
1098 3535 1299 3629 Evangelii.
1351 3537 1471 3610 Simus
1493 3538 1604 3629 igitur
1622 3539 1739 3624 cauti,
1765 3564 1810 3608 ne
1825 3539 1991 3610 seditiosa
2006 3562 2094 3610 con-

57 3667 148 3725 dum
174 3651 346 3723 leremiae
368 3653 474 3724 nobis
498 3652 545 3723 sit
566 3653 607 3721 in
627 3668 837 3746 conspectu:
872 3652 955 3724 Scio
971 3652 1048 3725 Do·
1100 3643 1180 3713 filla
1200 3642 1420 3712 adiuvem&

53 3757 180 3839 mine,
193 3756 295 3849 quod
311 3755 385 3826 noh
404 3770 455 3827 est
474 3750 633 3826 hominis
649 3756 706 3824 via
731 3757 817 3833 eius.
869 3751 972 3826 Nihil
994 3759 1048 3828 fa-
1202 3760 1487 3851 significationes
1503 3760 1608 3830 etiam
1627 3761 1763 3832 suntin
1787 3762 1865 3852 ipso
1885 3763 1997 3845 facto,
2023 3758 2092 3829 Pe·

56 3860 156 3931 tilius
182 3872 236 3928 est
254 3853 412 3945 homini,
446 3880 554 3953 ¹quam
576 3853 812 3945 hallucinari,
844 3860 980 3952 decipi,
1013 3874 1047 3931 et
1098 3879 1177 3935 trus
1198 3866 1357 3934 dextram
1375 3864 1570 3934 auriculam
1587 3865 1758 3953 praecidit
1779 3886 1881 3933 servo
1895 3861 2091 3937 pontilicis.

10 3982 12 3999 ¹
55 3986 181 4034 errare.
235 3958 320 4032 ldeo
335 3957 405 4032 hoc
421 3963 556 4032 dictum
573 3955 708 4031 Christi
725 3984 828 4053 saepe
841 3963 1048 4052 cogitemus,
1099 3966 1478 4039 Ambitiosidoctores
1496 3966 1709 4057 praecidunt
1729 3966 1941 4049 auriculam,
1973 3965 2010 4033 id
2029 3983 2093 4048 est,

10 4110 12 4151 ;
53 4063 225 4160 praecipit
239 4077 451 4158 utrumque,
485 4063 708 4153 vigilantiam
736 4078 769 4134 ct
792 4066 1047 4156 precationem,
1099 4071 1295 4141 offundunt
1323 4071 1465 4139 destrae
1494 4069 1674 4139 auriculae
1697 4068 1803 4138 falsas
1831 4068 2096 4159 interpretatio-

10 4216 12 4225 =
55 4168 126 4240 vult
150 4190 221 4237 nos
236 4162 402 4239 Christus
427 4190 501 4237 esse
525 4168 682 4237 intentos
704 4182 739 4237 et
763 4168 1046 4259 circumspectos.
1080 4195 1182 4257 nes,
1209 4172 1341 4265 quihus
1356 4173 1567 4241 confirmant
1583 4170 1748 4241 seditiosa
1765 4170 1933 4255 consilia,
1959 4184 2095 4240 utrum

61 4266 150 4360 Quia
174 4293 260 4341 vero
278 4270 415 4361 precari
430 4272 542 4353 iubet,
567 4269 742 4359 significat
759 4285 879 4342 nostra
895 4270 1048 4340 circum·
1099 4274 1258 4347 Romani
1276 4274 1464 4345 Pontifices
1479 4288 1667 4345 moverunt
1685 4274 1777 4343 bella
1801 4287 1923 4344 contra
1942 4270 2094 4344 Germa-

57 4373 233 4467 spectione
263 4397 338 4442 non
372 4396 474 4465 posse
500 4396 625 4442 omnes
654 4372 775 4464 lapsus
810 4373 945 4460 caveri,
986 4376 1046 4443 sed
1100 4379 1200 4449 nicos
1216 4377 1451 4470 Imperatores
1473 4374 1665 4456 Baeticos,
1691 4377 1871 4447 finxerunt
1894 4400 1930 4446 se
1946 4377 2097 4446 liberta-

61 4501 144 4569 opus
160 4499 236 4546 esse
250 4477 373 4546 divina
390 4475 667 4567 gubernatione,
689 4490 724 4545 et
740 4499 905 4566 magnam
922 4498 1049 4548 conso·
1099 4495 1171 4551 tem
1202 4479 1466 4571 suffragationis
1498 4480 1537 4547 in
1562 4479 1735 4568 eligendis
1759 4477 1945 4571 Episcopis
1969 4479 2094 4548 delen-

10 4632 12 4651 .
57 4578 223 4652 lationem
241 4578 349 4649 nobis
371 4578 591 4671 propositam
616 4600 690 4647 esse
715 4579 881 4663 sciamus,
910 4581 1049 4671 quoties
1101 4587 1205 4671 dere,
1237 4585 1371 4676 species
1399 4581 1467 4651 luit
1496 4575 1663 4665 honesta,
1701 4583 1761 4652 sed
1786 4597 1905 4654 tamen
1928 4581 2095 4653 nonfuit

10 4706 13 4715 ’
58 4682 271 4775 praecipitur
285 4679 452 4775 precatio.
504 4680 677 4774 Sequitur
700 4683 793 4750 enim
809 4682 1048 4772 precationem
1100 4688 1191 4758 iusta
1209 4687 1386 4758 bellorum
1406 4684 1676 4756 inserendorum
1694 4709 1811 4759 causa.

60 4809 127 4856 uon
150 4807 226 4855 esse
249 4787 414 4871 inanem,
454 4797 502 4870 ut¹
527 4807 650 4853 omnes
680 4781 848 4873 Epicurei
880 4785 1049 4874 cogitant,

10 4926 12 4931 ·
57 4913 129 4959 uon
143 4888 243 4960 enim
255 4889 388 4959 frustra
414 4888 643 4980 praecipitur.
702 4886 779 4957 Hac
803 4889 1048 4959 consolatione

61 4990 275 5076 confirmati,
318 4991 431 5060 simus
466 4990 687 5061 ardentiores
710 4991 749 5058 in
777 4993 975 5083 precando,
1015 5004 1050 5062 et

59 5109 218 5189 petamus
240 5094 315 5184 regi
333 5119 351 5163 a
368 5091 445 5164 Deo
470 5110 606 5163 mentes
626 5106 784 5183 nostras,
813 5094 991 5186 pericula,
1016 5107 1050 5164 et

58 5198 166 5271 exitus
183 5197 438 5290 periculorum.
470 5276 480 5289 ,

1202 4821 1384 4894 Postrema
1401 4844 1482 4913 pars
1497 4836 1594 4893 actus
1609 4817 1716 4894 huius
1740 4826 1779 4892 in
1799 4819 1921 4906 horto,
1948 4834 1999 4892 est
2013 4821 2096 4909 fuga

1101 4926 1264 4996 omnium
1278 4925 1552 5018 Apostolorum,
1585 4951 1675 5019 quae
1700 4940 1753 4997 cst
1772 4926 1972 5017 exemplum
1996 4946 2094 4991 com-

1102 5029 1221 5097 munis
1238 5028 1456 5100 infirmitatis
1472 5023 1672 5098 hominum.
1719 5026 1900 5098 Hactenus
1916 5027 1962 5096 de
1978 5023 2096 5117 primo

1101 5147 1183 5202 actu
1212 5134 1368 5204 breviter
1397 5132 1622 5202 dictumest:
1673 5127 1715 5200 ln
1741 5155 1812 5224 quo
1834 5130 1938 5199 valde
1962 5127 2096 5199 multae

1104 5249 1219 5326 partes
1235 5249 1336 5320 sunt,
1362 5259 1513 5330 quarum
1539 5228 1719 5305 exhauriri
1741 5232 1903 5303 doctrina
1927 5256 2003 5303 non
2028 5253 2095 5322 po-

155 5331 298 5406 Deiude
316 5337 357 5407 in
372 5335 497 5406 eodem
512 5335 591 5405 loco
605 5335 765 5427 sequitur
786 5334 947 5404 osculum
965 5360 1051 5427 pro·
1102 5352 1189 5423 test,
1217 5340 1381 5408 videlicet
1402 5339 1480 5430 ipse
1503 5361 1614 5428 pavor
1635 5351 1669 5405 et
1691 5337 1795 5406 dolor
1819 5330 1976 5418 Christi,
2008 5358 2095 5404 con-

56 5440 194 5525 ditoris,
220 5443 319 5536 quod
335 5437 507 5533 significat
524 5438 752 5511 simulatione
766 5437 944 5509 amicitiae
955 5440 1049 5511 mul·
1102 5441 1255 5515 firmatio
1273 5437 1420 5522 Christi,
1447 5440 1604 5534 proditio
1621 5437 1744 5527 Iudae,
1767 5439 2023 5512 testimonium
2032 5461 2107 5523 oo-
