4522 5782
106 194 182 272 ses
711 180 839 257 eun.
864 177 984 259 scen
1005 174 1218 257 scenas
1242 174 1546 258 moerico.
1620 120 1624 129 ’
1700 244 1704 249 .
2063 183 2127 261 a.

109 385 205 454 cata,
236 389 309 463 quo
335 364 379 435 ad
402 379 552 454 poenam
575 368 771 438 aeternam,
804 367 923 427 tamen
949 351 1101 424 sciamus
1152 376 1222 447 qna
1237 374 1386 444 persona
1399 366 1540 445 accepte
1554 365 1618 427 est.
1657 349 1743 426 ldeo
1761 361 1798 427 et
1809 368 1936 447 postes
1949 355 2057 429 dieite
2077 353 2129 429 rs
2158 334 2160 347 ¹

109 476 160 543 sic
189 472 293 540 etiam
319 490 358 536 ea
387 464 477 554 tegi,
518 460 659 554 quoad
684 478 836 549 poenam
868 455 1101 547 corporalem,
1152 458 1214 525 des
1228 456 1425 547 imputatur
1441 455 1474 525 ei
1488 457 1531 526 ad
1552 454 1746 542 iusticiam,
1766 460 1826 528 sed
1836 470 1994 550 propter
2009 460 2129 530 media·

109 576 209 645 iuxta
224 571 337 641 dicta:
364 562 613 636 Misericordia
624 557 786 641 Domini,
815 559 910 650 quod
925 580 998 626 non
1013 580 1100 626 con·
1151 571 1292 642 torem,
1345 571 1380 628 et
1405 557 1467 627 ills
1500 555 1606 643 fides,
1656 582 1747 652 qnae
1781 560 1914 631 nititur
1947 560 2128 633 mediatore

110 673 218 747 sumti
235 693 369 742 sumus.
423 665 510 737 Vult
531 663 628 732 enim
652 662 752 731 Deus
775 660 1001 749 superstitem
1025 680 1100 727 esse
1151 671 1350 750 petens-et
1390 659 1567 750 accipiens
1608 661 1853 749 remissionem
1904 674 2127 753 peccamen

110 774 319 848 Ecclesiam.
372 768 455 839 Non
495 763 665 856 imputari
703 774 842 851 peccata
884 759 1099 853 intelligitur
1151 758 1205 831 Ac
1228 760 1476 830 universaliter
1496 762 1546 831 sic
1570 761 1698 834 docent
1714 759 1932 854 Prophetae,
1959 761 2129 833 Accedes·

91 868 217 948 'etiam
234 890 268 945 et
283 875 328 942 de
346 867 543 963 praeteritis
569 880 602 936 et
627 866 672 934 de
696 862 961 954 praesentibus,
988 875 1023 932 et
1047 873 1101 931 est
1151 864 1238 933 dum
1260 885 1334 932 esse
1351 863 1396 932 ad
1415 861 1529 934 Deum
1554 864 1682 935 fidncia
1705 865 1973 935 misericordiae
1999 879 2130 957 propter

111 1002 187 1050 non
210 974 379 1065 cogitare,
415 995 489 1040 non
511 970 719 1045 decernere,
744 966 839 1057 quod
866 963 926 1032 ille
951 963 1098 1032 credens
1151 965 1404 1044 mediatorem,
1426 964 1516 1035 sicut
1530 963 1661 1035 Daniel
1678 966 1813 1058 inquit:
1839 966 1925 1037 Non
1942 967 1985 1035 in
2005 967 2130 1037 iusticie

112 1083 158 1152 sit
186 1077 388 1168 puniendus
417 1085 563 1142 aeterna
591 1089 723 1159 poena,
764 1088 967 1157 quanquam
995 1077 1099 1133 antea
1151 1080 1289 1147 nostra,
1313 1066 1429 1134 sedin
1445 1067 1684 1136 misericordia
1708 1085 1768 1139 tua
1785 1064 2128 1157 propterDominurs

113 1180 287 1272 deliquit,
314 1190 348 1246 et
365 1169 482 1244 adhuc
497 1185 581 1240 sunt
603 1170 641 1237 in
663 1192 704 1237 eo
722 1169 855 1238 sordes.
905 1162 1027 1237 Latini
1042 1164 1097 1234 di·
1150 1167 1370 1238 exaudinos.
1420 1164 1467 1237 Et
1482 1164 1624 1237 Psalmo
1638 1168 1696 1241 6.:
1730 1167 1878 1239 Salvum
1901 1193 1961 1238 me
1977 1169 2039 1239 lae
2056 1192 2129 1261 pro·

114 1294 253 1358 cecent,
280 1276 362 1348 Non
383 1274 596 1367 exprobrare
612 1293 670 1354 ea,
696 1292 770 1337 non
794 1289 957 1338 accusare
980 1262 1099 1337 homi·
1151 1283 1231 1361 pter
1247 1267 1527 1339 misericordiam
1544 1283 1655 1344 tuam.
1705 1268 1899 1342 EtExod.:
1924 1266 2128 1343 Domiuater
2159 1354 2162 1363 Ι

111 1408 194 1454 nem
226 1393 395 1471 tanquam
426 1399 525 1446 reum
552 1394 686 1464 poenae
708 1384 881 1441 aeternae.
945 1368 1015 1440 Sed
1039 1363 1098 1438 bic
1150 1367 1329 1441 Dominus
1351 1367 1447 1439 Deus
1468 1371 1681 1444 misericors·
2158 1378 2162 1391 '

112 1486 242 1554 usitata
262 1479 416 1551 obiectio
440 1475 620 1546 recitanda
642 1485 711 1556 est,
736 1494 846 1564 quare
860 1468 991 1540 Paulus
1015 1470 1099 1540 citat
1252 1469 1298 1541 Et
1322 1467 1427 1544 Rom.
1451 1467 1509 1544 5.;
1553 1471 1622 1543 Ρει·
1647 1468 1744 1543 hunc
1769 1467 1944 1546 babemus
1967 1496 2125 1547 aetum

113 1587 248 1656 dictum
274 1584 319 1651 de
340 1579 566 1662 remissione,
600 1588 634 1644 et
656 1596 731 1642 non
754 1571 917 1660 adiungit
939 1572 1032 1643 dicta
1055 1572 1099 1640 de
1151 1574 1196 1643 ad
1209 1569 1337 1645 Deum.
1389 1571 1495 1642 ltem:
1523 1571 1636 1644 Nemo
1652 1575 1813 1665 pervenit
1827 1578 1873 1646 ad
1890 1591 2050 1669 patrem,
2070 1573 2126 1645 uisi

114 1686 302 1778 operibus,
323 1679 427 1751 Beati
448 1679 570 1756 mites,
594 1674 696 1744 Beati
717 1672 974 1746 misericordes.
1024 1670 1099 1744 Re-
1150 1698 1213 1767 per
1231 1674 1357 1746 lilium.
1407 1669 1455 1746 Et
1472 1687 1591 1744 tamen
1615 1701 1739 1747 verum
1755 1691 1826 1761 est,
1851 1692 1892 1748 ut
1917 1679 2026 1750 toties
2047 1676 2126 1747 diri-

115 1789 292 1881 spondeo:
322 1780 418 1870 Quia
442 1802 579 1867 semper
598 1776 691 1847 dicta
710 1777 753 1845 de
768 1775 935 1845 laudibus
950 1797 1098 1864 operum
1151 1798 1248 1860 mus,
1280 1774 1398 1846 Simul
1421 1775 1459 1843 in
1487 1772 1553 1846 hac
1583 1778 1791 1848 remissione
1822 1778 1937 1850 filiurn
1961 1778 2032 1851 Dei
2057 1781 2126 1849 darc

115 1902 199 1959 sunt
222 1877 473 1980 synecdochae.
523 1879 732 1949 Laudentur
753 1877 849 1945 enim
871 1877 910 1946 in
930 1873 1005 1960 his,
1036 1876 1099 1967 qui
1152 1878 1257 1947 nobis
1281 1877 1323 1945 de
1348 1876 1481 1965 spiritu
1504 1901 1588 1962 ειιο,
1622 1883 1681 1949 sed
1706 1903 1780 1948 non
1800 1882 2067 1951 obscurandum
2086 1892 2126 1949 est

116 2003 200 2061 sunt
228 1982 445 2058 reconciliati
476 1983 563 2066 fide,
604 1980 700 2049 iuxta
731 1979 846 2068 dicta,
886 1975 993 2049 Rom.
1023 1976 1098 2049 14:
1151 1979 1316 2049 meritum
1332 1973 1483 2059 Christi,
1511 1983 1919 2052 necabducendaesunt
1943 1982 2125 2052 mentessb

115 2088 236 2161 Omne
249 2089 344 2182 quod
361 2109 434 2154 non
445 2097 547 2154 estex
560 2083 629 2152 lide
645 2096 823 2171 peccatum
840 2091 902 2152 est.
927 2076 1100 2152 Rom.3.:
1152 2075 1218 2151 bac
1248 2079 1352 2151 unica
1374 2081 1618 2152 consolatione
1647 2083 1684 2153 in
1711 2080 1909 2171 Evangelio
1940 2083 2126 2175 proposita,

115 2192 245 2282 Legem
276 2187 474 2260 stabilimus
503 2183 585 2257 fide.
635 2180 893 2253 Universaliter
918 2180 1028 2269 igitur
1059 2181 1098 2249 in
1152 2204 1245 2274 quae
1267 2179 1443 2265 affirmat,
1468 2183 1576 2271 recipi
1593 2198 1627 2254 et
1643 2183 2126 2276 placerecredentes-propter

115 2294 282 2364 laudibus
306 2311 454 2380 operum
473 2288 579 2376 'prius
602 2284 820 2371 intelligatur
843 2283 929 2351 fides
961 2282 1100 2372 praelu·
1151 2283 1402 2364 mediatorem,
1427 2283 1638 2372 sicntsupra
1654 2285 1761 2355 dixit:
1789 2283 1907 2373 Quem
1927 2287 2045 2377 posuit
2060 2308 2127 2376 pro

117 2418 218 2476 cens,
255 2415 345 2483 quae
371 2387 499 2479 accipit
521 2385 761 2456 remissionem
789 2396 1032 2473 peccatorum,
1066 2396 1101 2451 et
1151 2384 1454 2477 piciatoremfidc.
1503 2382 2037 2458 Retineaturautemadversus
2051 2386 2151 2457 mul-

118 2491 441 2565 reconciliationem
455 2489 565 2578 gratis
581 2500 725 2576 propter
739 2486 980 2556 mediatorem.
1014 2482 1099 2553 ldeo
1151 2501 1204 2555 tas
1221 2485 1465 2557 cavillationes
1482 2480 1568 2555 haec
1582 2487 1795 2567 admonitio,
1810 2511 1892 2557 cum
1908 2488 1952 2557 in
1972 2487 2125 2559 embolo

118 2594 206 2665 haec
223 2595 315 2664 dicta
332 2588 400 2661 boc
418 2591 496 2659 loco
512 2612 586 2658 nou
599 2585 870 2678 citantur,quia
883 2586 977 2655 bona
994 2608 1101 2677 opera
1152 2588 1312 2657 iusticiae
1333 2587 1516 2658 latendum
1538 2589 1603 2668 sit,
1638 2611 1712 2659 esse
1736 2584 1829 2657 bane
1853 2589 2125 2667 relationemsc·

118 2710 315 2791 sequuntur
333 2695 371 2761 iu
387 2690 601 2769 ἱΰιῑὶἧιὸῑῖι,
628 2711 701 2757 non
716 2687 919 2758 iustificant.
1152 2689 1377 2780 ceptationis,
1422 2712 1561 2759 necesse
1585 2704 1637 2760 est
1664 2690 1816 2778 intelligi
1840 2714 1908 2761 nos
1934 2691 2066 2779 iustos,
2098 2688 2123 2757 il

220 2795 354 2867 Paulus
371 2808 486 2865 autem
510 2787 567 2860 hic
586 2789 724 2882 quaerit
744 2813 816 2857 non
835 2788 1015 2880 quomodo
1037 2810 1102 2877 po·
1151 2808 1222 2869 est,
1259 2805 1415 2879 acceptos
1441 2814 1514 2859 esse
1537 2804 1682 2881 propter
1712 2792 1949 2863 mediatorem
1971 2789 2124 2863 Deumet

119 2916 191 2970 stes
213 2920 319 2989 opera
343 2896 429 2965 bant
454 2907 514 2964 aut
529 2893 706 2985 placeant,
732 2892 794 2959 sed
818 2889 999 2983 quomodo
1021 2912 1102 2979 per·
1153 2888 1353 2974 hominem,
1394 2906 1428 2963 et
1451 2914 1525 2960 non
1550 2893 1704 2983 intelligi
1729 2892 1905 2964 iusticiam
1935 2892 2124 2965 tantumde
2158 2884 2164 2893 ⁶

120 3025 206 3071 sona
226 3000 286 3071 liat
300 2999 409 3076 iusta,
435 2996 561 3078 idest,
587 3006 726 3082 accepta
744 2989 842 3071 Deo,
868 2991 1031 3060 videlicet
1046 3014 1102 3059 re-
1152 2994 1353 3065 diviuitate.
2162 2990 2164 2994 '

120 3101 288 3172 missione
314 3112 550 3188 peccatorum.
600 3091 684 3162 ldeo
706 3093 798 3161 dicta
826 3094 871 3161 de
893 3091 1102 3161 remissione

119 3206 227 3288 citat,
262 3224 352 3295 quae
381 3221 455 3267 non
486 3210 569 3266 sunt
605 3189 843 3288 synecdoche,
883 3193 966 3285 quia
996 3193 1102 3281 gratis

119 3319 265 3396 propter
280 3302 392 3370 lilium
415 3300 623 3390 recipimur,
650 3310 685 3366 et
708 3291 792 3364 haec
818 3295 978 3364 remissio
1002 3306 1103 3363 ante·
1369 3268 1579 3352 ΟΜΝΗ
1613 3286 1927 3352 “temulen-

120 3409 213 3475 cedit
232 3406 327 3474 bona
350 3423 470 3493 opera.
1254 3391 1395 3462 lusticia
1412 3393 1582 3483 imputata
1599 3407 1748 3467 estante
1773 3396 2086 3479 circumcisionem,

221 3505 396 3573 Addenda
421 3516 472 3570 est
492 3513 527 3570 et
551 3493 637 3567 haec
660 3496 870 3568 admonitio.
921 3491 1104 3566 Osiander
1254 3494 1348 3583 Ergo
1383 3496 1602 3565 circumcisio
1638 3519 1712 3565 non
1741 3512 1794 3568 cst
1823 3522 1958 3585 causa,
2003 3510 2120 3591 propter

122 3609 373 3696 interpretatur
402 3598 486 3671 haec
506 3603 627 3669 verba:
655 3596 828 3690 lmputata
845 3611 897 3668 est
915 3600 946 3666 ei
967 3597 1103 3667 iusticie
1317 3621 1422 3688 quam
1447 3592 1629 3667 Abraham
1658 3612 1712 3668 est
1734 3598 1859 3672 iustus.

121 3705 332 3797 lsocsnodo,
357 3705 481 3792 idest,
508 3700 901 3773 transfusaestineum
924 3699 1104 3768 divinitas.
1255 3697 1517 3790 Consequentia
1544 3698 1727 3770 manifesta
1757 3715 1836 3784 est,
1883 3700 2119 3791 quiaetteeu
2163 3704 2165 3709 ’

121 3807 201 3880 Etsi
223 3822 337 3879 antem
364 3805 586 3873 verissimum
610 3817 679 3881 est,
707 3803 743 3870 in
761 3801 966 3870 remissione
983 3824 1104 3889 pecca·
1154 3824 1227 3870 non
1250 3800 1425 3869 antecedit
1448 3824 1587 3867 catrsam
1614 3812 1783 3890 tempore.
1832 3799 2119 3872 Circumcisusesl

121 3924 241 3981 torum
257 3909 331 3977 fieri
351 3906 630 3987 renovationem,
649 3927 728 3972 cum
745 3902 867 3971 audica
883 3926 966 3970 voce
979 3899 1102 3969 Evan-
1155 3918 1270 3973 autem
1288 3896 1470 3970 Abraham
1487 3924 1581 3969 anno
1601 3903 1722 3971 aetatis
1737 3925 1819 3971 suae
1837 3901 1921 3981 99..
1948 3926 2030 3975 cum
2041 3913 2118 3971 autu

122 4012 204 4103 gelii
227 4011 265 4080 in
290 4011 396 4078 corde
419 4005 667 4098 perterrefacto
695 4003 788 4073 lilius
812 4001 878 4071 Dei
902 3999 993 4072 hanc
1016 4026 1103 4070 con·
1155 4018 1301 4073 vocatus
1319 4015 1407 4071 esset
1424 4025 1464 4069 ex
1485 4000 1604 4069 ilaran
1623 3998 1683 4071 75.
1736 4001 1828 4073 Sunt
1842 4025 1928 4093 ergo
1944 4004 2119 4075 aonides

121 4113 329 4183 solationem
351 4109 457 4191 dicit,
498 4105 747 4178 Remittentur
768 4105 834 4171 tibi
858 4117 1021 4195 peccata,
1055 4101 1103 4173 Et
1154 4106 1343 4175 vocatione
1365 4104 1409 4171 ad
1436 4103 1738 4172 circumcisionem
1763 4099 1824 4176 24.
1892 4138 1898 4147 ·

123 4218 183 4282 dat
205 4213 380 4304 Spiritum
405 4222 586 4278 sanctum:
613 4220 733 4275 tamen
755 4205 851 4274 aliud
870 4218 921 4273 est
942 4204 1040 4296 loqui
1060 4205 1104 4273 de
1261 4204 1304 4275 ln
1335 4199 1402 4273 hoc
1428 4218 1637 4292 argumento
1666 4204 1872 4274 continetur
1908 4206 2070 4275 doctrina
2090 4202 2119 4269 dc

121 4315 185 4383 illa
208 4312 455 4394 renovatione,
487 4309 583 4377 aliud
608 4309 651 4376 de
673 4330 797 4389 causa,
833 4318 1103 4397 propterquam
1156 4307 1267 4396 signis
1283 4330 1345 4377 seu
1366 4305 1609 4387 sacramentis,
1637 4318 1676 4375 ut
1692 4305 1819 4376 usitate
1838 4306 2121 4388 nominamus,rt

122 4437 272 4506 persona
289 4415 387 4503 prius
406 4410 532 4499 accipit
549 4409 789 4477 remissionem
807 4419 1048 4496 peccatorum,
1070 4419 1104 4475 et
1157 4409 1318 4479 doctrina
1339 4409 1384 4475 de
1416 4407 1520 4475 bonis
1551 4407 1728 4496 operibus.
1779 4401 1968 4476 Abraham
1999 4412 2121 4477 nonest
2152 4404 2166 4429 ²

122 4516 161 4586 lit
177 4528 335 4601 accepta,
353 4536 414 4583 seu
431 4514 476 4580 de
491 4511 596 4577 modo
613 4533 684 4599 quo
699 4508 895 4577 accedimus
911 4508 956 4575 ad
974 4507 1106 4581 Deum.
1159 4510 1271 4580 iustus
1294 4522 1439 4596 propter
1461 4529 1570 4596 opus,
1594 4508 1690 4598 quod
1704 4506 1849 4599 quidem
1866 4531 1886 4575 a
1903 4503 1985 4580 Deo
2000 4507 2120 4579 mands·
2151 4494 2166 4531 ²

225 4615 326 4685 Sicut
348 4626 465 4683 autern
487 4612 577 4680 inlra
599 4610 744 4689 diciturl,
768 4607 918 4698 Propter
932 4610 1105 4677 obedien·
1157 4623 1232 4681 tum
1250 4623 1338 4679 erat:
1363 4631 1447 4696 crgo
1466 4631 1531 4675 nec
1552 4630 1619 4677 nos
1632 4630 1755 4678 sumus
1768 4607 1851 4679 iusti
1868 4624 2122 4701 propteropefl,

123 4718 211 4790 tiam
231 4715 339 4786 unius
361 4713 626 4783 constituuntur
648 4710 730 4779 iusti
750 4711 867 4779 multi:
901 4712 948 4779 ita
971 4705 1106 4779 hicin-
1159 4713 1219 4780 sed
1243 4713 1383 4801 placent
1398 4707 1473 4779 Deo
1496 4709 1589 4777 bona
1613 4731 1718 4799 opera
1738 4708 1777 4777 in
1795 4704 1872 4789 his,
1899 4712 2056 4803 quiiam
2075 4708 2121 4777 ils
2152 4696 2166 4709 ⁴

122 4820 323 4909 telligamus
345 4813 513 4904 imputari
538 4814 641 4882 nobis
667 4811 905 4880 obedientiam
935 4812 1106 4880 mediato·
1160 4812 1245 4880 iusti
1269 4824 1371 4894 sunt,
1398 4810 1535 4878 etiarnsi
1552 4805 1698 4879 haerent
1714 4806 1831 4879 adhuc
1846 4810 1886 4879 in
1902 4811 1956 4881 eis
1979 4809 2121 4905 reliquiar
2151 4799 2167 4839 ³

122 4922 193 5005 ris,
227 4931 371 5011 propter
394 4938 497 5007 quern
521 4909 692 4983 babemus
722 4914 962 4980 remissionem
986 4934 1105 5001 pecca·
1158 4913 1309 5004 peccati,
1334 4926 1373 4981 ut
1389 4911 1474 4979 alibi
1493 4910 1671 4999 copiosius
1689 4911 1832 4983 dicitur.

121 5038 241 5093 torum
259 5033 292 5090 et
309 5017 597 5107 acceptationem.
625 5012 709 5083 ldeo
725 5028 759 5082 et
777 5009 835 5081 hic
848 5010 981 5081 Paulus
996 5012 1109 5080 citans
1261 5013 1365 5083 Nunc
1385 5010 1429 5081 de
1448 5010 1686 5083 Sacrameutis
1708 5012 1877 5085 dicamus.
1933 5010 2062 5084 Paulus
2081 5010 2167 5077 io'

120 5122 320 5193 Psalmum:
344 5117 444 5187 Beati
478 5139 629 5208 quorum
646 5115 811 5182 remissae
833 5108 915 5182 sunt
938 5113 1109 5205 iniquita·
1158 5115 1486 5203 signiserbo.usus
1507 5127 1579 5193 est,
1612 5111 1775 5183 nominat
1799 5110 1899 5183 hune
1919 5115 2027 5187 ritum
2045 5109 2120 5201 sigil-

121 5239 251 5293 tesetc.
303 5216 476 5291 Ostendit
489 5239 526 5284 se
552 5215 652 5305 loqui
676 5215 720 5281 de
746 5214 997 5302 imputatione,
1038 5237 1108 5306 qua
1159 5215 1235 5283 lum
1260 5215 1420 5285 institiae
1440 5214 1535 5285 fidei.
1587 5212 1657 5284 Hic
1680 5214 1833 5302 primurn
1852 5208 2121 5286 consideranti·
2159 5212 2167 5237 ²

122 5325 226 5392 nobis
243 5335 388 5415 propter
404 5317 634 5389 mediatorem
651 5326 789 5407 peccata
805 5315 1052 5402 remittuntur,
1073 5331 1107 5388 et
1159 5330 1315 5402 scentes,
1356 5338 1448 5408 quae
1469 5315 1541 5385 sint
1564 5317 1701 5418 usitata⁸
1725 5308 1916 5407 bominum
1943 5316 2071 5389 iudicia
2093 5310 2121 5380 t·

1304 3135 1537 3236 Imputatum
1566 3150 1617 3213 est
1640 3138 1675 3211 ei
1697 3139 1737 3211 in
1759 3142 1972 3243 praeputio.
