4522 5782
224 368 282 475 'Sa'
299 370 396 442 enim
413 362 610 441 Abraham
626 388 674 438 ea·
690 362 860 465 operibus
874 372 937 441 etr.

191 520 355 601 Primum
377 545 538 613 expressa
560 518 771 593 asseveratio
794 517 833 589 in
853 530 948 591 textu
968 536 1087 586 consr-

88 628 251 699 deranda
273 639 345 711 εει,
376 624 473 719 quod
494 638 613 714 aperte
637 622 791 691 affirmat
811 619 945 691 Paulus
969 614 1087 687 Abra·

88 726 177 799 bam
200 750 275 797 nou
295 726 403 811 luisse
422 724 553 796 iustum
575 747 693 795 coram
710 720 787 793 Deo
812 734 957 814 propter
979 739 1086 810 opera

87 855 176 915 sua,
202 828 463 918 sicutetsupra
481 827 702 897 dictumest:
728 819 783 895 Ex
802 823 969 914 operibus
997 819 1086 908 legis

88 954 170 1003 non
186 929 436 1001 iustificabitur
456 926 573 998 omnis
597 951 693 998 caro.
745 920 793 995 Et
818 921 910 994 nibil
934 921 1085 993 dubium

88 1046 145 1103 εει
179 1030 365 1123 complecti
394 1028 544 1100 Paulum
577 1052 683 1119 opera
721 1027 891 1095 moralia:
936 1047 1017 1092 nam
1052 1033 1086 1090 et

88 1128 277 1206 Abraham
294 1131 478 1203 antecessit
495 1129 657 1221 politiam
666 1125 778 1198 Moisi
793 1127 896 1197 annis
911 1122 1085 1220 quadrin-

88 1235 209 1329 gentis
224 1247 260 1305 et
274 1232 418 1325 triginta
437 1232 493 1302 vel
509 1231 663 1305 circiter.

354 195 456 271 Xlll.
500 197 536 293 b.
562 186 864 271 anaant'rto
894 174 1052 271 lll’lS'l'.
1075 182 1317 311 atootao
1342 179 1607 265 ROMANOS.
1659 185 1766 262 CAP.
1794 188 1856 262 tV.

1138 358 1534 429 benedicenturomnes
1557 372 1686 448 gentes.
1736 358 1783 431 Et
1803 362 1894 433 sicut
1916 374 2051 433 certum
2075 376 2127 434 est

1137 456 1331 529 Ecclesiam
1356 460 1475 550 colligi
1499 473 1645 552 propter
1668 461 1802 547 lilium,
1828 463 1876 532 ita
1893 478 2025 534 norunt
2042 486 2125 532 san-

1138 562 1185 630 cti
1201 575 1234 631 et
1251 561 1502 653 promissiones
1521 564 1698 635 bonorum
1720 565 1959 654 corporalium
1974 566 2124 636 traditas

1137 685 1210 732 esse
1225 677 1369 754 propter
1385 663 1510 747 filium,
1531 666 1614 757 quia
1628 664 1806 735 Ecclesiae
1822 667 2012 736 necessaria
2029 680 2124 736 sunt.

1138 762 1223 834 ldeo
1243 767 1279 834 2.
1294 760 1458 838 Corinth.
1472 763 1508 837 7.
1528 767 1677 837 dicitur:
1712 762 1849 839 Omnes
1872 769 2123 860 promissiones

1137 867 1175 935 in
1191 861 1332 939 Christo
1349 880 1443 935 ratae
1459 882 1554 942 sunt.

1237 982 1493 1055 Discernantur
1517 1010 1599 1076 ergo
1620 988 1754 1058 obiecta
1778 989 1877 1059 fidei:
1909 984 2062 1080 primum
2087 1000 2122 1058 ει

1137 1084 1331 1178 principale
1349 1102 1398 1158 est
1415 1084 1511 1157 Deus
1526 1090 1704 1179 propicius
1720 1106 1864 1183 propter
1879 1090 2122 1172 mediatorem,

1137 1202 1256 1277 postea
1272 1202 1420 1285 possunt
1440 1192 1604 1259 accedere
1629 1191 1697 1285 alia
1723 1206 1862 1261 externa
1886 1192 2032 1263 obiecta.
2073 1186 2123 1260 Ut

1137 1285 1319 1359 Abraham
1344 1290 1430 1380 petit
1454 1291 1708 1380 protectionem
1731 1292 1826 1362 inter
1849 1293 1975 1383 impias
1990 1290 2122 1381 gentes,

194 1366 335 1440 Deinde
375 1367 621 1438 mmmmm
660 1358 940 1483 ff⁰⁰⁰¹⁰⁸¹¹⁰d³ll⁰
980 1356 1085 1477 ‘lidi‘
1137 1392 1225 1481 petit
1252 1392 1489 1482 posteritatem
1523 1406 1557 1462 et
1593 1395 1894 1463 conservationem
1929 1389 2121 1463 Ecclesiae.

88 1468 257 1543 coedldll
279 1465 461 1540 Abnham
484 1467 580 1551 Μ’
612 1479 645 1536 ‘²
670 1477 885 1555 'mutatum
909 1475 961 1530 θ’(
984 1485 1017 1529 ‘¹
1040 1460 1085 1527 ²d
1136 1492 1304 1584 Denique
1327 1492 1363 1561 in
1388 1493 1593 1585 quotidiana
1616 1495 1839 1564 invocatione
1862 1493 1993 1583 singuli
2009 1494 2121 1562 multa

87 1571 284 1645 iusticiam.
334 1570 437 1640 Alibi
459 1571 541 1640 citat
562 1564 649 1637 haec
669 1567 780 1638 dicta:
810 1562 927 1633 lustus
950 1584 1012 1632 sua
1032 1561 1086 1628 vi·
1137 1594 1424 1685 complemur,
1450 1596 1600 1665 seduno
1622 1599 1796 1666 “eodem
1816 1591 2120 1665 modoadnfflm

88 1686 165 1743 Μ·
214 1674 322 1743 Imm
347 1670 420 1789 Q¹Jl
437 1671 551 1790 credi}
566 1671 604 1738 ⁵¹¹
621 1691 722 1787 ΜΨ
747 1691 821 1737 ‘¹⁰¹¹
837 1664 1086 1783 ‘pnsund‘wss
1137 1698 1310 1766 accedunt
1328 1719 1451 1765 omnes
1468 1696 1598 1780 sancti,
1623 1697 1774 1782 scilicet,
1801 1695 1991 1767 Credentes
2005 1693 2122 1764 Deum

88 1773 166 1847 ule
186 1788 306 1845 ”mm
329 1787 452 1844 “⁶¹¹²''
482 1795 638 1862 lmmum
664 1771 817 1848 ‘mlum’
853 1790 892 1833 ¹¹¹
925 1789 996 1857 ‘3¹¹⁰
1026 1787 1085 1831 ‘¹'
1138 1820 1212 1866 esse
1235 1796 1433 1887 propicium
1462 1810 1608 1888 propter
1631 1799 1889 1881 mediatorem,
1932 1797 2121 1887 sicutipse

88 1899 215 1970 {mm
240 1876 278 1944 fil
304 1876 437 1992 mentio
458 1872 553 1943 fidel·
607 1870 695 1990 vuli
719 1874 813 1988 ‘fill'
838 1862 1086 1937 ²¹h⁰⁰⁰⁸¹‘¹¹'
1137 1896 1316 1967 Dominus
1337 1898 1469 1989 inquit:
1512 1896 1692 1990 Quicquid
1723 1901 1896 1999 petieritis
1926 1913 2058 1991 patrem
2083 1897 2121 1965 in

88 1982 199 2059 dere,
226 2000 302 2045 non
320 1977 437 2047 afferre
454 1999 550 2044 ntanc
566 1976 764 2044 doctrinam
785 1982 942 2058 ignotam
962 1964 1086 2036 Eccle-
1139 2000 1284 2070 nomine
1300 2021 1398 2083 meo,
1426 2000 1527 2072 dabit
1544 1999 1657 2074 vobis·

88 2082 167 2150 siae
181 2077 330 2148 Petrum
347 2090 383 2148 et
402 2071 679 2165 Prophetarum,
705 2074 766 2143 sed
782 2071 928 2141 eandem
946 2068 985 2136 in
1003 2090 1086 2135 vera

88 2177 254 2251 Ecclesia
271 2180 470 2248 doctrinam
486 2179 530 2246 de
548 2176 686 2247 iusticia
703 2197 842 2263 semper
856 2171 978 2240 luisse.
1038 2165 1088 2239 Ut

88 2298 216 2353 autem
240 2280 483 2350 accomodatio
508 2291 602 2347 recte
625 2277 864 2364 intelligatur,
890 2270 1087 2340 cavillatio-

88 2406 159 2453 nes
183 2383 392 2451 restuaudae
407 2379 520 2476 lsunt,
551 2402 642 2473 quae
662 2389 914 2470 opponuntur,
936 2395 1087 2467 quarum

88 2484 212 2578 prima
237 2478 323 2552 haec
349 2495 410 2555 est.

1221 2114 1295 2186 lam
1315 2117 1583 2188 considerentur
1600 2117 1706 2189 verba
1723 2130 1847 2193 textus.
1879 2116 1921 2188 ln
1937 2117 2123 2218 capite12.

1140 2216 1253 2293 Gene.
1284 2219 1371 2287 dicit
1393 2216 1587 2288 Dominus:
1623 2217 1838 2290 Benedicam
1868 2219 1945 2291 tibi.
2017 2216 2114 2288 ltem:

1141 2318 1183 2389 ln
1208 2334 1242 2391 te
1258 2321 1514 2391 benedicentur
1529 2345 1652 2390 omnes
1675 2336 1805 2412 gentcs.
1856 2321 1979 2393 Postea
2006 2319 2043 2389 io
2064 2340 2124 2389 ca·

1140 2418 1285 2515 pite15.
1309 2422 1459 2492 dicitur:
1484 2422 1567 2492 Noli
1584 2422 1730 2515 timere,
1755 2446 1819 2514 ego
1841 2436 2019 2515 protector
2040 2435 2123 2492 tuus

1140 2537 1174 2595 et
1196 2546 1321 2612 magua
1346 2547 1478 2593 merces
1500 2524 1615 2596 valde.
1668 2521 1709 2594 ln
1734 2520 1790 2594 his
1812 2523 2025 2595 dulcissimis
2040 2543 2123 2615 pro·

1140 2625 1369 2695 missionibus
1387 2625 1570 2695 manifeste
1587 2628 1788 2696 ostenditur
1807 2625 2063 2709 reconciliatio,
2088 2637 2124 2693 et

1140 2740 1244 2796 norat
1272 2720 1454 2796 Abraham
1484 2726 1634 2816 primam
1667 2726 1954 2816 promissionem:
1995 2724 2126 2796 Semen

198 2825 408 2900 Adversarii
434 2828 578 2911 dicunt,
611 2822 764 2894 Paulum
783 2823 884 2894 abuti
899 2819 966 2893 ltoc
981 2823 1089 2910 dicto,
1140 2827 1299 2897 mulieris
1332 2839 1490 2897 conteret
1518 2842 1622 2917 caput
1650 2829 1834 2920 serpentis.
1898 2824 1948 2898 Et
1979 2825 2125 2920 quidem

88 2935 179 3030 quia
203 2931 256 3001 ibi
281 2929 412 2999 dicitur
436 2930 479 2997 de
502 2928 571 2996 lide
600 2938 804 3016 expectante
836 2926 1088 3016 posteritatem.
1140 2929 1272 2998 sciebat
1285 2922 1377 2997 hanc
1395 2928 1680 3019 promissionem,
1697 2930 1767 2998 iam
1784 2929 1949 3018 restringi
1964 2931 2008 2998 ad
2025 2949 2126 2997 suam

88 3040 143 3109 Ar
159 3030 398 3120 Evangelium
423 3029 582 3123 loquitur
601 3028 645 3095 de
671 3027 740 3095 lide
755 3040 967 3117 agnoscente
983 3022 1087 3098 Chri·
1140 3030 1401 3122 posteritatem,
1428 3030 1510 3122 quia
1525 3031 1658 3098 dictum
1675 3045 1766 3102 erat:
1796 3029 1838 3102 ln
1856 3042 1890 3099 te
1912 3029 2125 3100 benedicen-

88 3151 191 3209 stum
208 3133 415 3205 crucifixum
431 3146 465 3199 et
483 3128 745 3212 resuscitatum,
772 3142 805 3198 ει
820 3127 1015 3218 accipiente
1033 3152 1088 3197 re·
1141 3147 1199 3204 tur
1224 3154 1347 3200 omnes
1366 3145 1498 3221 gentes.
1564 3127 1705 3220 Accipit
1726 3132 1835 3221 igitur
1860 3131 1967 3201 simul
1988 3144 2021 3201 et
2042 3153 2127 3220 pro-

88 3237 304 3311 missionem
321 3245 565 3325 peccatorum,
590 3227 686 3321 Ergo
704 3232 747 3298 de
764 3230 833 3300 alia
853 3227 924 3301 fide
942 3227 1087 3315 Moises,
1140 3232 1344 3312 missionem
1383 3231 1684 3302 reconciliationis
1715 3247 1749 3304 et
1776 3233 1921 3302 seminis
1949 3229 2128 3302 benedicti

88 3343 138 3413 de
153 3338 227 3410 alia
242 3334 377 3406 Paulus
392 3333 564 3427 loquitur.
1140 3349 1175 3406 ει
1190 3332 1423 3426 posteritatis,
1448 3333 1485 3402 id
1502 3346 1572 3418 εει,
1596 3336 1842 3427 propagandae
1857 3330 2050 3404 Ecclesiae.

197 3471 434 3563 Respondeas:
462 3468 516 3540 Da
532 3467 699 3538 omnibus
714 3467 882 3558 exemplis
897 3467 935 3536 in
959 3468 1089 3560 quibus
1241 3448 1316 3522 Has
1338 3453 1590 3544 promissiones
1611 3478 1691 3523 cum
1715 3454 1783 3523 fide
1807 3453 1957 3544 accipiat
1978 3451 2128 3521 manile-

88 3573 379 3655 hudaturfides,
405 3584 445 3640 ut
465 3566 627 3649 Gedeon,
655 3566 781 3655 David,
808 3566 1089 3639 creduntDoum
1141 3567 1236 3625 stum
1258 3567 1335 3636 est,
1369 3557 1613 3645 eandemfiesse
1636 3554 1740 3624 fidem
1763 3548 1931 3624 Abrahae
1956 3566 1990 3623 et
2014 3551 2130 3640 Pauli,

88 3680 183 3775 ξμς.
201 3673 460 3769 praeliantibus
476 3670 671 3741 affuturum
687 3693 781 3741 aare:
814 3671 919 3739 eriam
936 3694 1017 3742 cum
1033 3695 1090 3742 reg
1141 3669 1176 3726 et
1197 3655 1359 3726 omnium
1385 3672 1589 3727 sanctorum
1612 3655 1651 3724 in
1673 3679 1754 3725 vera
1768 3653 1926 3727 Ecclesia
1949 3655 2128 3745 accipien-

88 3798 244 3855 utema
262 3777 396 3867 petitur
414 3788 448 3842 et
461 3785 674 3862 expectatur,
699 3794 838 3863 semper
850 3784 967 3864 tamen
983 3796 1089 3862 opor.
1127 3772 1211 3849 ,tem
1235 3757 1562 3827 reconciliationem
1580 3770 1725 3847 propter
1750 3758 1990 3827 mediatorem.
2042 3753 2128 3825 ldeo

88 3894 142 3955 tet
167 3879 376 3973 praelucere
400 3869 492 3944 banc
516 3871 641 3953 fidem,
676 3897 745 3966 qua
769 3873 942 3963 accipitur
962 3897 1090 3943 rocon.
1142 3874 1176 3929 et
1191 3857 1369 3930 Dominus
1392 3857 1529 3951 inquit:
1565 3856 1667 3928 Vidit
1687 3852 1869 3929 Abraham
1892 3858 1988 3926 diem
2011 3880 2131 3927 meum

88 3983 233 4057 eiliatio
249 3993 394 4070 propter
410 3970 661 4055 mediatorem,
687 3976 784 4045 iuxta
800 3974 953 4044 dictum:
975 3973 1090 4044 Nemo
1141 3960 1179 4030 id
1210 3973 1280 4044 est,
1322 3960 1468 4048 agnovit
1497 3962 1537 4029 in
1568 3960 1803 4049 promissione
1833 3959 2063 4028 mediatorem
2094 3970 2130 4028 et

88 4096 213 4172 9022st
234 4081 357 4150 ventre
381 4079 426 4146 ad
453 4090 589 4167 patrem
620 4075 692 4143 nisi
724 4098 786 4165 per
817 4074 942 4146 filium,
1001 4073 1089 4144 nem
1140 4060 1269 4132 fiducia
1297 4060 1501 4131 mediatoris
1532 4061 1666 4151 accepit
1694 4059 1937 4130 remissionem
1970 4076 2132 4149 peccato·

88 4182 205 4263 Rom,
224 4179 280 4254 55
304 4171 856 4250 Pephunchabemugaccgssum
872 4176 952 4246 fide,
987 4174 1090 4246 Sem·
1141 4187 1240 4247 rum,
1277 4175 1313 4233 el
1341 4163 1512 4233 liberalius
1543 4177 1595 4235 est
1623 4163 1669 4232 ab
1702 4163 1825 4232 luserit
1848 4175 1881 4232 el
1906 4162 1951 4231 ab
1973 4161 2026 4231 lta
2048 4157 2129 4235 Del·

88 4311 158 4379 per
183 4286 296 4377 igitur
312 4282 466 4371 primum
485 4292 518 4347 et
537 4279 731 4368 principale
748 4278 926 4349 obiectum
940 4273 1024 4347 fidei
1039 4292 1091 4349 est
1142 4261 1303 4336 Credidit
1319 4259 1501 4334 Abrthssm
1518 4261 1595 4334 ⁰²⁰
1613 4279 1679 4337 01⁹·

88 4382 195 4463 Deus
216 4408 294 4455 non
316 4384 488 4464 irascens,
512 4381 574 4449 sed
599 4374 744 4471 propter
768 4379 883 4450 filium
906 4402 972 4448 nos
994 4379 1086 4448 reci·
1243 4378 1340 4450 Haec
1363 4382 1546 4471 responsio
1569 4404 1650 4448 vera
1678 4393 1713 4449 et
1737 4379 1836 4450 firma
1860 4394 1934 4466 est,
1979 4379 2070 4452 sicut
2094 4396 2131 4454 ει

88 4493 221 4583 piens,
247 4501 284 4558 et
306 4486 420 4577 prima
445 4482 539 4553 lucta
561 4495 635 4569 est,
661 4483 721 4552 An
746 4480 845 4552 Deus
868 4480 954 4551 velit
974 4492 1008 4550 te
1033 4504 1090 4551 re·
1142 4482 1357 4574 experientia
1379 4494 1524 4554 testatur
1540 4482 1576 4550 in
1593 4481 1754 4551 omnium
1768 4481 1909 4574 piorum
1925 4484 2104 4556 cordibus.

88 4596 228 4687 tiime·
1246 4614 1345 4685 ldem
1362 4630 1476 4686 textus
1493 4616 1531 4689 in
1549 4615 1664 4684 Moise
1679 4616 1853 4701 ostendit,
1878 4618 1964 4710 qnid
1989 4618 2041 4688 ibi
2064 4644 2133 4690 no-

147 4734 159 4743 ‘
198 4721 365 4816 Cumque
385 4720 457 4789 iam
481 4717 661 4788 credimus
683 4740 764 4788 eum
789 4739 864 4788 esse
879 4718 1090 4810 propicium,
1142 4719 1253 4789 minet
1275 4715 1420 4797 Fidem,
1456 4718 1621 4788 videlicet
1645 4740 1718 4786 non
1740 4731 1879 4788 tantum
1906 4721 2073 4791 noticiam
2098 4736 2133 4793 te

88 4842 221 4923 postea
244 4836 465 4914 expectamus
489 4820 535 4888 ab
560 4842 600 4887 eo
623 4833 759 4890 caetera
782 4821 963 4894 beneficia.
1016 4816 1090 4888 Ge·
1141 4820 1230 4904 Deo,
1256 4818 1372 4912 qualis
1388 4831 1440 4888 est
1457 4819 1495 4886 in
1513 4818 1684 4904 diabolis,
1712 4821 1768 4888 vel
1783 4819 1821 4887 in
1837 4814 2014 4902 Ethnicis‚
2036 4825 2134 4915 quod

88 4940 214 5015 deon,
248 4924 366 4995 David
389 4944 463 4992 non
496 4934 639 5011 possent
665 4945 685 4990 a
708 4920 787 4990 Deo
811 4937 928 5012 petere
951 4922 1089 4991 velex·
1141 4924 1186 4994 sit
1202 4921 1317 5004 Deus,
1342 4921 1438 5012 quo'd
1464 4921 1509 4989 sit
1531 4919 1697 4990 conditor
1713 4923 1857 5005 mundi,
1883 4923 2043 5014 sapiens,
2070 4948 2134 4994 ve-

88 5048 242 5128 portare
255 5025 440 5108 victorias,
466 5022 536 5090 nisi
555 5021 653 5111 prius
671 5015 854 5092 crederent
871 5046 908 5092 se
930 5035 1089 5112 receptos
1140 5048 1220 5107 ηε,
1247 5024 1377 5106 iustus,
1409 5034 1543 5102 castus,
1578 5023 1761 5111 postulans
1785 5006 2025 5093 obedien'tiam
2049 5049 2137 5095 con·

88 5158 169 5211 ssss
184 5146 223 5203 et
235 5129 374 5221 placere
388 5122 477 5194 Deo.
509 5121 637 5193 Sciunt
652 5137 770 5193 autem
788 5146 829 5192 ex
843 5123 1090 5216 promissione,
1139 5139 1323 5216 gruentem
1349 5122 1460 5213 ipsius
1488 5122 1682 5214 sapientiae
1711 5138 1746 5193 et
1779 5125 1976 5204 voluntati,
2011 5141 2047 5198 ει
2080 5127 2138 5198 iu-

88 5236 195 5333 quod
209 5229 430 5319 recipiantur
443 5220 610 5294 homines
622 5246 686 5314 per
701 5222 981 5293 misericordiam
1006 5248 1089 5316 pro-
1140 5227 1264 5298 dicans
1306 5249 1346 5295 ac
1388 5226 1540 5316 puniens
1587 5225 1856 5308 inobedientes,
1900 5225 1993 5296 sicut
2026 5226 2139 5300 Lato-

88 5354 175 5433 με
193 5332 445 5414 mediatorem,
476 5325 574 5396 iuxta
598 5326 749 5397 dictum:
792 5322 835 5395 ln
864 5325 1002 5396 semine
1024 5340 1087 5398 tuo
1138 5350 1220 5400 mus
1248 5326 1483 5400 Loranieusis
1522 5327 1660 5421 inquit,
1700 5324 1782 5430 Non
1817 5325 1924 5397 aliam
1965 5329 2074 5402 luisse
2096 5332 2141 5402 in

199 2692 346 2761 Prinas
374 2688 605 2755 oooillots'o
628 2690 988 2754 aduersariorum.
