4522 5782
8 204 12 249 ;
74 194 137 269 m
460 124 546 265 int.¹
593 146 1434 267 nnanaartotunvanu.10auu1s.
1483 187 1591 303 cae.
1618 189 1699 268 xv.
2025 192 2102 269 aso

8 416 16 426 .
71 388 130 458 qne
152 362 316 454 palmites
338 386 480 435 succum
505 357 674 445 trabunt,
706 358 1055 455 idestjaudiamus
1109 363 1163 453 vis
1178 361 1346 453 periculis
1367 375 1558 433 exercetur.
1612 360 1681 434 Sed
1704 358 1771 435 bae
1790 364 2000 436 afflictiones
2022 370 2098 438 sine

8 487 15 527 ¹
69 463 296 555 Evangelium
312 480 347 535 et
364 456 631 556 amplectamur,
665 488 728 555 per
751 461 961 558 quodDeus
982 481 1055 534 tra·
1107 465 1410 535 consolationibus
1442 479 1556 536 essent
1580 466 1735 535 exitiales
1758 468 1860 556 ipsis,
1902 468 1984 537 idco
2008 494 2095 559 pur-

67 565 298 638 bitctmov·et
323 571 430 638 corda
454 581 595 639 nostra:
629 566 723 639 Moti
748 592 832 637 vero
852 592 924 636 non
948 591 1054 659 repn-
1105 567 1199 655 gatio
1217 567 1463 658 complectitur
1478 569 1583 637 etiam
1601 569 1890 643 consolationem.
1939 567 2016 640 Etsi
2031 595 2097 641 au-

28 734 36 747 ,
64 671 282 759 gnemussed
305 671 613 760 obtemperemus,
641 692 706 739 nec
732 670 898 740 voluntas
922 683 971 739 est
998 694 1053 737 sa·
1105 684 1176 739 tem
1196 670 1285 737 aliae
1305 669 1514 738 afflictiones
1538 671 1625 738 adias
1646 692 1766 739 causas
1792 667 1941 755 babent,
1976 686 2094 741 tamen

63 794 165 850 snm,
191 786 254 841 aut
268 784 435 861 truncus,
463 775 522 841 sed
542 786 656 862 potest
669 794 867 863 repugnare
890 796 952 840 sua
977 796 1053 839 ma-
1104 794 1228 840 omnes
1242 773 1432 840 admonent
1448 796 1511 841 uos
1528 775 1571 840 de
1592 796 1693 841 causa
1716 773 1859 853 mortis.
1892 777 1936 841 de
1960 776 2009 842 ira
2025 774 2095 843 Dei

61 874 156 951 litia,
196 871 289 943 sicut
307 871 424 942 David
458 874 581 941 volens
610 874 759 943 excussit
780 876 1052 963 gubernatorem
1103 874 1272 942 adversus
1288 887 1466 965 peccatum
1490 875 1674 945 nobiscum
1698 897 1863 955 nascens,
1898 877 1943 944 de
1967 877 2094 946 bducia

58 974 235 1067 Spiritum
249 988 419 1045 sanctum.
471 971 629 1046 Econtra
653 998 756 1058 vero,
790 999 869 1045 eum
894 976 962 1043 iam
990 1001 1053 1043 vo·
1105 962 1214 1044 nostri
1232 976 1459 1063 corrigenda,
1491 979 1536 1044 de
1551 978 1754 1069 quaerendo
1773 975 1839 1045 Dei
1866 978 2016 1057 auxilio,
2049 982 2095 1047 de

58 1079 178 1148 luntas
209 1077 353 1148 iuvetur
382 1076 519 1168 Spiritu
549 1092 688 1161 sancto,
737 1077 888 1147 retinere
914 1079 1051 1146 donum
1104 1077 1292 1170 tyrannide
1311 1093 1345 1148 et
1360 1077 1499 1147 insidiis
1516 1079 1670 1156 diaboli,
1687 1093 1721 1148 et
1736 1080 1840 1148 multi
1858 1092 2004 1169 propter
2017 1102 2094 1149 cer-

56 1178 126 1248 Dei
141 1192 269 1270 potest.
320 1176 366 1249 Et
383 1175 441 1248 bie
452 1180 576 1267 ingens
591 1178 684 1249 lucta
704 1192 738 1249 et
760 1180 950 1248 difficultas
973 1200 1052 1247 ma·
1104 1192 1158 1248 tos
1171 1179 1290 1268 lapsus
1308 1179 1520 1268 plectuntur.
1548 1180 1653 1249 Tune
1668 1179 1776 1268 igitur
1788 1202 1993 1270 purgamur,
2009 1206 2092 1249 rum

56 1282 186 1351 niieste
218 1292 387 1365 testatur,
425 1281 644 1351 volumtatem
677 1304 750 1350 non
783 1304 857 1349 esse
890 1281 1051 1360 otiosam,
1104 1274 1189 1349 baec
1207 1281 1445 1368 agnoscimus,
1480 1306 1544 1351 nec
1569 1282 1753 1351 sremimus
1774 1284 1942 1351 adversus
1966 1279 2099 1368 Deum,

49 1407 123 1453 -nec
137 1382 283 1451 inanem
299 1405 373 1451 esse
396 1384 635 1472 diligentiam,
669 1396 710 1452 ut
733 1379 857 1473 loseph
878 1407 951 1451 non
974 1384 1051 1453 sine
1103 1384 1162 1451 sed
1179 1382 1373 1453 retinemus
1388 1383 1501 1453 lucem
1518 1384 1621 1468 fidei,
1648 1398 1681 1455 et
1700 1396 1938 1454 sustentamur
1953 1382 2094 1475 Spiritu

56 1486 152 1555 lucta
182 1485 311 1553 retinet
338 1482 403 1553 Dei
433 1488 577 1558 donum.
638 1484 744 1574 Quod
773 1486 803 1554 si
828 1485 991 1555 voluntas
1014 1508 1050 1553 se
1102 1496 1243 1569 sancto,
1276 1507 1322 1553 ne
1349 1484 1596 1577 opprimamur
1625 1486 1748 1555 dolore
1773 1497 1807 1554 et
1834 1487 2093 1574 desperatione,

56 1582 206 1656 baberet
223 1601 261 1657 nt
277 1609 420 1666 saxum,
445 1610 484 1657 ac
500 1600 637 1656 tantum
657 1587 836 1678 pateretur
848 1587 1050 1677 impressio·
1102 1599 1135 1654 et
1151 1586 1351 1676 experimur
1367 1586 1643 1675 mitigationem,
1668 1611 1731 1657 seu
1750 1587 1960 1658 levationem
1987 1589 2092 1656 terri-

55 1713 140 1757 nem
167 1710 282 1759 novae
303 1688 465 1774 virtutis,
499 1691 598 1758 nrdla
621 1689 714 1759 lucta
736 1704 825 1760 esset
846 1691 1049 1760 retinendae
1101 1688 1229 1756 bilium
1259 1689 1456 1773 malorum,
1498 1690 1630 1780 quibus
1663 1689 1917 1759 excruciemur.
1986 1686 2119 1758 Hanc'

55 1789 159 1873 fidei,
193 1812 255 1858 seu
285 1791 436 1858 aliarum
462 1789 656 1875 virtutum,
691 1805 754 1861 etc.
818 1790 903 1862 ldeo
932 1791 1050 1884 inquit
1101 1790 1390 1881 propagationem
1411 1788 1756 1861 describuntl’salmi
1776 1788 2088 1881 passim,ut:Do·

55 1891 193 1962 Paulus
205 1896 242 1964 2.
255 1886 419 1966 Corinth.
436 1895 490 1965 d:
518 1891 732 1973 Hortamur,
760 1915 805 1962 ne
821 1895 950 1965 frustra
967 1914 1046 1983 gra·
1102 1892 1198 1960 mine
1215 1915 1259 1961 ue
1275 1893 1314 1960 iu
1329 1893 1448 1962 furore
1462 1906 1524 1963 tuo
1541 1916 1668 1981 arguas
1691 1917 1760 1966 me.
1814 1889 1918 1962 ltem:
1943 1889 2090 1961 Bonum

56 1995 143 2065 tiam
160 1995 379 2084 acceperitis,
406 2010 439 2065 et
453 1996 497 2063 ad
515 1992 647 2093 Plrilip.
663 1999 715 2070 2.:
752 1993 840 2067 Cum
865 1996 992 2067 timore
1016 2011 1049 2065 et
1100 1988 1190 2061 mihi
1204 1996 1301 2086 quod
1319 1988 1514 2063 humiliasti
1529 2019 1604 2080 me,
1629 2010 1668 2065 ut
1684 1996 1854 2064 discerem
1872 1994 2091 2064 iustificatio-

35 2110 214 2165 -tremore
230 2112 380 2165 vestram
396 2097 543 2165 salutem
565 2097 782 2188 operemini,
809 2112 842 2168 et
856 2095 974 2167 Lucae
990 2097 1045 2169 10.
1067 2102 1075 2165 l
1100 2118 1163 2164 nes
1185 2109 1273 2165 tuas.
1324 2094 1371 2166 Et
1393 2092 1558 2166 leremias
1583 2097 1701 2189 inquit
1722 2097 1835 2187 capite
1858 2099 1939 2168 bb:
1972 2093 2090 2165 Casti·

55 2199 209 2269 dicitur:
238 2196 382 2285 Quanto
407 2200 518 2288 magis
543 2217 642 2288 pater
664 2200 822 2269 coelestis
846 2199 1043 2290 dabitSpi·
1099 2199 1188 2285 gasti
1203 2221 1259 2266 me
1272 2195 1447 2284 Domine,
1481 2199 1801 2284 eteruditussum,
1838 2197 1939 2289 qtrasi
1963 2197 2089 2266 iuven-

56 2301 168 2369 ritum
195 2313 355 2370 salictum
384 2302 599 2389 petentibus,
626 2304 684 2369 nbi
706 2328 785 2372 cum
805 2302 948 2373 additur
965 2327 1045 2392 par·
1099 2300 1200 2369 culus
1216 2299 1423 2374 indomitus.

57 2400 166 2472 titula
199 2398 420 2497 petentibus,
470 2403 555 2472 satis
596 2404 807 2493 intelligitur
848 2429 920 2474 non
960 2430 1044 2473 con-

58 2503 193 2571 firmari
235 2504 411 2593 ignaviam
454 2520 486 2596 et
532 2521 759 2581 contemtum.
825 2502 893 2576 sed
935 2529 1043 2595 agnu-

60 2628 196 2673 scamus
233 2606 510 2676 imbecillitatem
545 2624 722 2698 nostram,
767 2608 975 2693 obiiciamus
1007 2632 1046 2677 ea

1149 2466 1195 2541 Si
1209 2467 1424 2541 manseritis
1441 2470 1480 2540 in
1499 2493 1573 2559 me,
1599 2479 1631 2542 et
1648 2468 1754 2543 verbo
1770 2492 1850 2540 mea
1867 2467 1906 2538 in
1926 2466 2038 2543 vobis.

1200 2606 1304 2677 Prior
1320 2607 1511 2697 descriptio
1527 2604 1674 2678 illustris
1695 2608 1830 2697 pictura
1855 2606 1922 2674 luit
1945 2607 1989 2674 de
2012 2606 2089 2675 effi-

64 2704 209 2791 delicta,
249 2732 339 2800 quae
370 2709 570 2798 impediunt
599 2711 877 2794 invocationem,
911 2710 1047 2800 etpol·
1100 2710 1193 2779 cacia
1211 2722 1246 2780 et
1260 2709 1456 2799 praesentia
1472 2705 1608 2779 Christi
1630 2709 1669 2777 iu
1684 2704 1854 2780 Ecclesia.
1905 2704 2010 2776 Nunc
2032 2730 2089 2776 se·

65 2809 165 2879 luunt
202 2810 473 2894 conscientiam,
531 2837 768 2903 repugnemus
812 2813 1045 2882 imbecillitati
1100 2825 1259 2904 quuntur
1272 2814 1362 2880 duae
1377 2811 1571 2881 sententiae
1588 2811 1689 2879 valde
1706 2809 1970 2901 memorabiles,
1998 2833 2089 2901 quae

67 2927 218 2995 nostrae,
264 2926 298 2981 et
324 2936 407 2981 vere
436 2938 475 2981 ac
507 2916 599 2984 serio
627 2930 788 3014 petamus
816 2915 987 2985 auxilium
1015 2931 1043 2985 et
1100 2916 1228 2984 docent
1242 2933 1385 2993 rursus,
1413 2913 1476 2982 ubi
1490 2927 1523 2981 et
1539 2936 1628 3004 qliae
1644 2913 1688 2985 sit
1703 2908 1879 2995 Ecclesia,
1912 2911 2024 3003 etqui
2041 2912 2087 2985 sit

66 3013 350 3101 gubernationem
369 3017 539 3085 divinam.
579 3017 734 3087 Maxima
751 3042 830 3109 pars
848 3015 1045 3093 bominum.
1101 3017 1309 3108 praecipuus
1325 3014 1453 3088 cultus.
1499 3008 2088 3105 Coniunganturautemcumboc

69 3116 163 3183 etiam
180 3140 323 3200 eorum,
350 3117 413 3208 qui
431 3118 557 3189 vivunt
574 3120 649 3190 sine
666 3120 833 3205 crimine,
847 3146 943 3188 more
967 3119 1044 3209 plri-
1099 3118 1193 3187 dicto
1209 3117 1341 3187 multae
1355 3116 1550 3186 sententiae
1564 3138 1671 3207 supra
1687 3115 1852 3186 recitatae
1871 3137 2017 3207 prorsus
2038 3114 2089 3182 si·

70 3210 263 3309 losopbiro‚
279 3220 498 3289 arbitrantur
516 3243 557 3289 se
576 3244 695 3307 regere
711 3246 810 3312 posse
823 3247 906 3292 suris
922 3247 1047 3305 attotcS,

71 3339 122 3386 sua
141 3319 281 3408 negotia
309 3335 343 3388 et
365 3321 541 3411 pericula,
580 3345 643 3394 sua
665 3323 829 3394 rationali
851 3324 1047 3413 diligentia,

72 3434 98 3486 rt
124 3422 236 3491 donec
267 3422 508 3515 tranquillitas
530 3438 599 3508 est,
630 3425 743 3496 securi
766 3422 857 3496 banc
881 3427 1045 3496 fiduciam

73 3542 142 3590 suae
170 3522 366 3612 sapientiae
390 3538 424 3594 et
444 3524 650 3615 diligentiae
673 3528 948 3608 circumferunt,
982 3554 1045 3597 nec

74 3624 292 3714 experiuntur
321 3625 408 3719 quid
435 3628 480 3697 sit
501 3652 583 3697 vera
606 3628 802 3713 invocatio,
835 3653 895 3701 seu
923 3631 1045 3720 petitio

74 3726 181 3795 auxilii
197 3727 327 3800 divini.
378 3727 448 3801 Sed
471 3752 653 3823 nunquam
679 3733 834 3821 pericula
857 3734 1044 3802 inextrica-

74 3824 147 3898 bilia
162 3830 292 3900 desunt
315 3829 376 3915 iis,
406 3831 572 3925 quisunt
596 3833 758 3923 impliciti
782 3835 1043 3924 gubernationi,

74 3944 100 3997 et
115 3931 243 4017 singuli
261 3933 420 4002 miserias
437 3949 574 4005 nostras
592 3936 799 4024 diligentius
823 3937 1045 4005 considerare

74 4032 286 4115 deberemus,
322 4037 421 4126 quod
447 4037 477 4104 si
499 4036 613 4119 lieret,
653 4042 901 4109 accenderetur
921 4063 1045 4108 verum

73 4134 217 4205 sttrdiurn
251 4137 394 4224 petendi
430 4140 564 4208 auxilii.
623 4137 797 4210 Profice-re
826 4154 918 4211 certe
938 4138 1045 4211 clm-

73 4235 191 4307 stianos
218 4233 273 4309 bis
300 4238 474 4309 exercitiis
495 4263 635 4311 necesse
655 4257 725 4324 est,
758 4244 910 4328 scilicet,
945 4243 1044 4330 agrui-

71 4339 156 4407 tione
178 4341 344 4431 propriae
365 4340 637 4429 imbecillitatis,
675 4345 748 4415 irae
772 4346 860 4430 Dei,
894 4347 1043 4438 promis-

70 4438 197 4509 siouum
221 4457 255 4511 et
276 4445 493 4533 praesentiae
509 4443 587 4520 Dei.

158 4540 244 4614 ldco
275 4556 311 4615 ct
338 4544 381 4612 in*
405 4561 502 4617 textu
523 4550 673 4618 dicitur:
708 4544 829 4620 Omne
850 4552 947 4643 quod
967 4552 1043 4620 fru-

11 4714 18 4739 2
71 4654 154 4713 etum
176 4645 311 4736 gignit,
343 4662 487 4738 purgat,
520 4663 560 4719 ut
584 4653 738 4725 strictum
763 4653 962 4723 uberiorem
991 4653 1045 4741 gi-

11 4744 22 4847 l
72 4758 153 4831 gaal.
203 4746 285 4817 Non
303 4748 380 4817 sine
393 4751 492 4837 gravi
507 4776 607 4820 causa
624 4754 664 4823 bt
680 4755 816 4824 mentio
830 4754 938 4825 huius
953 4779 1041 4852 ptar-

11 4850 23 4915 l
71 4847 230 4933 gationis,
272 4872 336 4920 nec
362 4851 437 4920 leve
460 4854 665 4923 exercitium
690 4869 742 4926 est
763 4851 848 4926 baec
871 4857 1044 4946 purgatio.

72 4946 451 5040 complectituruutem
475 4969 509 5025 ct
531 4980 669 5025 crucem
696 4970 731 5027 ct
756 4958 1044 5039 consolationem,

12 5092 17 5149 3
71 5044 187 5142 loseph
216 5076 300 5123 nrm
333 5054 371 5123 in
400 5080 574 5127 carcerem
612 5060 819 5141 abducitur,
864 5072 1044 5153 purgatur.

69 5147 171 5226 Ilevid
188 5179 269 5225 curn
284 5154 431 5246 pellitur
446 5161 484 5227 in
500 5159 665 5232 exilium:
689 5157 856 5231 Ezechias
877 5187 957 5232 rum
979 5162 1045 5232 ob·

1100 3221 1221 3300 miles,
1246 3241 1337 3312 quae
1355 3218 1448 3286 idem
1466 3218 1610 3297 docent,
1636 3213 1829 3288 Ecclesiam
1852 3240 1926 3285 esse
1947 3230 2087 3286 coetum

1099 3319 1385 3413 amplectentium
1399 3316 1653 3409 Evangelium,
1678 3342 1744 3388 nec
1768 3317 1947 3408 pingimus
1969 3318 2088 3387 ideam

1099 3423 1337 3503 Platonicam,
1376 3423 1436 3492 sed
1467 3421 1650 3514 loquimur
1677 3421 1722 3490 de
1752 3420 1886 3491 visibili
1918 3416 2090 3495 Ecclesia.

1100 3525 1199 3596 Nulli
1213 3539 1297 3597 sunt
1312 3522 1413 3596 electi
1427 3525 1472 3594 ad
1499 3525 1607 3595 vitam
1627 3535 1826 3607 aeternam,
1859 3521 1929 3590 nisi
1956 3522 1993 3590 in
2018 3515 2088 3593 hoc

1092 3628 1175 3717 ipso
1191 3625 1326 3698 visibili
1341 3639 1463 3710 coetu,
1489 3626 1552 3718 qui
1570 3626 1752 3717 profitetur
1765 3622 1999 3713 Evangelium
2009 3622 2089 3706 Dei,

1098 3731 1188 3801 sicut
1202 3727 1335 3799 Paulus
1350 3727 1483 3820 inquit:
1513 3726 1615 3816 Quos
1637 3726 1757 3816 elegit,
1792 3722 1857 3796 bos
1881 3741 1914 3796 et
1938 3726 2089 3807 vocavit,

1097 3847 1131 3902 ct
1147 3832 1185 3900 in
1203 3828 1344 3901 Psalmo
1360 3829 1507 3900 dicitur:
1535 3828 1576 3898 ln
1593 3853 1738 3921 omnem
1753 3840 1880 3897 terram
1898 3825 2007 3896 exivit
2030 3850 2088 3894 so-

1098 3960 1165 4004 nus
1182 3957 1317 4006 eorum.
1369 3930 1457 4002 vult
1472 3929 1568 4001 Deus
1585 3945 1678 4001 recte
1698 3930 1839 4019 agnosci
1863 3943 1896 3998 et
1917 3928 2088 4013 invocari,

1098 4038 1176 4106 vult
1191 4058 1294 4105 suum
1309 4032 1543 4124 Evangeirum
1560 4032 1717 4103 exaudiri
1745 4032 1782 4099 in
1808 4044 1882 4101 toto
1906 4030 1992 4097 orbe
2017 4043 2088 4097 ter·-

1098 4162 1215 4207 rarum
1250 4150 1284 4207 et
1314 4136 1447 4230 ubique
1476 4136 1672 4227 propagari.
1737 4131 1857 4221 Quare
1888 4155 1965 4223 nou·
1987 4132 2090 4200 abdit

1098 4237 1290 4309 Ecclesiam
1307 4263 1407 4309 suam
1424 4239 1463 4307 in
1483 4239 1651 4320 latebras,
1685 4238 1744 4303 sed
1772 4234 1846 4303 vult
1866 4256 1942 4301 eam
1964 4248 2086 4301 nolam

1099 4366 1191 4425 esse,
1217 4356 1250 4411 et
1267 4356 1388 4410 vocem
1412 4340 1488 4411 eius
1508 4340 1635 4411 audiri.
1687 4335 1777 4405 Cum
1803 4335 1913 4424 igitur
1938 4336 2090 4425 legimus

1099 4439 1162 4513 bas
1205 4444 1426 4512 dulcissimas
1464 4441 1725 4512 consolationes
1763 4432 1871 4507 lrrrins
1904 4438 2088 4506 coertionis

1097 4541 1250 4625 Christi,
1277 4559 1310 4614 et
1327 4543 1516 4627 similium,
1536 4568 1610 4612 non
1631 4540 1829 4637 reiiciarnus
1843 4563 1901 4610 eas
1919 4543 1963 4608 ad
1979 4539 2087 4609 aliam

1097 4644 1292 4716 Ecclesiam
1310 4645 1414 4714 nobis
1432 4646 1607 4734 ignotam,
1633 4645 1695 4714 sed
1710 4643 2016 4712 accommodemus
2041 4644 2087 4710 ad

1096 4745 1190 4819 hanc
1214 4748 1389 4817 visibilem
1407 4743 1621 4833 Ecclesiam,
1655 4761 1688 4816 et
1711 4746 1786 4815 eius
1809 4744 1986 4828 membra,
2019 4740 2087 4811 huc

1097 4866 1168 4935 est,
1194 4852 1238 4918 ad
1254 4873 1320 4919 nos
1336 4851 1443 4941 ipsos.
1496 4848 1553 4919 Ad
1569 4874 1634 4919 nos
1659 4848 1767 4936 igilur
1788 4841 1874 4916 baec
1899 4845 2087 4937 promissio

1096 4953 1267 5044 pertinet:
1308 4950 1490 5046 Quicquid
1522 4950 1725 5032 volueritis,
1772 4950 1917 5042 petetis,
1966 4959 2000 5015 el
2031 4946 2089 5016 liet

1096 5055 1208 5126 vobis.

1198 5156 1419 5228 Discrimina
1448 5157 1667 5229 multarunt
1697 5154 1790 5225 inter
1812 5148 1971 5225 ethnicas
2002 5148 2089 5220 reli·

12 5282 14 5287 ·
70 5254 587 5355 sideturcivitasllierosolyma
605 5259 889 5334 aScnnacberib:
917 5264 1044 5335 Daniel
1096 5259 1237 5349 giones,
1262 5272 1420 5331 etunam
1437 5283 1557 5330 veram
1582 5258 1780 5330 doctrinam
1807 5259 1852 5327 de
1870 5252 1966 5339 Deo,
2000 5277 2091 5346 quae

70 5380 140 5429 cem
163 5361 337 5434 obiicitur
362 5362 540 5435 leonibus:
567 5363 700 5438 Paulus
720 5389 802 5440 cum
826 5366 955 5459 passim
978 5390 1043 5437 no-
1097 5363 1249 5434 sonatio
1265 5359 1421 5433 Ecclesia
1439 5359 1516 5437 Dei.
1569 5358 1702 5434 Errant
1717 5359 1813 5429 enim
1827 5352 1989 5431 ethnicae
2004 5358 2092 5450 opi·
2151 5410 2157 5423 .
