4522 5782
109 216 188 305 sss
411 128 430 175 ⁷
715 189 1223 279 cananaeorum
1245 189 1552 275 murrea
1653 230 1660 239 ·
1759 248 1809 277 ,.
2069 197 2097 276 r

114 413 234 485 agere,
255 384 410 481 primum
427 393 473 453 ut
489 375 605 472 ipsum
621 369 753 443 scelere
770 368 948 462 pollutum
971 369 1102 444 avelle-
1151 374 1474 462 rir‚mm10m,
1515 367 1706 458 idolam„
1739 370 1899 461 mmm,
1940 373 2097 461 pm!

115 510 204 569 reta
221 484 318 574 Deo,
342 483 514 579 spoliaret
528 480 625 549 dono
642 468 867 566 prophetiae,
893 486 928 545 et
945 473 1027 544 aliis
1044 473 1102 543 di·
1151 499 1262 570 gnum
1277 472 1345 547 Dei
1360 496 1438 544 nou
1461 471 1706 565 possidebunt.
1755 471 1805 547 Et
1827 486 1980 548 testatur
1997 501 2036 548 se
2058 500 2097 549 eo

116 595 210 667 sinis
223 586 453 673 ornamentis,
468 580 632 654 excitaret
647 575 850 646 scandalum
861 577 907 645 ad
924 574 1102 646 infaman-
1152 576 1289 651 cionari
1316 577 1361 647 iis
1384 574 1447 669 qui
1474 586 1577 645 antea
1600 577 1779 649 consecuti
1810 580 1951 652 fuerant
1975 580 2097 651 henefi,

116 700 201 771 daur
224 692 448 774 doctrinam,
487 706 595 778 quam
619 672 748 770 loseph
774 676 1030 770 profitebatur,
1062 689 1104 747 ut
1152 676 1299 755 Christi,
1356 674 1424 747 Hir
1447 675 1638 768 praecipit,
1668 690 1712 751 ,η
1733 695 1882 753 „mm
1907 703 1954 752 ω
1979 707 2018 752 ea
2040 704 2096 752 am

116 801 198 875 Deo
228 792 520 866 malediceretur,
569 796 604 853 et
634 779 897 870 extingueretur
930 778 984 849 ibi
1020 802 1104 850 vera
1153 795 1241 856 unt.
1300 775 1391 850 ltem
1414 778 1550 871 primae
1568 780 1615 850 ad
1637 775 1846 852 Corinthio,
1867 784 2027 856 decimo,
2063 780 2097 855 N

118 896 264 989 religio,
287 916 379 990 qnae
406 910 528 961 recens
552 884 727 955 illuxerat.
780 878 937 952 Tantam
960 881 1103 951 ruinam
1154 884 1248 956 fiatis
1269 881 1462 967 idolatrae,
1487 904 1562 951 non
1577 895 1793 967 scortemur,
1819 884 1910 955 sicut
1930 886 2080 979 quidam

118 1025 192 1075 una
216 993 302 1069 haec
328 989 548 1084 voluptatula
579 983 750 1057 traxisset.
822 978 914 1051 Nam
940 982 1104 1054 diabolus
1154 987 1273 1057 lorum
1297 982 1439 1055 scortati
1456 995 1558 1068 sunt,
1584 996 1619 1054 et
1639 984 1823 1079 perierunt
1846 1010 1920 1057 uno
1943 987 2004 1057 die
2018 986 2097 1075 rigis

120 1106 228 1191 longe
248 1095 435 1191 prospicit,
461 1103 496 1163 et
518 1088 604 1160 telas
627 1085 713 1156 texit
733 1081 838 1154 nobis
863 1098 984 1175 postea
1003 1085 1105 1155 inex·
1156 1089 1225 1161 tria
1239 1085 1352 1156 millia
1369 1080 1570 1159 homiuum.
1605 1079 1664 1155 Ad
1677 1083 1823 1157 Galatas
1836 1088 1981 1181 quintos
2008 1086 2097 1178 Qui,¹

122 1200 320 1285 tricabiles,
360 1211 402 1269 nt
422 1192 539 1265 David
560 1199 724 1281 expertus
755 1199 828 1271 est,
872 1187 1033 1257 etmulti
1055 1185 1106 1276 pii
1157 1190 1207 1260 lia
1222 1200 1344 1279 agunt,
1359 1207 1507 1276 regnum
1516 1185 1585 1256 Dei
1595 1208 1671 1256 non
1679 1201 1955 1281 consequentur.
1981 1186 2031 1263 Er
2046 1190 2097 1261 dei

123 1301 365 1396 experiuntur.
426 1292 524 1365 llaec
554 1300 760 1379 argumenta
789 1287 908 1357 omnia
937 1289 1108 1378 colligens
1158 1293 1220 1363 de:
1255 1287 1330 1379 Qui
1344 1289 1384 1357 in
1405 1310 1510 1359 earne
1532 1289 1695 1373 seminat,
1718 1303 1826 1361 metet
1840 1290 2044 1375 interitum3
2076 1288 2097 1381 (

124 1399 272 1498 loseph,
309 1398 419 1471 “⁸¹52
440 1418 477 1467 *θ
500 1395 569 1465 fide
592 1402 715 1461 ⁸⁰⁰l¹²
738 1388 923 1460 illoe‘bm
948 1403 983 1461 tl
1013 1388 1109 1483 perl-
1158 1392 1310 1466 seminat
1325 1390 1364 1459 in
1379 1390 1524 1481 spiritu,
1542 1403 1649 1461 metet
1663 1390 1771 1463 vitam
1787 1405 1979 1466 aeternam.
2009 1390 2097 1464 Prin

124 1508 223 1590 cula,
247 1517 376 1577 etcum
390 1499 466 1591 ipse
481 1492 668 1585 disciplina
685 1513 722 1561 se
736 1490 904 1576 coercuit,
926 1505 1005 1563 tuns
1023 1514 1108 1562 vero
1160 1495 1204 1565 ad
1214 1487 1445 1565 Timotheum
1463 1491 1605 1584 quinto:
1629 1490 1668 1564 si
1682 1493 1763 1587 quis
1777 1515 1922 1565 morum
1939 1518 2097 1565 cmm„

122 1605 250 1703 petivit
273 1603 422 1675 coeleste
448 1597 630 1667 auxilium.
703 1590 757 1689 lta
782 1606 903 1663 noster
924 1594 996 1664 dux
1015 1592 1110 1673 filins
1160 1590 1289 1681 habet,
1323 1595 1430 1662 fidem
1454 1593 1661 1682 abnegarit,
1693 1608 1728 1665 st
1751 1607 1802 1666 est
1823 1595 1961 1667 infideli
1983 1596 2097 1668 deteri

123 1709 213 1800 Dei,
240 1729 304 1800 per
321 1696 446 1794 loseplt
461 1694 639 1790 superavit
659 1716 700 1765 ac
717 1692 822 1783 fregit
844 1694 980 1765 diaboli
1002 1717 1111 1765 cona·
1159 1698 1218 1769 Ad
1241 1694 1399 1771 Ebraeos
1419 1693 1683 1768 decimotertio:
1708 1694 1928 1769 scortatore,
1951 1713 1987 1771 οι
2008 1698 2097 1771 ,ωε

5 1846 7 1850 ·
125 1827 195 1885 tus.
262 1803 354 1878 Cum
377 1800 445 1873 hoc
472 1799 580 1870 modo
604 1794 654 1889 pii
683 1808 882 1886 repugnant
904 1795 1113 1880 infirmitati,
1161 1824 1221 1871 ros
1246 1796 1418 1869 iudicabit
1432 1794 1541 1871 Deus.
1598 1794 1782 1868 Secundae
1798 1796 1895 1870 Petri
1911 1802 2086 1872 secundo:

127 1926 163 1984 et
186 1912 255 1980 lide
277 1919 402 2000 petunt
427 1900 599 1972 auxilium
625 1909 660 1967 et
688 1897 1002 1984 condonationem,
1037 1920 1113 1968 non
1163 1924 1244 1973 cum
1261 1898 1465 1988 effugissent
1479 1896 1749 1990 inquinamenta
1764 1901 1891 1970 usundi
1912 1925 1978 1992 per
1998 1901 2097 1993 agniti

127 2012 297 2085 amittunt
324 2004 502 2097 gratiam,
541 1997 716 2091 Spiritum
744 2012 905 2071 sanctum
938 2012 973 2071 et
997 1998 1114 2074 fidem.
1162 2026 1246 2072 nem
1262 1998 1409 2071 Domini
1427 2012 1460 2068 et
1475 1998 1754 2072 servatorislesu
1769 1996 1916 2089 Christi,
1942 2003 2097 2077 rursusi

127 2112 179 2188 El
191 2112 271 2185 lallt
287 2105 473 2180 infirmitat
487 2113 633 2175 vocatur
649 2099 755 2192 vulgo
768 2113 952 2195 peccatum
973 2100 1112 2174 veniale
1164 2101 1329 2194 impliciti
1346 2113 1574 2194 superantur,
1596 2102 1689 2174 fiunt
1703 2102 1754 2172 eis
1768 2105 1964 2196 posterior,
1978 2106 2097 2178 deteri.

130 2218 171 2287 5¹¹
186 2211 329 2287 *ΜΗ*
1166 2205 1360 2299 prioribus.
1417 2196 1592 2273 Matthaei
1614 2203 1770 2275 decimo:
1797 2202 1873 2294 Qui
1894 2207 2079 2298 negaverit

1165 2300 1526 2386 ⁶⁰1³ml⁸⁰ffll¹¹lb¹1⁸s
1551 2307 1688 2395 negabo
1702 2328 1785 2379 eum
1808 2331 1927 2378 coram
1951 2324 2055 2400 patre
2075 2332 2097 2381 u

231 2415 308 2489 Alii
329 2423 413 2486 sunt
435 2410 554 2504 lapsus
577 2418 700 2479 contra
730 2404 1002 2493 conscientiam,
1027 2425 1116 2500 quos
1165 2407 1318 2480 coelesti.
1345 2399 1520 2479 Matthaei
1528 2406 1838 2502 vicesimoquarto:
1866 2407 1941 2499 Qui
1949 2434 2096 2502 patrm

133 2533 262 2592 vocant
276 2514 404 2588 Graeci
424 2504 582 2611 φονικὰς
596 2502 789 2605 ἁμαρτίας.
840 2502 889 2580 Ει
903 2506 1117 2580 Paulusait:
1166 2510 1259 2581 verit
1273 2510 1311 2578 in
1326 2509 1454 2591 finem,
1481 2502 1540 2581 hie
1563 2509 1683 2581 salvus
1697 2510 1773 2581 erit.
1825 2508 2004 2583 Matthaei
2029 2513 2097 2585 ,ῑα

132 2620 324 2694 Manifesta
341 2629 425 2687 suut
441 2635 549 2705 opera
564 2612 701 2692 caruis,
725 2607 910 2695 videlicet,
936 2634 1017 2680 cum
1031 2632 1117 2679 con·
1167 2610 1372 2705 moquinto:
1411 2606 1590 2681 Discedite
1621 2634 1642 2681 a
1672 2635 1729 2680 me
1759 2612 1940 2683 maledicti
1966 2614 2006 2683 iu
2038 2614 2097 2704 ign

133 2737 190 2795 tra
212 2718 463 2793 conscientiam
480 2711 589 2783 violat
612 2712 742 2806 aliquis
767 2712 933 2783 mandata
947 2709 1037 2795 Dei,
1061 2711 1119 2781 vel
1168 2726 1368 2786 aeternum:
1393 2708 1560 2800 Esurivi,
1582 2726 1705 2783 etnou
1725 2709 1982 2785 dedistismihi
2004 2739 2098 2787 maus

132 2823 325 2914 l⁰d¹¹18²¹¹³
357 2840 465 2913 prm
496 2813 636 2885 ³ff⁹⁰¹¹¹l
658 2836 698 2885 ⁸⁰
723 2836 797 2882 ”⁰¹¹
823 2834 1045 2903 ¹⁰P¹¹8¹¹⁸¹¹⁵³
1078 2825 1121 2883 ut
1170 2839 1267 2901 care,
1293 2827 1357 2885 etc.
1393 2810 1534 2885 Primae
1546 2814 1589 2886 ad
1604 2809 1812 2886 Corinthios
1825 2817 2089 2889 decimotertio:

135 2925 223 3000 Saul
244 2924 366 2995 oderat
381 2917 572 3007 Davidem,
597 2914 654 2985 rel
674 2914 808 2984 addens
829 2927 1012 2986 externum
1031 2913 1120 2986 laci-
1169 2911 1321 2997 habeam
1349 2938 1490 2985 omnem
1513 2916 1638 3002 fidem,
1669 2916 1897 2988 dilectionem
1931 2932 2053 2989 aurem
2082 2942 2097 2987 ι

134 3050 222 3099 nus:
247 3039 287 3097 ut
299 3021 418 3095 David
433 3018 553 3110 rapuit
566 3015 712 3087 alterius
724 3038 883 3091 uxorem.
932 3015 1037 3087 Talia
1053 3017 1116 3086 de·
1169 3013 1338 3102 habeam,
1374 3010 1469 3086 nibil
1490 3037 1582 3092 sum.
1652 3012 1731 3091 Etsi
1754 3042 1829 3089 uon
1852 3035 1999 3112 propter
2020 3033 2098 3092 noar

132 3130 218 3200 licta
238 3122 496 3198 committentes
517 3118 687 3191 amittunt
710 3117 881 3208 gratiam,
909 3118 1122 3189 contristant
1172 3120 1320 3191 virtutes
1341 3129 1403 3188 aut
1419 3140 1527 3208 opera
1550 3119 1660 3207 iusti,
1700 3121 1837 3212 idest,
1880 3123 2014 3214 accepti
2038 3146 2097 3193 suu

134 3243 172 3302 ²²
185 3221 547 3315 ⁶¹⁰¹¹ll⁰¹¹lslllfll¹¹¹¹¹
561 3232 740 3305 “flemma
765 3231 800 3289 0²
814 3218 987 3293 ”hilduni
1002 3219 1122 3304 fidem,
1171 3219 1266 3311 Deo,
1292 3233 1412 3290 tamen
1428 3241 1569 3290 necesse
1590 3235 1642 3293 est
1664 3221 1704 3292 in
1726 3222 1832 3293 nobis
1861 3223 2010 3294 existere
2037 3225 2097 3296 ino

137 3354 178 3402 ae
200 3327 273 3399 nisi
294 3322 546 3419 poenitentiam
567 3333 699 3410 agant,
736 3333 771 3390 et
792 3342 915 3391 rursus
944 3322 989 3392 ad
1017 3321 1121 3390 fidem
1173 3337 1245 3392 tam
1267 3320 1524 3406 obedientiam,
1559 3323 1654 3395 iuxta
1678 3323 1794 3396 illud:
1836 3320 1910 3412 Qui
1934 3325 2097 3416 spiritu}

136 3440 415 3512 ῑθῐὶῗθῐῑθῦῑῦῐε
458 3422 650 3493 ῐῃθῐῖθῦῑθῦ
687 3420 906 3492 abiiciuntur
940 3421 980 3490 ln
1009 3436 1123 3493 lettr-
1170 3435 1336 3514 aguntor,
1360 3417 1399 3491 bi
1413 3436 1496 3493 snut
1512 3424 1576 3493 filii
1592 3422 1671 3499 Dei.
1709 3423 1852 3496 Primae
1866 3424 2013 3497 loannis
2029 3441 2097 3498 tert

136 3526 405 3617 noscruciatns.
454 3520 579 3618 Neque
597 3546 687 3615 opus
703 3534 755 3593 est
770 3515 840 3593 hnc
855 3522 985 3593 adferri
1000 3523 1123 3616 dispu-
1172 3522 1216 3595 ln
1243 3520 1309 3595 boc
1329 3524 1506 3596 manifesti
1526 3540 1610 3596 sunt
1632 3527 1696 3597 lilii
1726 3523 1815 3612 Dei,
1854 3538 1890 3599 et
1913 3528 1978 3597 filii
2003 3530 2097 3600 diabc

137 3633 288 3706 tationes
308 3630 353 3700 de
373 3623 702 3719 praedestinatione.
754 3620 828 3694 Nos
851 3624 896 3694 de
915 3625 1047 3697 nostris
1067 3624 1123 3694 fa·
1173 3624 1248 3715 Qui
1267 3648 1342 3696 non
1361 3626 1445 3697 lacit
1465 3626 1660 3714 iusticiam,
1692 3640 1838 3699 nonest
1860 3651 1902 3698 ex
1927 3626 2019 3706 Deo.
2083 3629 2097 3713 t

138 3734 225 3820 ctis,
250 3731 349 3803 etde
372 3727 617 3799 voluntateac
639 3723 773 3796 iudicio
799 3724 892 3812 Dei,
922 3726 1019 3798 iusta
1042 3749 1124 3798 ver·
1173 3751 1249 3798 non
1273 3726 1581 3823 diligitfratrem,
1621 3743 1742 3801 manet
1762 3730 1802 3801 iu
1826 3744 1952 3807 morte.
2025 3730 2097 3804 Fili.

137 3836 226 3907 bom
251 3831 320 3906 Dei
341 3850 542 3929 espresanm
573 3825 811 3919 pronunciare
838 3829 1018 3901 debemus.
1083 3827 1124 3901 si
1175 3853 1280 3899 nemo
1307 3829 1457 3920 decipiat
1481 3851 1556 3906 vos.
1612 3828 1686 3920 Qui
1708 3831 1794 3902 lacit
1816 3832 2014 3922 iusticiam,
2049 3837 2097 3907 ius

118 3931 259 4009 ¹David
289 3956 364 4004 non
386 3929 608 4021 resipuisset,
632 3928 756 4001 fuisset
775 3928 933 4001 abiectus
954 3923 994 3999 in
1011 3941 1124 4001 aeter·
1176 3944 1240 4002 est.
1292 3928 1367 4019 Qui
1390 3931 1472 4004 lacit
1495 3944 1694 4023 peccatum,
1726 3956 1768 4004 ex
1789 3933 1934 4005 diabolo
1957 3950 2022 4007 est.
2079 3934 2097 4007 l

138 4061 208 4111 nos
226 4036 427 4125 ¹eruciatus,
454 4031 544 4101 sicut
565 4028 663 4102 Saul.
726 4028 904 4102 Securitas
924 4031 995 4102 alte
1016 4026 1124 4101 infixa
1174 4054 1277 4102 mana
1292 4030 1459 4104 securitas
1477 4046 1642 4105 extenuat
1655 4034 1936 4127 magnitudinem
1955 4053 2097 4119 nostror

141 4156 192 4212 est
215 4137 345 4209 animis
368 4130 576 4212 bominum,
612 4132 818 4222 praesertim
841 4133 975 4205 otiosis.
1037 4128 1125 4203 Ideo
1173 4134 1356 4226 lapsuum,
1382 4137 1441 4204 sed
1463 4133 1545 4206 vide
1569 4159 1676 4231 quam
1697 4132 1765 4210 hae
1786 4138 1859 4209 rint
1880 4152 2016 4210 nme„
2030 4141 2097 4210 mg„

140 4240 337 4311 cavendum
352 4249 422 4321 est,
447 4257 493 4305 ne
516 4227 600 4303 huie
621 4232 715 4301 malo
738 4232 1003 4322 indulgeamus,
1028 4235 1124 4326 qnod
1173 4232 1272 4324 Quid
1295 4234 1411 4326 potuit
1430 4234 1500 4307 dici
1523 4238 1739 4326 terribilius,
1773 4262 1879 4333 quam
1902 4241 1998 4332 quod
2024 4242 2097 4339 inqr

140 4342 251 4437 variis
288 4336 526 4430 praetextibus
565 4332 804 4408 confirmatur.
880 4331 1126 4425 Proponamus
1173 4332 1248 4424 Qui
1261 4336 1344 4407 lacit
1356 4350 1538 4427 peccatum
1545 4387 1559 4426 ,
1586 4365 1627 4411 ex
1651 4341 1797 4412 diabolo
1820 4354 1890 4426 est,
1917 4336 1985 4413 hoe
2002 4359 2076 4433 arr,

139 4441 245 4511 nobis
262 4441 409 4511 verbum
427 4434 516 4521 Dei,
541 4434 639 4506 iuxta
659 4434 768 4505 illud:
801 4432 961 4507 Lucerna
976 4435 1125 4529 pedibus
1177 4435 1297 4529 ptivus
1319 4451 1371 4509 eat
1393 4438 1547 4526 diaboli,
1578 4441 1730 4532 agitatur
1754 4456 1789 4513 ot
1815 4442 2012 4535 impellitur
2036 4448 2082 4519 ab

139 4541 228 4614 meis
249 4541 397 4612 verbum
424 4551 537 4610 tuum.
596 4534 639 4606 Id
660 4550 808 4608 testatur
831 4538 944 4608 amitti
967 4538 1126 4627 gratiam,
1173 4540 1332 4609 desertus
1347 4561 1368 4608 a
1382 4536 1518 4630 Spiritu
1537 4556 1676 4627 sancto,
1701 4544 1857 4614 abiectus
1879 4569 1898 4613 a
1918 4540 2009 4616 Deo.
2059 4546 2097 4621 si

140 4658 175 4739 et
197 4641 313 4721 excuti
338 4638 513 4734 Spiritum
534 4650 694 4708 sanctum
717 4661 781 4731 per
804 4638 890 4709 tales
910 4640 1049 4731 lapsus,
1085 4657 1127 4715 ut
1175 4640 1279 4713 etiam
1300 4653 1448 4710 eventus
1472 4655 1658 4717 testantur.
1718 4643 1902 4735 Quantum
1926 4669 2025 4718 nnus
2041 4647 2097 4741 lap

137 4742 280 4841 Romu
295 4742 351 4841 δύ,
375 4740 416 4814 Sl
432 4740 626 4821 secundum
640 4763 783 4847 earnem
797 4740 968 4823 vixeritis,
991 4739 1123 4812 moria-
1173 4738 1323 4812 Davidis
1344 4742 1513 4813 scelerum
1531 4758 1565 4817 et
1586 4744 1828 4817 calamitatum
1851 4747 2017 4847 peperit?
2055 4748 2097 4822 Pr

136 4846 249 4937 mini..
279 4837 501 4941 Mfflhsffl*
526 4836 582 4911 Di
596 4840 741 4935 diabolo
758 4843 1079 4929 eademeadem,
1104 4867 1124 4914 a
1174 4865 1281 4936 qnam
1303 4840 1387 4913 vicit
1411 4842 1544 4932 libido,
1571 4859 1670 4938 rapta
1695 4848 1841 4919 alterius
1856 4846 2025 4940 coniuge,
2052 4876 2097 4924 ms

137 4948 270 5045 quibus
296 4940 427 5047 'eiectus
456 4942 599 5014 inarata
638 4943 739 5013 radit
765 4956 798 5013 et
819 4943 968 5015 assumit
990 4958 1122 5035 septem
1174 4956 1250 5014 tum
1265 4941 1364 5015 iubet
1378 4944 1546 5029 interfici,
1566 4962 1600 5021 et
1615 4973 1686 5019 una
1703 4950 1808 5021 multi
1822 4949 1935 5031 cives,
1962 4952 2034 5024 viri
2049 4977 2097 5025 ῃ,

134 5048 225 5121 alios
246 5034 392 5145 spiritus
413 5044 603 5141 nequiores
625 5066 679 5127 se,
710 5053 745 5110 et
764 5041 941 5117 intrantes
961 5039 1123 5119 habitant
1175 5058 1208 5115 et
1224 5043 1511 5136 sortespereunt,
1538 5073 1668 5120 nomen
1684 5048 1751 5122 Dei
1768 5051 1983 5123 contumelia
1998 5055 2097 5127 afficit

133 5148 185 5247 ibi
194 5152 211 5234 ’l'
239 5165 274 5224 εἰ
295 5149 387 5221 Μ
406 5145 600 5233 n⁶ll⁸⁸lm³
624 5143 744 5235 Velm
769 5145 961 5233 Pfl⁰¹lh1100
1025 5146 1121 5219 Mal·
1174 5144 1298 5217 Postea
1315 5146 1410 5217 lilius
1426 5166 1543 5223 movet
1556 5151 1785 5238 seditionem,
1810 5151 2000 5241 rapiuntur
2023 5160 2097 5227 ads

134 5246 235 5323 thaei'
251 5250 311 5341 ld.
332 5250 377 5337 de
399 5247 647 5340 seminequod
670 5246 910 5333 strangulatur
931 5247 1127 5323 mundanis
1175 5272 1279 5342 prum
1295 5271 1315 5316 a
1331 5249 1405 5318 lilio
1422 5251 1588 5343 coniuges
1604 5253 1734 5343 patris,
1759 5252 1894 5324 nefario
1916 5266 1953 5325 ct
1974 5255 2097 5353 plusqr

134 5350 487 5467 moe‘lllbszl'fim?
509 5349 556 5425 ‘d
581 5338 795 5459 Qprintltios
813 5347 1010 5447 (mm-lle
1033 5372 1128 5421 erre·
1176 5350 1308 5442 tragico
1323 5351 1464 5449 scelere,
1487 5352 1752 5441 interficiuntur
1765 5353 1877 5428 multa
1890 5354 2008 5431 millia
2020 5358 2097 5432 civi
