4522 5782
206 220 281 303 1⁷6
796 204 924 282 Plllls.
952 200 1070 279 MEL
1095 202 1308 282 SCRIPTA
1334 202 1641 285 EXEGETIOA.
2083 317 2090 330 ,
2156 202 2235 283 170

206 397 356 471 ctrinam
379 384 586 476 Evangelii,
620 381 710 450 sicut
740 400 879 449 necesse
905 378 973 450 luit
994 373 1087 446 banc
1108 401 1196 447 con·
1218 380 1224 433 t
1246 379 1302 450 bit
1328 378 1449 450 lumen
1468 376 1582 470 vitae,
1615 376 1653 449 id
1676 391 1745 464 est,
1776 375 1971 450 donabitur
1989 399 2073 447 vera
2096 377 2176 451 loce
2200 392 2239 453 et

207 502 347 573 cionem
369 515 472 581 saepe
496 485 606 578 repeti
632 497 663 552 et
691 481 881 562 inculcari,
906 478 988 572 qrria
1007 474 1065 548 liic
1082 503 1196 571 popu-
1248 480 1430 571 agnitione
1442 478 1531 562 Dei,
1557 506 1647 576 quae
1669 482 1791 552 afferet
1808 505 1926 551 veram
1943 481 2237 569 consolationem,

207 607 281 685 lus,
319 620 400 668 cum
423 589 568 662 heberet
592 584 788 657 doctrinam
815 582 901 669 legis
928 597 960 652 et
983 581 1197 651 cultusMo-
1246 607 1316 675 qua
1340 583 1456 655 virrcct
1479 596 1650 663 terrores,
1676 584 1885 653 liberabitur
1907 607 1927 652 a
1948 596 2239 655 morteaeterna.

207 704 338 779 saicos,
371 720 445 768 ⁰01¹
475 690 694 763 exislifflabal
720 709 757 755 ὅθ
780 709 868 777 opus
888 681 1018 754 lubere
1041 684 1108 757 alis
1132 685 1196 755 do·
1247 684 1343 755 llaec
1365 686 1458 755 dicta
1478 699 1517 756 ut
1540 686 1669 755 clarius
1689 686 1953 774 intelligantur,
1978 708 2101 756 rursus
2116 685 2240 757 consi-

210 805 344 887 ctrina,
384 797 559 892 putabant
587 815 623 860 se
652 791 700 861 ita
721 785 797 857 Deo
828 800 988 877 acceptos
1021 799 1055 853 et
1086 786 1197 855 iustos
1246 790 1402 856 deranda
1435 800 1488 858 est
1519 784 1722 872 antithesis,
1752 789 1983 858 conserantur
2009 781 2096 858 baec
2117 789 2238 872 ambo,

209 914 305 993 iore,
343 903 373 973 si
397 910 611 969 conarentur
633 892 744 981 legem
768 904 941 979 praestare
968 901 1002 956 et
1024 887 1104 956 illos
1122 887 1197 956 cul-
1247 902 1282 959 ct
1301 889 1461 960 doctrina
1485 889 1571 978 legis
1594 912 1633 958 ac
1654 886 1857 979 Evangelii,
1890 902 1925 962 et
1944 889 2128 981 utriusque
2149 890 2238 959 offas

209 1030 267 1087 tus
302 1004 474 1076 divinitus
508 996 655 1069 traditos
693 1014 849 1074 servare,
891 1013 964 1058 non
996 990 1198 1075 cogitabant
1246 1005 1341 1077 ctus,
1366 992 1429 1061 etsi
1447 986 1610 1061 homines
1623 992 1833 1062 naturaliter
1846 987 1979 1062 habent
1994 991 2150 1083 aliquam
2166 1014 2238 1062 no.

208 1110 378 1185 Messium
403 1104 593 1172 allaturum
615 1096 710 1165 aliud
736 1093 918 1161 doctrinae
938 1113 1060 1179 genus.
1113 1089 1197 1159 ideo
1247 1095 1365 1163 liciam
1397 1093 1503 1182 legis,
1532 1106 1566 1162 et
1599 1094 1732 1184 populo
1762 1091 1873 1163 lsraiil
1900 1094 2072 1183 singulari
2096 1092 2238 1163 revela.

208 1237 290 1287 carm
321 1207 511 1281 audierunt
540 1197 603 1269 has
625 1220 740 1268 voces:
773 1192 849 1284 Ego
872 1217 950 1263 snrn
979 1193 1039 1261 lux
1062 1193 1199 1276 inuncti,
1246 1196 1342 1265 tione
1358 1209 1390 1264 et
1408 1195 1612 1264 testimonio
1626 1195 1768 1265 coelesti
1783 1197 1911 1265 tradita
1927 1209 2001 1265 erat
2016 1195 2091 1276 lex,
2113 1206 2238 1265 tamen

210 1318 240 1388 si
270 1313 349 1408 quis
379 1309 471 1381 sitit.
504 1302 622 1371 veniat
646 1301 690 1368 ad
713 1321 788 1377 me,
819 1310 854 1367 et
876 1295 1027 1375 similes,
1059 1318 1197 1363 necesse
1248 1294 1331 1366 baec
1354 1297 1485 1366 noticia
1506 1319 1581 1365 non
1602 1296 1702 1367 affert
1720 1297 1854 1382 lucem,
1880 1321 1953 1389 nup
1969 1297 2132 1367 liberata
2148 1296 2239 1366 cali-

208 1418 277 1490 fuit
300 1413 403 1484 valde
422 1405 558 1478 offendi
579 1425 657 1488 eoa,
683 1399 744 1493 qui
763 1412 862 1468 erant
878 1397 1057 1487 praecipui
1074 1398 1197 1466 docto·
1246 1400 1327 1488 gine
1351 1411 1383 1467 et
1400 1399 1571 1481 tenebris,
1600 1399 1729 1490 quibus
1749 1399 1953 1468 immersum
1971 1411 2021 1467 est
2036 1420 2148 1487 genus
2165 1391 2240 1469 bu-

208 1544 265 1591 res
286 1512 430 1608 pupuli,
456 1524 489 1579 et
513 1504 688 1597 sapientes
711 1501 963 1591 gubernatores
987 1523 1028 1566 ex
1051 1499 1195 1567 sublimi
1247 1525 1401 1568 manum.
1455 1498 1594 1570 Montes
1623 1495 1819 1586 hirmanae,
1852 1525 1933 1572 curn
1964 1501 2154 1570 audierunt
2182 1499 2239 1569 10.

208 1622 413 1693 deriserunt
441 1624 476 1681 et
505 1605 601 1679 hunc
625 1608 826 1686 doctorem,
860 1617 892 1671 et
921 1600 1106 1671 stultitiam
1133 1625 1197 1690 po·
1246 1626 1345 1692 gem,
1372 1616 1404 1672 et
1423 1614 1601 1692 praestant
1617 1603 1841 1693 disciplinam
1859 1617 2037 1673 externam
2054 1615 2089 1672 et
2106 1624 2239 1692 corpo-

207 1723 305 1816 puli,
333 1718 394 1812 qui
418 1736 499 1783 eum
517 1709 654 1780 audiret
672 1720 743 1775 tam
760 1706 932 1786 alisnrda,
959 1718 996 1772 ut
1017 1703 1082 1793 ipsi
1103 1702 1196 1769 iudi·
1247 1705 1374 1782 ralem,
1401 1717 1434 1775 et
1459 1706 1595 1773 addunt
1617 1705 1755 1797 aliquos
1777 1705 1894 1776 cultus
1914 1727 2081 1800 operum,
2109 1714 2240 1793 putant

207 1827 354 1905 cabant,
381 1820 518 1888 desese
536 1810 814 1903 praedicantem,
843 1800 1196 1895 sicutposteaEvan-
1247 1801 1314 1876 boc
1345 1806 1589 1899 qualecunque
1619 1808 1776 1876 studium
1808 1820 1842 1877 et
1871 1806 2106 1875 imitationem
2135 1804 2247 1893 legia*

208 1928 330 2019 gelista
362 1930 484 1990 narrat
510 1913 618 1985 obiici
640 1905 783 1981 Christo
810 1932 829 1976 a
854 1904 1068 1990 Pharisaeis,
1100 1909 1194 1997 quod
1247 1931 1319 1975 esse
1344 1908 1517 1976 iusticiam
1541 1931 1658 1975 coram
1674 1906 1771 1989 Deo,
1795 1931 1871 1977 non
1895 1909 2015 1978 rident
2038 1931 2104 1975 nec
2124 1929 2240 1997 agno-

209 2031 284 2101 eius
316 2019 555 2094 testimonium
586 2037 660 2083 non
690 2012 735 2081 sit
761 2009 1016 2102 verum,·quia
1039 2014 1197 2080 testimo.
1247 2023 1367 2089 scunt,
1401 2032 1474 2077 „se
1497 2022 1529 2077 εἰ
1555 2004 1646 2077 hm
1671 2023 1781 2079 ,Mam
1804 2022 1967 2080 naturam
1991 2032 2065 2078 me
2088 2008 2240 2077 immer—

208 2132 310 2203 fliuffl
329 2120 512 2217 perhibeat
530 2119 574 2186 ‘i‘
589 2138 627 2185 *θ
645 2115 734 2203 59⁸⁰·
1246 2136 1318 2179 sam
1344 2125 1506 2200 peccato,
1534 2111 1704 2200 pollutam
1728 2113 1896 2183 interiore
1922 2129 1955 2179 et
1976 2111 2149 2180 exteriore
2166 2111 2239 2177 im.

134 2312 137 2319 ,
311 2227 379 2301 Sed
404 2221 489 2293 haec
512 2217 641 2287 iudicia
657 2210 819 2285 Christus
834 2235 909 2281 non
926 2224 1105 2296 moratur,
1133 2210 1197 2281 scit
1246 2213 1439 2296 nnmditia,
1467 2236 1561 2279 ream
1588 2214 1659 2282 irae
1675 2211 1742 2282 Dei
1767 2228 1801 2283 et
1822 2213 1947 2282 mortis
1967 2226 2152 2296 aeternae,
2179 2206 2240 2281 bis

205 2332 300 2406 ¹¹³⁰ss
317 2327 533 2402 d⁰⁶lsl¹¹³¹¹¹²
559 2343 663 2412 ‘luam
681 2321 756 2406 il'se
774 2315 887 2395 affini
914 2338 987 2382 ”⁰¹¹
1005 2336 1197 2399 ⁶⁰¹¹gru0re
1248 2336 1390 2406 prorsus
1420 2315 1532 2382 velata
1564 2329 1614 2383 est
1644 2314 1749 2385 facies
1773 2314 1888 2398 Masi,
1920 2328 1950 2382 ct
1984 2326 2171 2383 versantur
2196 2313 2238 2383 in

207 2460 287 2509 cum
312 2427 543 2523 opinionibus
564 2418 742 2490 humanae
762 2414 972 2503 sapientiae,
1004 2430 1197 2507 quaetan·
1246 2408 1468 2485 crassissimis
1484 2416 1639 2484 tenebris
1655 2429 1689 2484 et
1704 2418 1901 2494 erroribus,
1926 2439 2072 2506 prorsus
2087 2439 2162 2484 non
2180 2414 2238 2483 in·

206 2553 283 2609 tum
305 2535 415 2622 legem
441 2527 561 2618 aliquo
587 2523 693 2591 niodo
712 2518 900 2606 intelligit,
926 2530 1124 2585 nectamen
1143 2517 1197 2584 vi·
1247 2518 1406 2606 tellignnt
1438 2541 1502 2585 nec
1532 2519 1687 2588 sentiunt
1716 2519 1787 2586 vim
1818 2517 1923 2604 legis,
1954 2519 2031 2587 sine
2053 2517 2238 2606 agnitione

207 2645 268 2711 det
291 2660 326 2706 se
351 2656 428 2702 eam
453 2651 526 2697 non
552 2637 746 2715 praestare,
771 2623 831 2688 scd
857 2620 902 2688 ab
925 2640 964 2687 es
986 2619 1140 2687 accusari
1163 2633 1197 2688 et
1246 2617 1546 2701 ostentationes,
1578 2620 1655 2688 sine
1680 2620 1915 2709 poenitentia,
1948 2618 2039 2688 caeci
2064 2617 2238 2688 assecuti

206 2736 370 2813 damnari
386 2754 509 2803 omues
527 2723 702 2798 homines.
753 2719 1196 2808 ilardensacaliginede-
1247 2735 1356 2789 rurint
1377 2721 1562 2791 manifesto
1586 2735 1764 2792 contemtu
1781 2719 1870 2805 Dei,
1896 2733 1928 2789 et
1947 2721 2139 2810 impietate,
2193 2717 2236 2789 ln

205 2861 342 2915 mersos
362 2849 396 2906 et
417 2834 565 2902 obrutos
589 2828 655 2897 sub
679 2827 729 2894 ira
742 2821 829 2907 Dei,
856 2835 891 2892 et
913 2834 1028 2891 morte
1044 2836 1197 2907 aeterna,
1246 2824 1326 2890 aliis
1348 2824 1582 2916 qrribusdam,
1605 2823 1668 2891 etsi
1690 2824 1746 2897 lex
1768 2835 1903 2892 exercet
1920 2844 2018 2889 suam
2035 2821 2128 2907 viru,
2154 2820 2245 2891 cum'

206 2946 396 3017 miseratur
427 2933 605 3005 Christus.
671 2925 755 2996 ldeo
789 2919 853 2993 has
892 2946 993 2993 voces
1025 2924 1195 2995 inculcat:
1246 2926 1398 2993 ostendit
1422 2937 1456 2992 et
1480 2925 1596 3012 arguit
1620 2939 1817 3015 peccatum,
1845 2918 2161 2993 tamenhicetiam
2177 2922 2235 2992 ni·

187 3044 285 3136 ‚Ego
308 3065 386 3111 sum
412 3039 471 3107 lux
497 3030 645 3111 mundi,
672 3030 734 3122 qui
756 3026 919 3118 sequitur
933 3048 1006 3108 me,
1030 3050 1102 3095 non
1121 3050 1196 3096 am·
1247 3022 1298 3094 hil
1322 3025 1445 3110 elficit,
1474 3026 1543 3095 uisi
1560 3040 1712 3096 terrores
1728 3027 1799 3095 irae
1815 3022 1903 3115 Dei,
1928 3038 1961 3094 et
1980 3024 2107 3095 mortis
2123 3040 2235 3096 aeter-

207 3145 347 3219 bulabit
378 3144 415 3210 5¹¹
447 3134 621 3214 lessebl'its
649 3147 713 3201 ele·
769 3126 852 3198 Dixi
881 3141 998 3197 aulem
1030 3151 1135 3217 supra
1158 3129 1195 3196 in
1248 3152 1330 3197 nae:
1372 3152 1444 3196 non
1470 3128 1643 3210 ostendit,
1668 3129 1847 3221 quomodo
1872 3128 2036 3195 vincatur
2057 3128 2233 3199 dubitatio

143 3304 148 3311 .
206 3247 266 3322 liis
289 3242 520 3316 concionibus
542 3259 620 3306 cum
639 3229 804 3303 Christus
826 3241 973 3299 vocatur
987 3228 1067 3313 lux,
1093 3230 1196 3320 longe
1247 3244 1452 3321 etpavores.
1504 3228 1667 3322 Denique
1679 3229 1709 3299 si
1724 3253 1797 3298 non
1812 3228 1946 3297 accedit
1962 3229 2030 3297 alia
2047 3229 2122 3319 lux,
2147 3228 2246 3322 qun.

208 3348 361 3425 discerni
394 3341 490 3413 hunc
518 3364 536 3408 a
561 3335 707 3427 reliquis
729 3332 935 3419 doctoribus
957 3342 991 3399 ct
1014 3330 1197 3418 ministris,
1247 3344 1421 3401 monstrat
1445 3331 1711 3416 liberationem,
1742 3331 1937 3420 adiguntur
1961 3336 2156 3401 menterno
2174 3335 2234 3401 ὁρ.

207 3468 249 3526 ut
274 3451 367 3521 clare
390 3447 427 3514 in
454 3445 487 3513 1.
503 3463 578 3528 cap.
603 3436 817 3505 discernitur
833 3430 1011 3523 Baptistae
1030 3456 1195 3503 munusa
1248 3434 1502 3524 sperationem,
1529 3446 1562 3503 et
1581 3446 1691 3504 rurant
1706 3434 1744 3502 in
1761 3446 1940 3505 aeternam
1956 3444 2127 3519 mortem,
2151 3448 2217 3504 etr.

207 3574 359 3650 persona
382 3559 418 3618 et
438 3542 554 3616 officio
574 3535 719 3610 Christi.
778 3533 916 3618 Moses,
941 3530 1082 3615 Patres,
1105 3532 1196 3605 Pro.

208 3654 356 3749 phetae,
380 3643 564 3739 Apostoli,
590 3640 655 3712 etsi
677 3651 760 3709 sunt
780 3636 965 3728 praecipua
987 3636 1144 3705 membra
1163 3648 1197 3707 et
1350 3632 1454 3704 Hanc
1473 3634 1649 3705 miseriam
1674 3636 1811 3724 generis
1834 3629 1983 3705 humani
2008 3635 2104 3705 videt
2126 3648 2161 3707 et
2180 3636 2235 3707 inss

206 3757 346 3831 lumina
376 3746 573 3834 Ecclesiae,
614 3757 732 3813 tamen
763 3752 901 3809 tantum
930 3750 1013 3807 srtnt
1042 3738 1196 3810 ministri
1249 3738 1377 3826 telligit
1393 3730 1554 3809 Christus
1575 3736 1669 3807 filius
1687 3738 1769 3809 Dei,
1820 3734 1905 3807 ldeo
1930 3738 1974 3806 ,b
1995 3737 2100 3808 initi„
2125 3739 2236 3811 edidi,

209 3858 391 3933 doctrinae
415 3847 594 3930 coelestis,
619 3867 692 3912 non
715 3839 874 3912 efficiunt
895 3838 964 3930 ipsi
988 3863 1117 3909 novam
1140 3841 1197 3910 lu·
1249 3840 1519 3933 promissionem
1535 3835 1740 3928 Evangelii,
1765 3839 1922 3927 ignotam
1938 3839 2086 3923 rationi,
2113 3853 2236 3913 etcaua

208 3986 284 4035 tem
318 3973 352 4030 el
380 3954 489 4025 vllam
518 3949 557 4017 i¹1
587 3944 769 4015 mullibus
793 3937 963 4015 hominis.
1034 3939 1104 4011 Sed
1137 3937 1198 4013 bic
1249 3955 1368 4033 postea
1391 3941 1465 4031 ipse
1487 3962 1549 4011 sua
1567 3964 1653 4010 voce
1671 3941 1837 4024 tradidit,
1863 3954 1897 4010 et
1915 3941 2099 4014 mandavit
2112 3938 2237 4015 inEc-

208 4062 360 4145 Messias
387 4044 442 4126 est
470 4047 711 4130 illuminator,
743 4044 806 4138 qui
830 4067 905 4115 non
928 4042 1042 4112 solum
1064 4044 1197 4113 doctri·
1249 4045 1373 4143 clesia,
1404 4064 1494 4134 quae
1522 4045 1627 4113 docet
1656 4043 1922 4134 perterrefactos
1943 4043 2019 4132 lege
2042 4057 2077 4114 et
2097 4060 2238 4134 agentes

208 4190 293 4239 riam
322 4160 423 4231 aliert
446 4179 465 4226 a
488 4166 587 4245 patre
607 4147 768 4233 coelesti,
799 4146 860 4216 sed
882 4144 988 4214 simul
1011 4156 1061 4215 est
1077 4145 1198 4215 efficax
1249 4144 1525 4238 poenitentiam,
1557 4144 1667 4235 recipi
1692 4168 1711 4213 a
1733 4140 1830 4229 Deo,
1865 4159 1900 4214 et
1919 4145 2089 4239 consequi
2113 4149 2238 4218 remir.

209 4270 251 4338 in
275 4263 453 4335 mentibus
476 4278 618 4335 corum,
645 4251 707 4344 qui
729 4246 971 4318 assentiuntur
990 4240 1199 4336 Evangelio,
1250 4249 1385 4317 sionem
1415 4258 1638 4336 peccatorum
1665 4246 1756 4332 lide,
1791 4234 1931 4331 Gratis,
1964 4261 2111 4339 propter
2142 4242 2239 4323 hune

209 4373 293 4440 dato
311 4362 448 4456 Spiritu
470 4370 610 4439 sancto,
633 4355 827 4445 accendens
851 4371 980 4418 novam
1001 4348 1135 4434 lucem,
1159 4364 1200 4421 ut
1250 4351 1367 4441 ipsum
1392 4347 1503 4416 lilium
1527 4346 1596 4418 Dei
1620 4349 1910 4439 propiciatorem,
1938 4360 1974 4418 et
1996 4342 2061 4419 hac
2084 4349 2155 4421 lide
2176 4374 2239 4425 aar

211 4484 306 4543 certo
332 4477 525 4538 statuamus
548 4469 692 4549 propter
713 4454 829 4545 ipsum
853 4449 958 4520 nobis
982 4448 1112 4540 placari
1136 4474 1199 4539 pa.
1250 4450 1377 4520 fiducia
1394 4449 1458 4517 lilii
1474 4446 1541 4520 Dei
1559 4449 1789 4541 pronunciari
1804 4451 1933 4529 iustos,
1960 4446 2028 4520 hoc
2043 4464 2116 4535 est,
2140 4475 2241 4527 aaa.

210 4589 319 4650 trem,
342 4581 376 4637 ct
399 4587 464 4633 nos
487 4559 615 4649 recipi,
649 4570 683 4625 et
705 4556 793 4624 dans
815 4574 942 4621 novam
965 4563 999 4620 et
1022 4564 1198 4622 aeternam
1252 4566 1331 4644 ptos
1354 4565 1388 4622 et
1413 4550 1589 4643 placentes
1604 4552 1701 4635 Deo,
1728 4564 1763 4623 et
1786 4552 1860 4620 beri
1885 4545 2055 4623 haeredes
2070 4553 2165 4626 vitae
2179 4581 2241 4627 ae·

209 4671 386 4745 iuslitiam
410 4679 443 4736 el
465 4684 596 4754 psscem·
647 4652 1067 4736 Hmdeneminealm,
1093 4678 1198 4744 quarn
1250 4670 1390 4741 ternae,
1418 4652 1618 4746 etquidem
1639 4650 1835 4723 ministerio
1860 4647 1969 4723 huius
1990 4655 2105 4740 vocis,
2131 4682 2241 4745 qraom

211 4779 258 4846 de
282 4774 356 4843 lilio
373 4768 439 4840 Dei
462 4765 533 4836 dici
555 4774 720 4854 possunt,
744 4782 854 4853 qaaere
876 4755 974 4826 solus
988 4769 1081 4825 recte
1096 4779 1199 4825 voco.
1251 4755 1354 4825 iussit
1367 4754 1482 4843 spargi
1501 4752 1722 4835 inEcclesia,
1748 4755 1821 4846 ipse
1837 4769 1888 4827 est
1904 4755 2042 4842 efficax,
2066 4750 2243 4854 dat'oSpi-

211 4893 273 4950 tur
289 4866 510 4953 luxmundi,
537 4861 604 4935 boc
621 4878 688 4946 est,
714 4885 787 4929 non
804 4872 941 4928 tantum
958 4856 1140 4941 minister,
1162 4871 1202 4927 ut
1251 4859 1323 4931 ritu
1351 4869 1492 4941 sancto,
1531 4855 1592 4953 qui
1623 4870 1740 4925 movet
1770 4859 1896 4942 corda,
1934 4870 1974 4928 ut
2002 4860 2244 4937 assentiantur

213 4981 295 5064 alii,
318 4990 352 5049 et
371 4996 416 5046 ne
439 4970 583 5064 quidem
605 4967 729 5034 doctor
752 4960 857 5050 legis,
883 4971 923 5028 ut
945 4956 1064 5027 Moses
1085 4973 1119 5030 et
1133 4959 1201 5030 Le·
1251 4954 1468 5046 Evangelio,
1500 4970 1636 5029 etcum
1660 4958 1730 5027 lide
1753 4959 1933 5050 accipiunt
1956 4962 2243 5053 promissionem,

212 5082 326 5165 vitae,
371 5076 431 5145 sed
454 5071 515 5165 qui
540 5070 615 5158 ipse
638 5064 744 5135 elficit
764 5085 895 5131 novam
918 5059 1033 5129 lucem
1057 5072 1092 5131 et
1118 5084 1204 5155 per.
1252 5061 1438 5150 eriguntur
1463 5058 1571 5129 corda
1602 5072 1637 5131 et
1657 5060 1901 5146 vivificantur,
1938 5074 1980 5133 ut
2002 5063 2148 5136 vineam
2172 5082 2244 5140 ter-

212 5198 354 5278 petuam
368 5178 476 5247 vitam
492 5173 530 5240 in
545 5164 620 5252 his,
645 5165 708 5259 qui
723 5162 883 5241 creduut.
1251 5183 1367 5246 rores,
1394 5184 1434 5231 ac
1451 5172 1606 5233 statuant
1622 5161 1743 5231 seiam
1759 5185 1843 5233 rere
1856 5176 2015 5256 receptos
2030 5187 2105 5235 esse
2119 5190 2139 5237 a
2152 5168 2244 5247 Deo,

315 5281 369 5354 De
386 5274 453 5347 boc
469 5272 594 5344 effectu
613 5267 792 5361 loquitur,
817 5288 897 5335 cum
913 5262 1029 5361 addit:
1057 5259 1132 5352 Qui
1148 5286 1203 5337 se,-
1252 5261 1373 5353 Quare
1388 5260 1544 5355 Spiritus
1558 5276 1699 5334 sanctus
1713 5263 1783 5332 iam
1798 5263 1905 5336 eflicit
1918 5265 1956 5334 in
1973 5267 2022 5335 eis
2037 5291 2151 5341 rsovos
2165 5296 2245 5347 ma-

215 5386 339 5483 quitur
354 5404 433 5465 me,
459 5398 534 5448 uon
549 5368 800 5446 ambulabitis
817 5365 992 5453 tenebris,
1015 5366 1078 5439 sed
1092 5361 1204 5439 habe,
1251 5380 1329 5453 tus,
1363 5366 1427 5464 qui
1454 5379 1538 5439 aunt
1565 5363 1722 5439 horatio
1748 5388 1865 5439 novae
1887 5378 1928 5440 et·
1947 5380 2113 5442 aeternae
2135 5372 2245 5457 viras,
