4522 5782
127 213 207 291 469
350 332 353 337 ¹
432 214 533 293 xttt.
586 222 620 293 1.
651 212 1052 297 annosa'tlortns
1078 219 1131 299 lli
1155 222 1311 303 ttt’tsT.
1337 220 1582 301 tanstvan
1606 223 1873 315 ROMANOS.
2089 248 2170 329 470

126 388 187 481 sed
204 387 355 461 conlidit
368 389 476 461 rebus
487 392 746 483 praesentibus,
766 384 923 468 humans
936 390 1122 489 s'spientia,
1278 396 1365 471 Filii
1381 396 1450 471 Dei
1463 412 1618 491 aguntur
1633 400 1771 494 Spiritu
1784 425 1927 499 sancto,

127 485 284 563 bumana
300 491 461 579 iusticia,
486 493 633 586 opibus,
659 494 808 568 viribus.
1280 498 1355 571 Vos
1386 502 1469 573 estis
1498 504 1581 575 iacti
1618 504 1683 576 filii
1717 506 1811 598 Dei,
1850 528 1992 611 accepto
2025 518 2164 616 Spiritu

1326 619 1468 685 sancto,

288 799 298 816 ‚
324 797 334 816 .
1187 805 1191 813 Ι
1275 700 1371 795 Ergo
1387 706 1565 799 oportebit
1582 720 1617 780 et
1631 731 1693 780 vos
1708 713 1764 801 agi
1779 738 1820 787 ac
1834 720 2025 809 gubernari
2041 749 2061 796 a
2077 726 2160 822 Spi-

223 796 302 889 Qur
321 822 362 869 tn
386 822 493 871 carue
513 812 599 872 sunt
614 799 692 872 Deo
713 802 852 894 placere
869 825 945 871 non
960 821 1119 894 potsunt,
1324 808 1398 879 ritu
1421 823 1554 882 sancto,

130 915 324 973 vosautem
338 903 513 974 nonestis
534 903 572 972 in
595 924 720 989 carue,
745 907 807 975 sed
829 905 978 997 spiritu,
1005 904 1118 999 siqui·
1270 905 1486 1003 Hypocritac
1502 910 1639 982 ratione
1655 914 1819 988 coiircent
1834 918 1955 1012 aliquo
1972 930 2079 1000 modo
2097 957 2160 1004 cu-

88 1048 91 1090 :
130 1004 206 1073 dem
221 1002 374 1095 spiritus
385 1005 456 1075 Dei
470 1000 608 1077 habitat
628 1006 666 1074 in
684 1007 799 1083 vobit.
851 1006 1010 1077 Tantum
1031 1032 1117 1078 mu·
1168 1009 1332 1102 piditates
1360 1014 1573 1095 crassiores,
1618 1027 1653 1084 et
1681 1020 1862 1108 quandam
1893 1023 2157 1105 simulationem

88 1106 92 1207 ξ
129 1118 195 1177 tata
227 1126 379 1197 persorm
408 1107 534 1199 repetit
569 1103 789 1194 antithesin,
828 1122 865 1177 et
894 1110 1050 1181 desistat
1078 1132 1116 1181 se
1168 1110 1747 1205 civiliumsoificiorumpraestant.
1781 1118 1831 1193 At
1846 1120 2000 1214 Spiritus
2014 1148 2156 1208 sanctur

88 1226 93 1305 '.
130 1205 291 1299 spiritum
315 1232 462 1296 vocare,
500 1232 576 1281 non
605 1210 761 1303 aliquam
793 1210 943 1281 rationis
970 1225 1116 1303 partem,
1167 1214 1303 1307 iugulat
1317 1230 1533 1289 contemtum
1552 1213 1638 1310 Dei,
1665 1218 1830 1293 fiduciam
1845 1248 1965 1300 rerum
1989 1256 2154 1325 praesen·

88 1312 95 1373 t
130 1309 186 1381 ssd
202 1306 381 1399 Spiritum
394 1324 575 1397 sanctum,
607 1313 671 1404 qni
694 1325 821 1383 ustura
838 1310 936 1385 Deus
951 1325 1022 1399 est,
1046 1314 1115 1385 do·
1166 1316 1258 1389 tium
1282 1331 1316 1390 ct
1339 1318 1471 1389 similes
1493 1333 1616 1413 pestes.

88 1464 95 1507 ἱ
129 1421 248 1481 uatum
265 1412 509 1499 credentibus,
532 1428 572 1485 ut
588 1414 708 1504 gignat
722 1415 891 1485 noticiam
906 1416 980 1487 Dei
1003 1414 1115 1503 ineis,

88 1510 96 1635 l
129 1514 245 1603 gignat
268 1535 382 1584 novos
403 1531 522 1587 motus
548 1530 583 1587 et
604 1539 733 1586 noram
757 1518 878 1591 vitam.
940 1514 987 1589 Et
1011 1531 1115 1590 vocat

88 1646 93 1708 ς
130 1636 228 1683 nunc
249 1614 417 1706 spiritum
442 1615 541 1704 Dat,
569 1641 666 1687 nunc
695 1618 861 1711 spiritum
885 1613 1041 1704 Christi,
1073 1632 1113 1693 ttt
1267 1623 1408 1699 Minori
1444 1626 1570 1697 attexit
1600 1620 1764 1719 κλίμακα
1801 1652 1862 1705 seu
1897 1638 2153 1725 gradationem.

88 1752 92 1763 ¹
129 1714 297 1807 significet
327 1731 364 1790 et
388 1714 572 1791 Christum
603 1732 732 1793 ustura
755 1718 872 1793 Deum
903 1743 997 1808 esse,
1029 1722 1114 1816 quia
1165 1752 1235 1824 qua
1258 1728 1487 1821 pervenitad
1509 1729 1799 1806 consolationem.

129 1816 276 1907 largitur
286 1815 460 1911 Spiritum
482 1834 654 1907 sanetum.
705 1820 771 1895 Est
789 1836 907 1895 antem
925 1819 1011 1894 haec
1031 1847 1114 1918 per·
1267 1830 1308 1903 Si
1330 1852 1452 1902 sumus
1471 1830 1557 1916 lilii,
1587 1851 1710 1901 sumus
1733 1834 1837 1903 etiam
1859 1828 2039 1917 haeredes.

130 1941 235 1991 sonae
256 1923 408 1994 mutatio
432 1925 606 2015 quaedam
629 1924 885 2018 perorationis,
917 1944 1115 2021 quaemus
1267 1931 1309 2004 Si
1328 1954 1450 2004 snmus
1474 1926 1643 2003 haeredes
1664 1929 1751 2020 Dei,
1790 1958 1912 2008 sumus
1939 1936 2151 2018 cohaeredes

131 2021 310 2116 sequitur,
333 2018 561 2121 παρασκευή.
837 2072 840 2077 -
1165 2032 1312 2109 Christi.

508 2208 517 2227 ‚
904 2209 912 2228 ‚
1265 2134 1307 2210 si
1328 2157 1449 2207 sumus
1468 2131 1680 2207 cohaeredes
1702 2132 1855 2223 Christi,
1882 2164 1965 2235 ergo
1985 2146 2151 2221 similiter

289 2200 542 2301 ΡΝΜΜ
572 2232 650 2283 W‘
678 2198 951 2285 C⁰¹⁸⁶²¹²5⁸00
1165 2239 1239 2333 pati
1254 2238 1442 2326 convenit,
1467 2252 1507 2311 ut
1520 2238 1686 2309 similiter
1698 2240 1946 2329 glorificemur.

222 2337 322 2435 Ergo
343 2346 468 2417 fream
487 2346 668 2419 debitores
686 2369 811 2419 eumue
831 2370 906 2418 non
927 2345 1046 2433 muni,
1072 2360 1112 2418 ut
1266 2332 1331 2412 Eu
1353 2342 1472 2434 itaque
1498 2335 1585 2411 baec
1610 2343 1805 2433 propositio
1831 2345 1869 2415 in
1891 2349 2149 2421 consolatione:

133 2446 323 2517 seeundum
336 2470 477 2518 caruem
495 2449 667 2525 vivamus.
718 2448 787 2519 liic
805 2449 886 2520 bnis
901 2462 954 2523 est
973 2444 1115 2520 metho-
1165 2441 1205 2515 Si
1229 2465 1301 2514 uns
1323 2443 1495 2535 patimur:
1528 2440 1568 2514 Si
1591 2465 1665 2511 non
1687 2458 1775 2515 esset
1796 2446 1929 2537 illigata
1952 2453 2149 2545 propositio

134 2545 183 2637 di,
207 2547 339 2641 inqua
362 2550 550 2640 explicavit
574 2552 726 2643 peccati,
750 2552 837 2643 legis
859 2565 895 2621 et
915 2551 1046 2641 gratiae
1060 2552 1114 2622 ei·
1164 2558 1392 2635 argumento,
1417 2546 1530 2615 forma
1554 2558 1643 2615 esset
1664 2546 1775 2636 magis
1798 2548 1962 2639 puerilis:
1995 2548 2150 2647 Oportet

88 2661 103 2762 1
135 2646 248 2725 tectus.
312 2646 418 2721 Nunc
434 2667 628 2744 ‚postquam
652 2654 822 2727 lectorem
847 2655 891 2723 de
914 2652 1115 2745 praecipuis
1164 2669 1231 2717 11⁰⁸
1251 2670 1323 2717 11111
1346 2648 1419 2738 pali
1439 2670 1519 2717 111111
1542 2643 1698 2720 Christ&

136 2748 214 2819 locis
228 2753 413 2824 dourinae
426 2750 652 2827 Christianae
675 2756 818 2840 docuit,
851 2756 952 2827 addit
969 2778 1113 2847 perora·
1266 2744 1295 2819 l.
1344 2746 1452 2821 Ratio
1472 2748 1648 2819 ducitura
1664 2750 1849 2840 praemiis,
1873 2754 1956 2845 quia
1973 2756 2149 2848 amplissi-

88 2866 104 2903 ··
138 2850 287 2941 tionem,
310 2858 372 2925 sed
394 2879 436 2925 ex
460 2856 621 2927 suasorio
641 2880 770 2947 genere
792 2871 956 2931 sumtum.
1007 2856 1112 2928 Sem.
1164 2873 1222 2919 tna
1248 2850 1405 2941 praemis
1430 2850 1649 2939 contingent.
1707 2848 1756 2923 Et
1783 2855 1971 2945 amplificat
1995 2860 2153 2947 praemia

94 2956 303 3043 ¹,pecorum
317 2956 474 3048 primum
490 2960 669 3030 docendus
684 2972 735 3032 eet
758 2961 920 3050 auditor,
945 2960 1031 3051 quid
1057 2983 1113 3029 res
1165 2951 1365 3026 collatione.
1421 2950 1532 3021 Nullo
1561 2952 1668 3023 modo
1701 2957 1917 3043 respondent
1948 2962 2148 3048 praesentes

98 3101 104 3123 .
138 3053 184 3126 sit
222 3054 349 3128 Postea
365 3058 569 3130 incitandus
582 3074 652 3148 est,
677 3074 718 3134 ut
731 3061 931 3134 doctrinam
947 3064 991 3130 ad
1008 3084 1113 3131 usum
1164 3053 1374 3123 afflictiones
1399 3053 1639 3143 magnitudini
1668 3056 1905 3145 praemiorum
1935 3071 1970 3128 et
2000 3060 2151 3150 gloriae,

138 3158 323 3231 uenderet.
356 3156 421 3231 Est
436 3175 552 3233 autem
567 3156 654 3233 baec
667 3164 845 3255 peroratio
861 3162 967 3233 initio
981 3157 1114 3235 adhor—
1165 3179 1256 3251 quae
1287 3154 1504 3225 revelabitur
1532 3167 1619 3226 tunc
1641 3179 1723 3226 cum
1749 3156 1894 3228 redierit
1917 3154 2080 3233 Christus
2104 3166 2150 3234 ad

88 3284 107 3355 i
137 3258 236 3347 tutia,
261 3260 392 3334 deinde
408 3263 655 3341 consolatoria.
1019 3340 1022 3345 ,
1165 3259 1406 3328 renovandam
1444 3268 1555 3328 totam
1596 3281 1716 3328 rerum
1757 3257 2059 3343 universitatem,
2094 3261 2154 3341 Es

97 3364 107 3399 ⁵
228 3358 232 3367 '
556 3350 561 3363 '
876 3356 880 3363 '
1165 3355 1252 3430 haec
1289 3358 1553 3431 circumstantia
1590 3361 1758 3452 temporis
1791 3360 1950 3433 nascitur
1987 3363 2020 3433 ei
2040 3358 2153 3443 ‘nota

1110 3530 1113 3535 .
1165 3463 1268 3534 ratio.
1412 3498 1415 3503 ·

348 3542 528 3609 Milm’
549 3565 665 3609 ’mi
685 3564 754 3611 Μ
777 3544 886 3611 ‘mh
1029 3608 1032 3613 -
1268 3559 1316 3635 ll.
1364 3558 1492 3648 Retio,
1515 3564 1562 3635 'ab
1586 3562 1747 3654 exemplo
1771 3565 2011 3649 universitatis
2031 3592 2150 3640 rerum

95 3694 104 3705 ··
226 3658 337 3735 Ratio
354 3665 531 3738 ducitura
550 3666 708 3759 praemio
725 3681 760 3741 et
775 3689 908 3759 poena:
929 3662 1115 3738 Pertinent
1166 3664 1331 3739 sumitur.
1381 3662 1475 3735 Tota
1503 3678 1661 3736 creatura
1689 3680 1845 3757 expectat
1874 3672 2151 3757 renovationem,

88 3796 106 3829 a·
141 3779 246 3837 autent
262 3768 417 3857 praemia
433 3782 467 3839 et
484 3792 621 3861 poenae
631 3768 673 3866 in
687 3769 841 3841 suasoris
863 3768 977 3839 causis
995 3770 1039 3838 ad
1060 3767 1114 3839 io·
1166 3767 1300 3836 interes
1325 3765 1511 3837 nobiscnm
1537 3767 1689 3857 patitur,
1712 3764 1808 3858 Ergo
1828 3784 1861 3841 et
1884 3794 1950 3840 nos
1974 3794 2046 3841 non
2070 3774 2153 3863 gra·'

141 3890 211 3937 tum
236 3867 411 3965 utilitatis.
484 3867 698 3943 Dialecticus
726 3871 772 3941 ad
801 3870 942 3943 finalem
973 3864 1112 3939 causam
1165 3890 1292 3938 vstnnr
1309 3881 1495 3957 expectare
1521 3870 1789 3945 redemtionem.
1834 3867 1900 3942 Est
1924 3884 2042 3942 autern
2070 3896 2152 3964 gra·

88 4012 102 4043 ·.
141 3970 387 4063 accommodata
411 3969 451 4041 st
471 3972 553 4065 quis
574 3966 634 4042 hic
657 3968 862 4055 cavilletur,
890 3970 1113 4042 benefacicn·
1166 3969 1350 4040 vissimum
1367 3961 1511 4057 πάθος,
1536 3973 1929 4064 quodnaturaererum
1946 3974 2073 4046 tribuit
2097 3974 2150 4051 rei

142 4072 215 4141 dnm
244 4095 337 4158 esse,
375 4074 452 4143 nou¹
474 4088 577 4145 metu.
600 4097 755 4164 poenae,
792 4073 854 4144 sed
877 4072 1022 4165 propter
1051 4097 1115 4141 vo·
1166 4072 1507 4157 maximaesensum,
1524 4096 1631 4166 quem
1648 4067 1804 4161 humana
1820 4073 1910 4144 ratio
1926 4072 2157 4153 nullomodo¹

94 4200 106 4235 ε-
142 4170 301 4244 luntstetn
327 4174 412 4259 Dei,
453 4170 537 4245 hnic
558 4170 652 4247 nihil
676 4177 916 4267 respondebo,
953 4175 1022 4243 nisi
1050 4169 1115 4243 has
1167 4168 1446 4267 comprehendit.
1489 4171 1673 4264 Significat
1686 4175 1780 4242 enim
1796 4176 1878 4245 ideo
1895 4177 2016 4245 dolere
2030 4198 2150 4255 rernm

93 4350 98 4361 ,
143 4276 282 4365 argutias
304 4276 343 4345 in
365 4291 436 4347 tarn
464 4277 564 4366 gravi
586 4301 710 4359 causa,
744 4276 1007 4370 intempestivas
1029 4299 1114 4345 esse.
1167 4288 1352 4359 naturam,
1378 4275 1461 4367 quia
1478 4275 1612 4346 interea
1635 4275 1799 4345 diabolus
1820 4289 1854 4347 et
1874 4277 1978 4370 impii
1994 4278 2151 4351 abutun-

94 4374 98 4397 ¹
144 4374 250 4448 Sancti
275 4377 314 4445 in
333 4380 458 4470 poenis
481 4380 571 4449 iram
587 4377 655 4451 Dei
677 4392 846 4471 cernunt,
884 4379 922 4447 in
949 4377 1116 4469 praemiis
1167 4377 1388 4447 turmuudo.
1423 4373 1471 4449 Et
1484 4378 1683 4448 subindicat
1698 4375 1877 4463 futurum,
1901 4392 1939 4452 ut
1955 4374 2022 4452 boc
2037 4382 2151 4453 abusu

145 4479 289 4567 gratiam.
506 4504 513 4515 ·
1169 4480 1340 4549 liberetur
1368 4491 1495 4549 natura
1524 4502 1655 4549 rerum.
1712 4476 1806 4548 Vide
1833 4479 1943 4572 igitur
1970 4486 2151 4579 quomodo

88 4622 93 4669 ·.
230 4577 396 4653 Secunda
428 4583 519 4653 ratio
549 4597 663 4654 sumta
690 4596 743 4656 est
771 4606 812 4652 ex
836 4604 939 4653 causa
962 4579 1117 4650 efficien-
1170 4582 1309 4650 diversa
1330 4593 1535 4669 argumenta
1558 4604 1599 4650 ex
1623 4581 1746 4651 eadem
1775 4584 1968 4654 reducant
1996 4584 2087 4656 ratio
2117 4600 2153 4656 et

143 4691 185 4762 te.
220 4695 257 4755 et
281 4696 398 4776 potest
428 4682 467 4755 in
496 4682 665 4755 suasoriis
689 4687 736 4754 sd
766 4670 882 4755 locum
912 4682 1116 4774 apossibili
1170 4682 1325 4773 Spiritus
1361 4694 1513 4753 sanctus.
1571 4676 1740 4771 Epicurei
1782 4683 1832 4752 sic
1872 4685 2148 4757 ratiocinantur:

88 4818 96 4849 ;
143 4784 266 4856 referri.
479 4812 502 4827 ··
578 4828 581 4833 -
1173 4782 1275 4874 impii
1294 4777 1541 4874 beneitabent,
1565 4777 2152 4872 ErgoDeusnoncurathumans:

88 4952 91 4957 .
230 4882 372 4979 Spiritu
406 4904 527 4961 sancto
564 4887 773 4958 mortificate
806 4886 961 4956 actiones
992 4884 1120 4972 carnis,
1171 4883 1303 4955 Paulus
1333 4898 1455 4955 contra
1486 4884 1729 4959 ratiocinatur.
1776 4884 1860 4957 Non
1887 4902 1938 4960 est
1966 4888 2150 4980 possibile,

142 4987 213 5081 quis
239 4986 396 5079 Spiritus
419 5003 561 5061 sanctus
587 5004 639 5060 est
662 4989 765 5059 vobis
786 4990 907 5072 datus,
944 5000 984 5057 ut
1006 4988 1052 5057 ab
1077 5010 1119 5056 eo
1172 4981 1265 5057 banc
1282 4998 1391 5056 totam
1409 5010 1528 5058 rerum
1544 4999 1710 5058 naturam
1732 4989 1776 5057 ad
1800 4990 1949 5060 abusum
1973 4990 2153 5061 conditam

139 5090 395 5179 gubernemini.
434 5090 566 5161 Paulus
583 5091 684 5182 ponit
699 5090 869 5160 maiorem
885 5101 920 5160 et
934 5088 1121 5168 minorem,
1173 5111 1256 5159 esse.
1309 5088 1418 5179 impii
1442 5112 1540 5159 nuuc
1558 5089 1756 5161 abutuntur
1776 5093 1934 5177 mundo,
1964 5086 2061 5183 Ergo
2089 5114 2154 5162 ne·

138 5191 395 5263 conclusionem
422 5216 499 5263 non
527 5194 647 5278 addit,
690 5214 795 5284 quam
827 5191 984 5282 prudens
1012 5191 1120 5261 lector
1173 5212 1268 5260 cesse
1285 5191 1436 5261 liberato
1451 5193 1606 5276 mundo,
1634 5191 1762 5280 impios
1779 5192 1863 5261 dare
1877 5213 2019 5282 poenas.

135 5294 234 5365 iacile
255 5306 373 5387 potest
395 5307 560 5366 atterere.
626 5294 798 5385 Properat
812 5292 908 5364 enim
924 5290 1059 5362 Paulus
1077 5292 1121 5362 ad
1276 5288 1343 5367 lll.
1393 5290 1454 5364 Ab
1480 5293 1640 5384 exemplo
1671 5293 1945 5383 Apostolorum:
1994 5291 2068 5364 Nos
2093 5291 2156 5389 qui

134 5396 430 5483 musulationem,
453 5412 495 5469 ut
510 5396 718 5468 videbimus.
1045 5436 1048 5441 ·
1175 5390 1376 5488 accepimus
1395 5394 1580 5529 primitias·
1586 5392 1742 5487 Spiritus
1762 5394 1892 5484 andi,
1917 5397 2099 5489 angimur,
2124 5407 2160 5466 et

383 675 604 763 Apostrophe
624 677 671 743 od
690 676 862 745 Lectores.

1561 1481 1754 1553 muratam.

88 3418 107 3527 ’ζ
320 3432 325 3437 “
424 3432 429 3455 ²
512 3382 715 3511 'Propositin

95 3536 108 3579 a
