<?xml version="1.0" encoding="UTF-8"?>
<!DOCTYPE html PUBLIC "-//W3C//DTD XHTML 1.0 Transitional//EN"
    "http://www.w3.org/TR/xhtml1/DTD/xhtml1-transitional.dtd">
<html xmlns="http://www.w3.org/1999/xhtml" xml:lang="en" lang="en">
 <head>
  <title>
</title>
<meta http-equiv="Content-Type" content="text/html;charset=utf-8" />
  <meta name='ocr-system' content='tesseract 3.04.00' />
  <meta name='ocr-capabilities' content='ocr_page ocr_carea ocr_par ocr_line ocrx_word'/>
</head>
<body>
  <div class='ocr_page' id='page_1' title='image "./corpusreformato01melagoog/corpusreformato01melagoog_0593.png"; bbox 0 0 4522 5782; ppageno 0'>
   <div class='ocr_carea' id='block_1_1' title="bbox 182 157 2204 307">
    <p class='ocr_par' dir='ltr' id='par_1_1' title="bbox 182 139 2204 307">
     <span class='ocr_line' id='line_1_1' title="bbox 182 157 2204 307; baseline 0.002 -37"><span class='ocrx_word' id='word_1_1' title='bbox 182 202 281 307; x_wconf 58' lang='lat' dir='ltr'><strong>,aas</strong></span> <span class='ocrx_word' id='word_1_2' title='bbox 320 285 326 293; x_wconf 44' lang='grc'>,</span> <span class='ocrx_word' id='word_1_3' title='bbox 489 252 519 297; x_wconf 52' lang='grc'><strong>,.</strong></span> <span class='ocrx_word' id='word_1_4' title='bbox 775 157 1046 296; x_wconf 63' lang='grc' dir='ltr'><strong>Ριιιιωῑ.</strong></span> <span class='ocrx_word' id='word_1_5' title='bbox 1082 193 1619 285; x_wconf 79' lang='lat' dir='ltr'><strong>scareraaaacarrca.</strong></span> <span class='ocrx_word' id='word_1_6' title='bbox 2120 206 2204 283; x_wconf 74' lang='lat' dir='ltr'><strong>aaa</strong></span> 
     </span>
    </p>
   </div>
   <div class='ocr_carea' id='block_1_2' title="bbox 285 362 2205 454">
    <p class='ocr_par' dir='ltr' id='par_1_2' title="bbox 285 362 2205 454">
     <span class='ocr_line' id='line_1_2' title="bbox 285 362 2205 454; baseline 0.004 -8"><span class='ocrx_word' id='word_1_7' title='bbox 285 370 389 454; x_wconf 73' lang='lat' dir='ltr'><strong>Haec,</strong></span> <span class='ocrx_word' id='word_1_8' title='bbox 400 375 444 443; x_wconf 90' lang='lat' dir='ltr'><strong>de</strong></span> <span class='ocrx_word' id='word_1_9' title='bbox 462 368 635 443; x_wconf 85' lang='lat' dir='ltr'><strong>vocabulo</strong></span> <span class='ocrx_word' id='word_1_10' title='bbox 651 367 733 439; x_wconf 81' lang='lat' dir='ltr'><strong>satis</strong></span> <span class='ocrx_word' id='word_1_11' title='bbox 749 367 794 439; x_wconf 89' lang='lat' dir='ltr'><strong>sit</strong></span> <span class='ocrx_word' id='word_1_12' title='bbox 809 362 869 436; x_wconf 87' lang='lat' dir='ltr'><strong>bic</strong></span> <span class='ocrx_word' id='word_1_13' title='bbox 884 391 1042 442; x_wconf 86' lang='lat' dir='ltr'><strong>monere.</strong></span> <span class='ocrx_word' id='word_1_14' title='bbox 1079 365 1170 437; x_wconf 90' lang='lat' dir='ltr'><strong>Nam</strong></span> <span class='ocrx_word' id='word_1_15' title='bbox 1224 368 1402 442; x_wconf 73' lang='lat' dir='ltr'><strong>Sacrificio</strong></span> <span class='ocrx_word' id='word_1_16' title='bbox 1425 371 1465 442; x_wconf 88' lang='lat' dir='ltr'><strong>in</strong></span> <span class='ocrx_word' id='word_1_17' title='bbox 1481 371 1593 443; x_wconf 77' lang='lat' dir='ltr'><strong>lsrael</strong></span> <span class='ocrx_word' id='word_1_18' title='bbox 1611 373 1772 447; x_wconf 86' lang='lat' dir='ltr'><strong>instituta</strong></span> <span class='ocrx_word' id='word_1_19' title='bbox 1789 392 1891 450; x_wconf 90' lang='lat' dir='ltr'><strong>erant</strong></span> <span class='ocrx_word' id='word_1_20' title='bbox 1906 378 1953 449; x_wconf 90' lang='lat' dir='ltr'><strong>ad</strong></span> <span class='ocrx_word' id='word_1_21' title='bbox 1975 393 2095 452; x_wconf 88' lang='lat' dir='ltr'><strong>certos</strong></span> <span class='ocrx_word' id='word_1_22' title='bbox 2116 403 2205 453; x_wconf 84' lang='lat' dir='ltr'><strong>usus.</strong></span> 
     </span>
    </p>
   </div>
   <div class='ocr_carea' id='block_1_3' title="bbox 99 469 2210 5456">
    <p class='ocr_par' dir='ltr' id='par_1_3' title="bbox 138 469 2208 2596">
     <span class='ocr_line' id='line_1_3' title="bbox 187 469 2206 572; baseline 0 -20"><span class='ocrx_word' id='word_1_23' title='bbox 187 481 346 553; x_wconf 90' lang='lat' dir='ltr'><strong>doctrina</strong></span> <span class='ocrx_word' id='word_1_24' title='bbox 370 478 505 564; x_wconf 88' lang='lat' dir='ltr'><strong>integra</strong></span> <span class='ocrx_word' id='word_1_25' title='bbox 532 477 575 542; x_wconf 89' lang='lat' dir='ltr'><strong>de</strong></span> <span class='ocrx_word' id='word_1_26' title='bbox 600 472 799 562; x_wconf 91' lang='lat' dir='ltr'><strong>precatione</strong></span> <span class='ocrx_word' id='word_1_27' title='bbox 824 471 910 540; x_wconf 92' lang='lat' dir='ltr'><strong>alibi</strong></span> <span class='ocrx_word' id='word_1_28' title='bbox 932 469 1104 550; x_wconf 76' lang='lat' dir='ltr'>traditur,</span> <span class='ocrx_word' id='word_1_29' title='bbox 1139 484 1174 539; x_wconf 90' lang='lat' dir='ltr'><strong>et</strong></span> <span class='ocrx_word' id='word_1_30' title='bbox 1224 469 1273 542; x_wconf 81' lang='lat' dir='ltr'><strong>At</strong></span> <span class='ocrx_word' id='word_1_31' title='bbox 1303 476 1499 544; x_wconf 72' lang='lat' dir='ltr'><strong>sacerdotes</strong></span> <span class='ocrx_word' id='word_1_32' title='bbox 1524 478 1781 547; x_wconf 88' lang='lat' dir='ltr'><strong>transtulerunt</strong></span> <span class='ocrx_word' id='word_1_33' title='bbox 1809 503 1850 547; x_wconf 88' lang='lat' dir='ltr'><strong>ea</strong></span> <span class='ocrx_word' id='word_1_34' title='bbox 1881 482 1926 549; x_wconf 84' lang='lat' dir='ltr'><strong>ad</strong></span> <span class='ocrx_word' id='word_1_35' title='bbox 1953 505 2125 572; x_wconf 87' lang='lat' dir='ltr'><strong>pompam</strong></span> <span class='ocrx_word' id='word_1_36' title='bbox 2151 498 2206 553; x_wconf 89' lang='lat' dir='ltr'><strong>aut</strong></span> 
     </span>
     <span class='ocr_line' id='line_1_4' title="bbox 187 573 2206 667; baseline 0.002 -18"><span class='ocrx_word' id='word_1_37' title='bbox 187 579 595 656; x_wconf 68' lang='lat' dir='ltr'><strong>{ancillarissimenotam</strong></span> <span class='ocrx_word' id='word_1_38' title='bbox 616 573 1049 664; x_wconf 81' lang='lat' dir='ltr'><strong>esseomnibusoportet,</strong></span> <span class='ocrx_word' id='word_1_39' title='bbox 1079 573 1173 642; x_wconf 91' lang='lat' dir='ltr'><strong>utin</strong></span> <span class='ocrx_word' id='word_1_40' title='bbox 1225 589 1420 667; x_wconf 86' lang='lat' dir='ltr'><strong>quaestum.</strong></span> <span class='ocrx_word' id='word_1_41' title='bbox 1471 574 1589 645; x_wconf 90' lang='lat' dir='ltr'><strong>Coena</strong></span> <span class='ocrx_word' id='word_1_42' title='bbox 1615 577 1765 647; x_wconf 91' lang='lat' dir='ltr'><strong>Domini</strong></span> <span class='ocrx_word' id='word_1_43' title='bbox 1784 583 1829 648; x_wconf 88' lang='lat' dir='ltr'><strong>ad</strong></span> <span class='ocrx_word' id='word_1_44' title='bbox 1852 604 1956 650; x_wconf 79' lang='lat' dir='ltr'><strong>castam</strong></span> <span class='ocrx_word' id='word_1_45' title='bbox 1980 596 2135 667; x_wconf 68' lang='lat' dir='ltr'><strong>certum,</strong></span> <span class='ocrx_word' id='word_1_46' title='bbox 2158 586 2206 654; x_wconf 85' lang='lat' dir='ltr'><strong>vi-</strong></span> 
     </span>
     <span class='ocr_line' id='line_1_5' title="bbox 189 669 2204 782; baseline 0.001 -28"><span class='ocrx_word' id='word_1_47' title='bbox 189 669 397 782; x_wconf 56' lang='lat' dir='ltr'><strong>quotidiana</strong></span> <span class='ocrx_word' id='word_1_48' title='bbox 423 677 649 747; x_wconf 89' lang='lat' dir='ltr'><strong>invocatione</strong></span> <span class='ocrx_word' id='word_1_49' title='bbox 666 674 765 745; x_wconf 88' lang='lat' dir='ltr'><strong>sitin</strong></span> <span class='ocrx_word' id='word_1_50' title='bbox 787 690 999 767; x_wconf 89' lang='lat' dir='ltr'><strong>conspectu,</strong></span> <span class='ocrx_word' id='word_1_51' title='bbox 1023 687 1058 744; x_wconf 85' lang='lat' dir='ltr'><strong>et</strong></span> <span class='ocrx_word' id='word_1_52' title='bbox 1082 697 1176 743; x_wconf 90' lang='lat' dir='ltr'><strong>scm·</strong></span> <span class='ocrx_word' id='word_1_53' title='bbox 1225 677 1350 746; x_wconf 76' lang='lat' dir='ltr'>delicet</span> <span class='ocrx_word' id='word_1_54' title='bbox 1366 679 1408 745; x_wconf 90' lang='lat' dir='ltr'><strong>ad</strong></span> <span class='ocrx_word' id='word_1_55' title='bbox 1426 679 1704 748; x_wconf 71' lang='lat' dir='ltr'><strong>consolationem</strong></span> <span class='ocrx_word' id='word_1_56' title='bbox 1730 682 2030 753; x_wconf 76' lang='lat' dir='ltr'><strong>conscientiarum</strong></span> <span class='ocrx_word' id='word_1_57' title='bbox 2055 686 2204 756; x_wconf 81' lang='lat' dir='ltr'><strong>instituta</strong></span> 
     </span>
     <span class='ocr_line' id='line_1_6' title="bbox 190 774 2204 882; baseline -0 -25"><span class='ocrx_word' id='word_1_58' title='bbox 190 812 253 882; x_wconf 92' lang='lat' dir='ltr'><strong>per</strong></span> <span class='ocrx_word' id='word_1_59' title='bbox 275 786 382 854; x_wconf 88' lang='lat' dir='ltr'><strong>addas</strong></span> <span class='ocrx_word' id='word_1_60' title='bbox 406 781 481 872; x_wconf 87' lang='lat' dir='ltr'><strong>ipse</strong></span> <span class='ocrx_word' id='word_1_61' title='bbox 506 774 600 847; x_wconf 91' lang='lat' dir='ltr'><strong>hanc</strong></span> <span class='ocrx_word' id='word_1_62' title='bbox 629 790 727 846; x_wconf 91' lang='lat' dir='ltr'><strong>tuam</strong></span> <span class='ocrx_word' id='word_1_63' title='bbox 753 777 1045 846; x_wconf 81' lang='lat' dir='ltr'><strong>asseverationem</strong></span> <span class='ocrx_word' id='word_1_64' title='bbox 1075 775 1175 847; x_wconf 89' lang='lat' dir='ltr'><strong>linita</strong></span> <span class='ocrx_word' id='word_1_65' title='bbox 1226 791 1287 851; x_wconf 84' lang='lat' dir='ltr'><strong>est.</strong></span> <span class='ocrx_word' id='word_1_66' title='bbox 1343 776 1467 849; x_wconf 85' lang='lat' dir='ltr'><strong>Postea</strong></span> <span class='ocrx_word' id='word_1_67' title='bbox 1501 775 1724 851; x_wconf 83' lang='lat' dir='ltr'><strong>horribiliter</strong></span> <span class='ocrx_word' id='word_1_68' title='bbox 1755 780 1975 873; x_wconf 73' lang='lat' dir='ltr'><strong>prophanatae</strong></span> <span class='ocrx_word' id='word_1_69' title='bbox 2009 800 2083 872; x_wconf 89' lang='lat' dir='ltr'><strong>est,</strong></span> <span class='ocrx_word' id='word_1_70' title='bbox 2122 803 2156 858; x_wconf 88' lang='lat' dir='ltr'><strong>ct</strong></span> <span class='ocrx_word' id='word_1_71' title='bbox 2172 790 2204 856; x_wconf 93' lang='lat' dir='ltr'><strong>in</strong></span> 
     </span>
     <span class='ocr_line' id='line_1_7' title="bbox 189 872 2207 983; baseline 0 -24"><span class='ocrx_word' id='word_1_72' title='bbox 189 886 406 983; x_wconf 86' lang='lat' dir='ltr'><strong>precatione:</strong></span> <span class='ocrx_word' id='word_1_73' title='bbox 433 880 551 951; x_wconf 91' lang='lat' dir='ltr'><strong>Credo</strong></span> <span class='ocrx_word' id='word_1_74' title='bbox 575 876 750 961; x_wconf 89' lang='lat' dir='ltr'><strong>Domine,</strong></span> <span class='ocrx_word' id='word_1_75' title='bbox 775 872 861 947; x_wconf 90' lang='lat' dir='ltr'><strong>haec</strong></span> <span class='ocrx_word' id='word_1_76' title='bbox 883 901 960 947; x_wconf 90' lang='lat' dir='ltr'><strong>mea</strong></span> <span class='ocrx_word' id='word_1_77' title='bbox 985 891 1066 946; x_wconf 88' lang='lat' dir='ltr'><strong>vota</strong></span> <span class='ocrx_word' id='word_1_78' title='bbox 1091 902 1176 969; x_wconf 93' lang='lat' dir='ltr'><strong>pro·</strong></span> <span class='ocrx_word' id='word_1_79' title='bbox 1226 903 1353 970; x_wconf 90' lang='lat' dir='ltr'><strong>magna</strong></span> <span class='ocrx_word' id='word_1_80' title='bbox 1370 897 1469 973; x_wconf 91' lang='lat' dir='ltr'><strong>parte</strong></span> <span class='ocrx_word' id='word_1_81' title='bbox 1483 884 1621 970; x_wconf 89' lang='lat' dir='ltr'><strong>generis</strong></span> <span class='ocrx_word' id='word_1_82' title='bbox 1638 879 1786 953; x_wconf 91' lang='lat' dir='ltr'><strong>humani</strong></span> <span class='ocrx_word' id='word_1_83' title='bbox 1804 887 2006 957; x_wconf 88' lang='lat' dir='ltr'><strong>celebratur</strong></span> <span class='ocrx_word' id='word_1_84' title='bbox 2022 904 2064 959; x_wconf 87' lang='lat' dir='ltr'><strong>ut</strong></span> <span class='ocrx_word' id='word_1_85' title='bbox 2082 905 2207 980; x_wconf 85' lang='lat' dir='ltr'><strong>specta·</strong></span> 
     </span>
     <span class='ocr_line' id='line_1_8' title="bbox 191 980 2208 1085; baseline 0 -23"><span class='ocrx_word' id='word_1_86' title='bbox 191 989 404 1085; x_wconf 68' lang='lat' dir='ltr'><strong>pterfilium</strong></span> <span class='ocrx_word' id='word_1_87' title='bbox 426 984 739 1051; x_wconf 90' lang='lat' dir='ltr'><strong>mediatoremate</strong></span> <span class='ocrx_word' id='word_1_88' title='bbox 756 980 886 1070; x_wconf 89' lang='lat' dir='ltr'><strong>recipi,</strong></span> <span class='ocrx_word' id='word_1_89' title='bbox 912 981 971 1049; x_wconf 88' lang='lat' dir='ltr'><strong>sed</strong></span> <span class='ocrx_word' id='word_1_90' title='bbox 996 1004 1097 1069; x_wconf 89' lang='lat' dir='ltr'><strong>opem</strong></span> <span class='ocrx_word' id='word_1_91' title='bbox 1122 982 1177 1049; x_wconf 85' lang='lat' dir='ltr'><strong>ser</strong></span> <span class='ocrx_word' id='word_1_92' title='bbox 1227 983 1368 1061; x_wconf 90' lang='lat' dir='ltr'><strong>culum,</strong></span> <span class='ocrx_word' id='word_1_93' title='bbox 1394 997 1453 1052; x_wconf 90' lang='lat' dir='ltr'><strong>aut</strong></span> <span class='ocrx_word' id='word_1_94' title='bbox 1471 999 1636 1077; x_wconf 88' lang='lat' dir='ltr'><strong>quaestus</strong></span> <span class='ocrx_word' id='word_1_95' title='bbox 1660 1009 1773 1058; x_wconf 86' lang='lat' dir='ltr'><strong>causa.</strong></span> <span class='ocrx_word' id='word_1_96' title='bbox 1824 990 2023 1060; x_wconf 86' lang='lat' dir='ltr'><strong>Certaruut</strong></span> <span class='ocrx_word' id='word_1_97' title='bbox 2040 987 2208 1062; x_wconf 85' lang='lat' dir='ltr'><strong>Ecclesiae</strong></span> 
     </span>
     <span class='ocr_line' id='line_1_9' title="bbox 191 1076 2205 1177; baseline 0 -15"><span class='ocrx_word' id='word_1_98' title='bbox 191 1115 289 1162; x_wconf 86' lang='lat' dir='ltr'><strong>meae</strong></span> <span class='ocrx_word' id='word_1_99' title='bbox 313 1083 557 1156; x_wconf 87' lang='lat' dir='ltr'><strong>imbecillitati.</strong></span> <span class='ocrx_word' id='word_1_100' title='bbox 610 1078 692 1152; x_wconf 87' lang='lat' dir='ltr'><strong>Scio</strong></span> <span class='ocrx_word' id='word_1_101' title='bbox 709 1083 752 1150; x_wconf 92' lang='lat' dir='ltr'><strong>de</strong></span> <span class='ocrx_word' id='word_1_102' title='bbox 770 1082 859 1149; x_wconf 90' lang='lat' dir='ltr'><strong>velle</strong></span> <span class='ocrx_word' id='word_1_103' title='bbox 882 1076 979 1151; x_wconf 90' lang='lat' dir='ltr'><strong>hunc</strong></span> <span class='ocrx_word' id='word_1_104' title='bbox 1001 1078 1177 1151; x_wconf 90' lang='lat' dir='ltr'><strong>honorem</strong></span> <span class='ocrx_word' id='word_1_105' title='bbox 1228 1085 1272 1152; x_wconf 90' lang='lat' dir='ltr'><strong>de</strong></span> <span class='ocrx_word' id='word_1_106' title='bbox 1293 1085 1350 1153; x_wconf 90' lang='lat' dir='ltr'><strong>die</strong></span> <span class='ocrx_word' id='word_1_107' title='bbox 1373 1081 1580 1170; x_wconf 90' lang='lat' dir='ltr'><strong>Paschatos,</strong></span> <span class='ocrx_word' id='word_1_108' title='bbox 1612 1100 1646 1155; x_wconf 92' lang='lat' dir='ltr'><strong>et</strong></span> <span class='ocrx_word' id='word_1_109' title='bbox 1668 1111 1771 1177; x_wconf 85' lang='lat' dir='ltr'><strong>saepe</strong></span> <span class='ocrx_word' id='word_1_110' title='bbox 1793 1092 1836 1157; x_wconf 90' lang='lat' dir='ltr'><strong>de</strong></span> <span class='ocrx_word' id='word_1_111' title='bbox 1858 1090 1940 1158; x_wconf 89' lang='lat' dir='ltr'><strong>aliis</strong></span> <span class='ocrx_word' id='word_1_112' title='bbox 1959 1116 2037 1160; x_wconf 91' lang='lat' dir='ltr'><strong>non</strong></span> <span class='ocrx_word' id='word_1_113' title='bbox 2058 1116 2205 1162; x_wconf 88' lang='lat' dir='ltr'><strong>necessa·</strong></span> 
     </span>
     <span class='ocr_line' id='line_1_10' title="bbox 138 1182 2206 1279; baseline 0 -14"><span class='ocrx_word' id='word_1_114' title='bbox 138 1234 141 1245; x_wconf 94' lang='lat'>·</span> <span class='ocrx_word' id='word_1_115' title='bbox 192 1195 257 1265; x_wconf 88' lang='lat' dir='ltr'><strong>tibi</strong></span> <span class='ocrx_word' id='word_1_116' title='bbox 276 1190 406 1275; x_wconf 88' lang='lat' dir='ltr'><strong>tribui,</strong></span> <span class='ocrx_word' id='word_1_117' title='bbox 433 1202 471 1256; x_wconf 92' lang='lat' dir='ltr'><strong>ut</strong></span> <span class='ocrx_word' id='word_1_118' title='bbox 486 1187 668 1254; x_wconf 88' lang='lat' dir='ltr'><strong>credamus</strong></span> <span class='ocrx_word' id='word_1_119' title='bbox 685 1197 719 1252; x_wconf 91' lang='lat' dir='ltr'><strong>te</strong></span> <span class='ocrx_word' id='word_1_120' title='bbox 737 1207 816 1252; x_wconf 87' lang='lat' dir='ltr'><strong>vere</strong></span> <span class='ocrx_word' id='word_1_121' title='bbox 833 1182 925 1251; x_wconf 86' lang='lat' dir='ltr'><strong>allici</strong></span> <span class='ocrx_word' id='word_1_122' title='bbox 942 1207 1025 1252; x_wconf 90' lang='lat' dir='ltr'><strong>cura</strong></span> <span class='ocrx_word' id='word_1_123' title='bbox 1050 1183 1178 1267; x_wconf 82' lang='lat' dir='ltr'><strong>nostri,</strong></span> <span class='ocrx_word' id='word_1_124' title='bbox 1227 1187 1292 1256; x_wconf 87' lang='lat' dir='ltr'><strong>riis</strong></span> <span class='ocrx_word' id='word_1_125' title='bbox 1325 1187 1601 1277; x_wconf 83' lang='lat' dir='ltr'><strong>quaestionibus.</strong></span> <span class='ocrx_word' id='word_1_126' title='bbox 1655 1190 1706 1258; x_wconf 90' lang='lat' dir='ltr'><strong>De</strong></span> <span class='ocrx_word' id='word_1_127' title='bbox 1742 1186 1807 1259; x_wconf 90' lang='lat' dir='ltr'><strong>hoc</strong></span> <span class='ocrx_word' id='word_1_128' title='bbox 1836 1206 1908 1261; x_wconf 92' lang='lat' dir='ltr'><strong>toto</strong></span> <span class='ocrx_word' id='word_1_129' title='bbox 1936 1216 2069 1279; x_wconf 81' lang='lat' dir='ltr'><strong>genere</strong></span> <span class='ocrx_word' id='word_1_130' title='bbox 2098 1212 2206 1267; x_wconf 90' lang='lat' dir='ltr'><strong>monet</strong></span> 
     </span>
     <span class='ocr_line' id='line_1_11' title="bbox 192 1285 2206 1380; baseline -0 -12"><span class='ocrx_word' id='word_1_131' title='bbox 192 1312 226 1369; x_wconf 87' lang='lat' dir='ltr'><strong>et</strong></span> <span class='ocrx_word' id='word_1_132' title='bbox 249 1317 315 1363; x_wconf 90' lang='lat' dir='ltr'><strong>nos</strong></span> <span class='ocrx_word' id='word_1_133' title='bbox 343 1286 522 1366; x_wconf 87' lang='lat' dir='ltr'><strong>exaudiri,</strong></span> <span class='ocrx_word' id='word_1_134' title='bbox 564 1308 630 1353; x_wconf 92' lang='lat' dir='ltr'><strong>nec</strong></span> <span class='ocrx_word' id='word_1_135' title='bbox 659 1285 912 1378; x_wconf 87' lang='lat' dir='ltr'><strong>promissiones</strong></span> <span class='ocrx_word' id='word_1_136' title='bbox 943 1299 1021 1355; x_wconf 89' lang='lat' dir='ltr'><strong>tuas</strong></span> <span class='ocrx_word' id='word_1_137' title='bbox 1053 1286 1178 1354; x_wconf 90' lang='lat' dir='ltr'><strong>inanes</strong></span> <span class='ocrx_word' id='word_1_138' title='bbox 1228 1286 1380 1371; x_wconf 90' lang='lat' dir='ltr'><strong>Paulus,</strong></span> <span class='ocrx_word' id='word_1_139' title='bbox 1406 1304 1538 1358; x_wconf 90' lang='lat' dir='ltr'><strong>utnon</strong></span> <span class='ocrx_word' id='word_1_140' title='bbox 1563 1292 1659 1358; x_wconf 89' lang='lat' dir='ltr'><strong>velut</strong></span> <span class='ocrx_word' id='word_1_141' title='bbox 1684 1293 1781 1380; x_wconf 90' lang='lat' dir='ltr'><strong>pueri</strong></span> <span class='ocrx_word' id='word_1_142' title='bbox 1808 1295 2019 1380; x_wconf 87' lang='lat' dir='ltr'><strong>spectaculis</strong></span> <span class='ocrx_word' id='word_1_143' title='bbox 2039 1310 2075 1366; x_wconf 86' lang='lat' dir='ltr'><strong>et</strong></span> <span class='ocrx_word' id='word_1_144' title='bbox 2090 1297 2206 1367; x_wconf 86' lang='lat' dir='ltr'><strong>ritibus</strong></span> 
     </span>
     <span class='ocr_line' id='line_1_12' title="bbox 178 1383 2206 1483; baseline 0 -15"><span class='ocrx_word' id='word_1_145' title='bbox 178 1383 301 1470; x_wconf 39' lang='lat' dir='ltr'><strong>xsonos</strong></span> <span class='ocrx_word' id='word_1_146' title='bbox 338 1416 438 1463; x_wconf 80' lang='lat' dir='ltr'><strong>esse.=</strong></span> <span class='ocrx_word' id='word_1_147' title='bbox 471 1388 513 1459; x_wconf 91' lang='lat' dir='ltr'><strong>ln</strong></span> <span class='ocrx_word' id='word_1_148' title='bbox 541 1383 609 1457; x_wconf 91' lang='lat' dir='ltr'><strong>hoc</strong></span> <span class='ocrx_word' id='word_1_149' title='bbox 636 1402 759 1457; x_wconf 89' lang='lat' dir='ltr'><strong>nostro</strong></span> <span class='ocrx_word' id='word_1_150' title='bbox 792 1387 957 1457; x_wconf 86' lang='lat' dir='ltr'><strong>exercitio</strong></span> <span class='ocrx_word' id='word_1_151' title='bbox 990 1386 1180 1470; x_wconf 86' lang='lat' dir='ltr'><strong>discimus,</strong></span> <span class='ocrx_word' id='word_1_152' title='bbox 1228 1389 1428 1480; x_wconf 89' lang='lat' dir='ltr'><strong>capiamur,</strong></span> <span class='ocrx_word' id='word_1_153' title='bbox 1470 1394 1529 1461; x_wconf 91' lang='lat' dir='ltr'><strong>sed</strong></span> <span class='ocrx_word' id='word_1_154' title='bbox 1563 1394 1739 1483; x_wconf 89' lang='lat' dir='ltr'><strong>sapienter</strong></span> <span class='ocrx_word' id='word_1_155' title='bbox 1770 1416 1931 1483; x_wconf 86' lang='lat' dir='ltr'><strong>regamus</strong></span> <span class='ocrx_word' id='word_1_156' title='bbox 1960 1399 2141 1479; x_wconf 86' lang='lat' dir='ltr'><strong>actiones,</strong></span> <span class='ocrx_word' id='word_1_157' title='bbox 2177 1413 2206 1469; x_wconf 91' lang='lat' dir='ltr'><strong>et</strong></span> 
     </span>
     <span class='ocr_line' id='line_1_13' title="bbox 194 1488 2206 1595; baseline 0.001 -27"><span class='ocrx_word' id='word_1_158' title='bbox 194 1522 302 1595; x_wconf 89' lang='lat' dir='ltr'><strong>quare</strong></span> <span class='ocrx_word' id='word_1_159' title='bbox 325 1490 515 1586; x_wconf 85' lang='lat' dir='ltr'><strong>antiquitas</strong></span> <span class='ocrx_word' id='word_1_160' title='bbox 537 1513 675 1581; x_wconf 90' lang='lat' dir='ltr'><strong>semper</strong></span> <span class='ocrx_word' id='word_1_161' title='bbox 700 1489 879 1559; x_wconf 91' lang='lat' dir='ltr'><strong>addiderit</strong></span> <span class='ocrx_word' id='word_1_162' title='bbox 907 1488 1180 1580; x_wconf 89' lang='lat' dir='ltr'><strong>precationibus,</strong></span> <span class='ocrx_word' id='word_1_163' title='bbox 1229 1514 1350 1560; x_wconf 87' lang='lat' dir='ltr'><strong>causas</strong></span> <span class='ocrx_word' id='word_1_164' title='bbox 1373 1492 1592 1578; x_wconf 89' lang='lat' dir='ltr'><strong>intueamur,</strong></span> <span class='ocrx_word' id='word_1_165' title='bbox 1617 1508 1653 1564; x_wconf 91' lang='lat' dir='ltr'><strong>et</strong></span> <span class='ocrx_word' id='word_1_166' title='bbox 1669 1518 1771 1564; x_wconf 89' lang='lat' dir='ltr'><strong>suum</strong></span> <span class='ocrx_word' id='word_1_167' title='bbox 1789 1498 1918 1591; x_wconf 89' lang='lat' dir='ltr'><strong>cuique</strong></span> <span class='ocrx_word' id='word_1_168' title='bbox 1938 1499 2062 1570; x_wconf 89' lang='lat' dir='ltr'><strong>locum</strong></span> <span class='ocrx_word' id='word_1_169' title='bbox 2083 1501 2206 1570; x_wconf 87' lang='lat' dir='ltr'><strong>tribua-</strong></span> 
     </span>
     <span class='ocr_line' id='line_1_14' title="bbox 189 1590 2206 1689; baseline 0.01 -39"><span class='ocrx_word' id='word_1_170' title='bbox 189 1598 319 1674; x_wconf 65' lang='lat' dir='ltr'><strong>Amen,</strong></span> <span class='ocrx_word' id='word_1_171' title='bbox 1228 1615 1320 1665; x_wconf 90' lang='lat' dir='ltr'><strong>mus.</strong></span> <span class='ocrx_word' id='word_1_172' title='bbox 1369 1590 1416 1662; x_wconf 82' lang='lat' dir='ltr'><strong>Et</strong></span> <span class='ocrx_word' id='word_1_173' title='bbox 1441 1596 1597 1684; x_wconf 86' lang='lat' dir='ltr'><strong>regulam</strong></span> <span class='ocrx_word' id='word_1_174' title='bbox 1622 1591 1680 1665; x_wconf 91' lang='lat' dir='ltr'><strong>hic</strong></span> <span class='ocrx_word' id='word_1_175' title='bbox 1703 1621 1804 1686; x_wconf 86' lang='lat' dir='ltr'><strong>saepe</strong></span> <span class='ocrx_word' id='word_1_176' title='bbox 1827 1600 1973 1689; x_wconf 90' lang='lat' dir='ltr'><strong>repetit:</strong></span> <span class='ocrx_word' id='word_1_177' title='bbox 2012 1596 2147 1671; x_wconf 87' lang='lat' dir='ltr'><strong>Omnia</strong></span> <span class='ocrx_word' id='word_1_178' title='bbox 2168 1605 2206 1671; x_wconf 87' lang='lat' dir='ltr'><strong>ad</strong></span> 
     </span>
     <span class='ocr_line' id='line_1_15' title="bbox 293 1689 2206 1794; baseline 0.003 -26"><span class='ocrx_word' id='word_1_179' title='bbox 293 1702 346 1771; x_wconf 83' lang='lat' dir='ltr'><strong>Ac</strong></span> <span class='ocrx_word' id='word_1_180' title='bbox 370 1697 452 1766; x_wconf 89' lang='lat' dir='ltr'><strong>vide</strong></span> <span class='ocrx_word' id='word_1_181' title='bbox 473 1716 609 1763; x_wconf 90' lang='lat' dir='ltr'><strong>morem</strong></span> <span class='ocrx_word' id='word_1_182' title='bbox 624 1689 800 1762; x_wconf 88' lang='lat' dir='ltr'><strong>Ecclesiae</strong></span> <span class='ocrx_word' id='word_1_183' title='bbox 824 1706 1049 1785; x_wconf 89' lang='lat' dir='ltr'><strong>perpetuum:</strong></span> <span class='ocrx_word' id='word_1_184' title='bbox 1077 1690 1180 1763; x_wconf 87' lang='lat' dir='ltr'><strong>Sem·</strong></span> <span class='ocrx_word' id='word_1_185' title='bbox 1229 1695 1507 1766; x_wconf 85' lang='lat' dir='ltr'><strong>aedificationem</strong></span> <span class='ocrx_word' id='word_1_186' title='bbox 1524 1697 1621 1770; x_wconf 86' lang='lat' dir='ltr'><strong>fiant.</strong></span> <span class='ocrx_word' id='word_1_187' title='bbox 1673 1695 1833 1787; x_wconf 85' lang='lat' dir='ltr'><strong>Cogitate</strong></span> <span class='ocrx_word' id='word_1_188' title='bbox 1853 1723 1963 1794; x_wconf 89' lang='lat' dir='ltr'><strong>quare</strong></span> <span class='ocrx_word' id='word_1_189' title='bbox 1985 1703 2127 1773; x_wconf 88' lang='lat' dir='ltr'><strong>donum</strong></span> <span class='ocrx_word' id='word_1_190' title='bbox 2146 1705 2206 1774; x_wconf 87' lang='lat' dir='ltr'><strong>lin-</strong></span> 
     </span>
     <span class='ocr_line' id='line_1_16' title="bbox 192 1795 2207 1898; baseline 0.001 -26"><span class='ocrx_word' id='word_1_191' title='bbox 192 1828 257 1898; x_wconf 91' lang='lat' dir='ltr'><strong>per</strong></span> <span class='ocrx_word' id='word_1_192' title='bbox 273 1802 340 1872; x_wconf 85' lang='lat' dir='ltr'><strong>luit</strong></span> <span class='ocrx_word' id='word_1_193' title='bbox 358 1821 450 1867; x_wconf 91' lang='lat' dir='ltr'><strong>unus</strong></span> <span class='ocrx_word' id='word_1_194' title='bbox 466 1795 595 1887; x_wconf 90' lang='lat' dir='ltr'><strong>aliquis</strong></span> <span class='ocrx_word' id='word_1_195' title='bbox 611 1796 649 1863; x_wconf 95' lang='lat' dir='ltr'><strong>in</strong></span> <span class='ocrx_word' id='word_1_196' title='bbox 667 1807 788 1874; x_wconf 90' lang='lat' dir='ltr'><strong>coetu,</strong></span> <span class='ocrx_word' id='word_1_197' title='bbox 820 1795 882 1885; x_wconf 90' lang='lat' dir='ltr'><strong>qui</strong></span> <span class='ocrx_word' id='word_1_198' title='bbox 898 1817 959 1864; x_wconf 88' lang='lat' dir='ltr'><strong>sua</strong></span> <span class='ocrx_word' id='word_1_199' title='bbox 978 1818 1063 1863; x_wconf 87' lang='lat' dir='ltr'><strong>voce</strong></span> <span class='ocrx_word' id='word_1_200' title='bbox 1078 1816 1180 1863; x_wconf 89' lang='lat' dir='ltr'><strong>reve·</strong></span> <span class='ocrx_word' id='word_1_201' title='bbox 1229 1817 1377 1885; x_wconf 81' lang='lat' dir='ltr'><strong>guarum</strong></span> <span class='ocrx_word' id='word_1_202' title='bbox 1404 1799 1614 1868; x_wconf 89' lang='lat' dir='ltr'><strong>attributum</strong></span> <span class='ocrx_word' id='word_1_203' title='bbox 1639 1800 1683 1869; x_wconf 92' lang='lat' dir='ltr'><strong>sit</strong></span> <span class='ocrx_word' id='word_1_204' title='bbox 1704 1798 1898 1885; x_wconf 86' lang='lat' dir='ltr'><strong>Ecclesiae,</strong></span> <span class='ocrx_word' id='word_1_205' title='bbox 1940 1828 2017 1873; x_wconf 92' lang='lat' dir='ltr'><strong>non</strong></span> <span class='ocrx_word' id='word_1_206' title='bbox 2044 1818 2086 1875; x_wconf 92' lang='lat' dir='ltr'><strong>ut</strong></span> <span class='ocrx_word' id='word_1_207' title='bbox 2112 1806 2207 1876; x_wconf 84' lang='lat' dir='ltr'><strong>inane</strong></span> 
     </span>
     <span class='ocr_line' id='line_1_17' title="bbox 194 1893 2208 2000; baseline 0 -22"><span class='ocrx_word' id='word_1_208' title='bbox 194 1919 315 1978; x_wconf 81' lang='lat' dir='ltr'><strong>tenter</strong></span> <span class='ocrx_word' id='word_1_209' title='bbox 346 1899 506 1970; x_wconf 86' lang='lat' dir='ltr'><strong>recitavit</strong></span> <span class='ocrx_word' id='word_1_210' title='bbox 539 1896 717 1987; x_wconf 90' lang='lat' dir='ltr'><strong>publicam</strong></span> <span class='ocrx_word' id='word_1_211' title='bbox 751 1897 1001 1986; x_wconf 87' lang='lat' dir='ltr'><strong>precationem.</strong></span> <span class='ocrx_word' id='word_1_212' title='bbox 1053 1893 1179 1965; x_wconf 89' lang='lat' dir='ltr'><strong>Postea</strong></span> <span class='ocrx_word' id='word_1_213' title='bbox 1228 1899 1485 1990; x_wconf 89' lang='lat' dir='ltr'><strong>spectaculum,</strong></span> <span class='ocrx_word' id='word_1_214' title='bbox 1529 1902 1588 1969; x_wconf 89' lang='lat' dir='ltr'><strong>sed</strong></span> <span class='ocrx_word' id='word_1_215' title='bbox 1615 1903 1787 1991; x_wconf 18' lang='lat' dir='ltr'><strong>uttprosit</strong></span> <span class='ocrx_word' id='word_1_216' title='bbox 1810 1903 1854 1971; x_wconf 89' lang='lat' dir='ltr'><strong>iis</strong></span> <span class='ocrx_word' id='word_1_217' title='bbox 1877 1904 1986 1989; x_wconf 89' lang='lat' dir='ltr'><strong>locis,</strong></span> <span class='ocrx_word' id='word_1_218' title='bbox 2027 1908 2092 1977; x_wconf 91' lang='lat' dir='ltr'><strong>ubi</strong></span> <span class='ocrx_word' id='word_1_219' title='bbox 2118 1932 2208 2000; x_wconf 92' lang='lat' dir='ltr'><strong>perc·</strong></span> 
     </span>
     <span class='ocr_line' id='line_1_18' title="bbox 194 1962 2208 2095; baseline 0 -18"><span class='ocrx_word' id='word_1_220' title='bbox 194 2008 252 2077; x_wconf 85' lang='lat' dir='ltr'><strong>vel</strong></span> <span class='ocrx_word' id='word_1_221' title='bbox 271 2004 440 2095; x_wconf 92' lang='lat' dir='ltr'><strong>populus,</strong></span> <span class='ocrx_word' id='word_1_222' title='bbox 484 1999 541 2066; x_wconf 91' lang='lat' dir='ltr'><strong>vel</strong></span> <span class='ocrx_word' id='word_1_223' title='bbox 563 2020 656 2066; x_wconf 90' lang='lat' dir='ltr'><strong>unus</strong></span> <span class='ocrx_word' id='word_1_224' title='bbox 681 1998 826 2068; x_wconf 89' lang='lat' dir='ltr'><strong>nomine</strong></span> <span class='ocrx_word' id='word_1_225' title='bbox 848 1999 971 2090; x_wconf 93' lang='lat' dir='ltr'><strong>populi</strong></span> <span class='ocrx_word' id='word_1_226' title='bbox 995 1998 1180 2088; x_wconf 90' lang='lat' dir='ltr'><strong>respondit</strong></span> <span class='ocrx_word' id='word_1_227' title='bbox 1202 1962 1205 2034; x_wconf 71' lang='lat' dir='ltr'><strong>l</strong></span> <span class='ocrx_word' id='word_1_228' title='bbox 1229 2001 1351 2089; x_wconf 91' lang='lat' dir='ltr'><strong>grinae</strong></span> <span class='ocrx_word' id='word_1_229' title='bbox 1383 2001 1525 2089; x_wconf 87' lang='lat' dir='ltr'><strong>linguae</strong></span> <span class='ocrx_word' id='word_1_230' title='bbox 1548 2024 1632 2070; x_wconf 91' lang='lat' dir='ltr'><strong>usus</strong></span> <span class='ocrx_word' id='word_1_231' title='bbox 1655 2006 1869 2074; x_wconf 87' lang='lat' dir='ltr'><strong>necessarius</strong></span> <span class='ocrx_word' id='word_1_232' title='bbox 1892 2021 1954 2076; x_wconf 90' lang='lat' dir='ltr'><strong>est.</strong></span> <span class='ocrx_word' id='word_1_233' title='bbox 2010 2007 2085 2079; x_wconf 89' lang='lat' dir='ltr'><strong>Sed</strong></span> <span class='ocrx_word' id='word_1_234' title='bbox 2103 2010 2141 2078; x_wconf 91' lang='lat' dir='ltr'><strong>in</strong></span> <span class='ocrx_word' id='word_1_235' title='bbox 2157 2034 2208 2078; x_wconf 82' lang='lat' dir='ltr'><strong>ae·</strong></span> 
     </span>
     <span class='ocr_line' id='line_1_19' title="bbox 195 2097 2208 2202; baseline 0 -22"><span class='ocrx_word' id='word_1_236' title='bbox 195 2111 325 2181; x_wconf 83' lang='lat' dir='ltr'><strong>Amen.</strong></span> <span class='ocrx_word' id='word_1_237' title='bbox 376 2102 474 2192; x_wconf 89' lang='lat' dir='ltr'><strong>Quid</strong></span> <span class='ocrx_word' id='word_1_238' title='bbox 490 2123 578 2191; x_wconf 91' lang='lat' dir='ltr'><strong>opus</strong></span> <span class='ocrx_word' id='word_1_239' title='bbox 594 2112 666 2184; x_wconf 89' lang='lat' dir='ltr'><strong>est,</strong></span> <span class='ocrx_word' id='word_1_240' title='bbox 691 2100 787 2169; x_wconf 91' lang='lat' dir='ltr'><strong>dicat</strong></span> <span class='ocrx_word' id='word_1_241' title='bbox 808 2100 961 2194; x_wconf 80' lang='lat' dir='ltr'><strong>aliquis?</strong></span> <span class='ocrx_word' id='word_1_242' title='bbox 1012 2097 1179 2198; x_wconf 89' lang='lat' dir='ltr'><strong>Respon·</strong></span> <span class='ocrx_word' id='word_1_243' title='bbox 1227 2116 1300 2172; x_wconf 87' lang='lat' dir='ltr'><strong>stra</strong></span> <span class='ocrx_word' id='word_1_244' title='bbox 1315 2100 1472 2172; x_wconf 86' lang='lat' dir='ltr'><strong>Ecclesia</strong></span> <span class='ocrx_word' id='word_1_245' title='bbox 1498 2104 1665 2174; x_wconf 86' lang='lat' dir='ltr'><strong>recitetur</strong></span> <span class='ocrx_word' id='word_1_246' title='bbox 1688 2106 1791 2175; x_wconf 92' lang='lat' dir='ltr'><strong>lectio</strong></span> <span class='ocrx_word' id='word_1_247' title='bbox 1810 2108 1930 2196; x_wconf 88' lang='lat' dir='ltr'><strong>lingua</strong></span> <span class='ocrx_word' id='word_1_248' title='bbox 1947 2111 2134 2181; x_wconf 85' lang='lat' dir='ltr'><strong>intellecta</strong></span> <span class='ocrx_word' id='word_1_249' title='bbox 2155 2136 2208 2202; x_wconf 89' lang='lat' dir='ltr'><strong>po-</strong></span> 
     </span>
     <span class='ocr_line' id='line_1_20' title="bbox 195 2201 2208 2304; baseline 0 -23"><span class='ocrx_word' id='word_1_250' title='bbox 195 2213 280 2281; x_wconf 91' lang='lat' dir='ltr'><strong>deo:</strong></span> <span class='ocrx_word' id='word_1_251' title='bbox 309 2203 396 2274; x_wconf 90' lang='lat' dir='ltr'><strong>Vult</strong></span> <span class='ocrx_word' id='word_1_252' title='bbox 412 2201 509 2274; x_wconf 91' lang='lat' dir='ltr'><strong>Deus</strong></span> <span class='ocrx_word' id='word_1_253' title='bbox 532 2225 744 2271; x_wconf 88' lang='lat' dir='ltr'><strong>consensum</strong></span> <span class='ocrx_word' id='word_1_254' title='bbox 767 2225 840 2270; x_wconf 86' lang='lat' dir='ltr'><strong>esse</strong></span> <span class='ocrx_word' id='word_1_255' title='bbox 856 2201 1030 2272; x_wconf 80' lang='lat' dir='ltr'><strong>Ecclesiae</strong></span> <span class='ocrx_word' id='word_1_256' title='bbox 1052 2203 1091 2270; x_wconf 91' lang='lat' dir='ltr'><strong>in</strong></span> <span class='ocrx_word' id='word_1_257' title='bbox 1112 2203 1179 2272; x_wconf 91' lang='lat' dir='ltr'><strong>do·</strong></span> <span class='ocrx_word' id='word_1_258' title='bbox 1227 2205 1333 2295; x_wconf 92' lang='lat' dir='ltr'><strong>pulo,</strong></span> <span class='ocrx_word' id='word_1_259' title='bbox 1364 2218 1399 2274; x_wconf 89' lang='lat' dir='ltr'><strong>et</strong></span> <span class='ocrx_word' id='word_1_260' title='bbox 1422 2206 1597 2274; x_wconf 89' lang='lat' dir='ltr'><strong>enarratio</strong></span> <span class='ocrx_word' id='word_1_261' title='bbox 1623 2208 1722 2275; x_wconf 90' lang='lat' dir='ltr'><strong>utilis</strong></span> <span class='ocrx_word' id='word_1_262' title='bbox 1743 2209 1972 2281; x_wconf 81' lang='lat' dir='ltr'><strong>audientibus</strong></span> <span class='ocrx_word' id='word_1_263' title='bbox 1995 2229 2208 2304; x_wconf 86' lang='lat' dir='ltr'><strong>proponatur</strong></span> 
     </span>
     <span class='ocr_line' id='line_1_21' title="bbox 194 2302 1752 2399; baseline -0.003 -17"><span class='ocrx_word' id='word_1_264' title='bbox 194 2312 329 2392; x_wconf 84' lang='lat' dir='ltr'><strong>ctrina,</strong></span> <span class='ocrx_word' id='word_1_265' title='bbox 357 2307 444 2390; x_wconf 85' lang='lat' dir='ltr'><strong>fide,</strong></span> <span class='ocrx_word' id='word_1_266' title='bbox 469 2304 698 2376; x_wconf 83' lang='lat' dir='ltr'><strong>invocatione</strong></span> <span class='ocrx_word' id='word_1_267' title='bbox 711 2317 744 2372; x_wconf 90' lang='lat' dir='ltr'><strong>ct</strong></span> <span class='ocrx_word' id='word_1_268' title='bbox 761 2304 947 2393; x_wconf 89' lang='lat' dir='ltr'><strong>petitione:</strong></span> <span class='ocrx_word' id='word_1_269' title='bbox 969 2302 1044 2374; x_wconf 87' lang='lat' dir='ltr'><strong>vult</strong></span> <span class='ocrx_word' id='word_1_270' title='bbox 1060 2316 1094 2373; x_wconf 91' lang='lat' dir='ltr'><strong>et</strong></span> <span class='ocrx_word' id='word_1_271' title='bbox 1112 2327 1179 2393; x_wconf 92' lang='lat' dir='ltr'><strong>pu·</strong></span> <span class='ocrx_word' id='word_1_272' title='bbox 1227 2307 1272 2375; x_wconf 92' lang='lat' dir='ltr'><strong>de</strong></span> <span class='ocrx_word' id='word_1_273' title='bbox 1294 2306 1412 2399; x_wconf 92' lang='lat' dir='ltr'><strong>aliqua</strong></span> <span class='ocrx_word' id='word_1_274' title='bbox 1437 2307 1620 2378; x_wconf 91' lang='lat' dir='ltr'><strong>doctrinae</strong></span> <span class='ocrx_word' id='word_1_275' title='bbox 1647 2323 1752 2398; x_wconf 89' lang='lat' dir='ltr'><strong>parte.</strong></span> 
     </span>
     <span class='ocr_line' id='line_1_22' title="bbox 195 2400 2054 2500; baseline -0.002 -17"><span class='ocrx_word' id='word_1_276' title='bbox 195 2415 308 2484; x_wconf 89' lang='lat' dir='ltr'><strong>blicos</strong></span> <span class='ocrx_word' id='word_1_277' title='bbox 331 2433 370 2477; x_wconf 91' lang='lat' dir='ltr'><strong>ac</strong></span> <span class='ocrx_word' id='word_1_278' title='bbox 389 2403 555 2475; x_wconf 90' lang='lat' dir='ltr'><strong>honestos</strong></span> <span class='ocrx_word' id='word_1_279' title='bbox 578 2428 784 2494; x_wconf 87' lang='lat' dir='ltr'><strong>congressus</strong></span> <span class='ocrx_word' id='word_1_280' title='bbox 806 2406 899 2487; x_wconf 88' lang='lat' dir='ltr'><strong>lieri,</strong></span> <span class='ocrx_word' id='word_1_281' title='bbox 927 2419 959 2475; x_wconf 89' lang='lat' dir='ltr'><strong>ct</strong></span> <span class='ocrx_word' id='word_1_282' title='bbox 977 2405 1014 2473; x_wconf 92' lang='lat' dir='ltr'><strong>in</strong></span> <span class='ocrx_word' id='word_1_283' title='bbox 1031 2400 1087 2474; x_wconf 91' lang='lat' dir='ltr'><strong>his</strong></span> <span class='ocrx_word' id='word_1_284' title='bbox 1101 2405 1179 2475; x_wconf 87' lang='lat' dir='ltr'><strong>vult</strong></span> <span class='ocrx_word' id='word_1_285' title='bbox 1272 2469 1284 2499; x_wconf 75' lang='lat'><strong>,</strong></span> <span class='ocrx_word' id='word_1_286' title='bbox 1393 2464 1402 2493; x_wconf 89' lang='lat'><strong>,</strong></span> <span class='ocrx_word' id='word_1_287' title='bbox 1520 2469 1534 2494; x_wconf 73' lang='lat'><strong>,</strong></span> <span class='ocrx_word' id='word_1_288' title='bbox 1641 2476 1646 2489; x_wconf 81' lang='grc'>,</span> <span class='ocrx_word' id='word_1_289' title='bbox 1742 2471 1761 2498; x_wconf 47' lang='grc' dir='ltr'><strong><em>Η</em></strong></span> <span class='ocrx_word' id='word_1_290' title='bbox 1876 2475 1886 2500; x_wconf 66' lang='lat'><strong>,</strong></span> <span class='ocrx_word' id='word_1_291' title='bbox 2044 2473 2054 2500; x_wconf 80' lang='grc'><strong><em>,</em></strong></span> 
     </span>
     <span class='ocr_line' id='line_1_23' title="bbox 196 2474 2167 2596; baseline -0.003 -13"><span class='ocrx_word' id='word_1_292' title='bbox 196 2509 497 2588; x_wconf 88' lang='lat' dir='ltr'><strong>consentientibus</strong></span> <span class='ocrx_word' id='word_1_293' title='bbox 515 2506 654 2596; x_wconf 89' lang='lat' dir='ltr'><strong>piorum</strong></span> <span class='ocrx_word' id='word_1_294' title='bbox 671 2506 869 2596; x_wconf 90' lang='lat' dir='ltr'><strong>pectoribus</strong></span> <span class='ocrx_word' id='word_1_295' title='bbox 885 2506 1063 2588; x_wconf 86' lang='lat' dir='ltr'><strong>invocari,</strong></span> <span class='ocrx_word' id='word_1_296' title='bbox 1081 2508 1179 2577; x_wconf 78' lang='lat' dir='ltr'><strong>iuxta</strong></span> <span class='ocrx_word' id='word_1_297' title='bbox 1289 2475 1340 2546; x_wconf 60' lang='lat' dir='ltr'><strong>El‘</strong></span> <span class='ocrx_word' id='word_1_298' title='bbox 1358 2497 1465 2569; x_wconf 59' lang='grc' dir='ltr'><em>νομῳ</em></span> <span class='ocrx_word' id='word_1_299' title='bbox 1486 2497 1711 2572; x_wconf 55' lang='lat' dir='ltr'><strong>Yiylmwl’</strong></span> <span class='ocrx_word' id='word_1_300' title='bbox 1739 2501 1796 2548; x_wconf 64' lang='lat'><strong>⁰¹⁸</strong></span> <span class='ocrx_word' id='word_1_301' title='bbox 1811 2474 1852 2549; x_wconf 58' lang='grc' dir='ltr'><strong>ἐν</strong></span> <span class='ocrx_word' id='word_1_302' title='bbox 1868 2484 2167 2578; x_wconf 53' lang='grc' dir='ltr'><em>Πεθοῖλωσσως·</em></span> 
     </span>
    </p>

    <p class='ocr_par' dir='ltr' id='par_1_4' title="bbox 106 2602 2210 4531">
     <span class='ocr_line' id='line_1_24' title="bbox 106 2602 2208 2712; baseline 0.002 -28"><span class='ocrx_word' id='word_1_303' title='bbox 106 2622 110 2636; x_wconf 85' lang='grc'><strong><em>’</em></strong></span> <span class='ocrx_word' id='word_1_304' title='bbox 196 2612 467 2712; x_wconf 90' lang='lat' dir='ltr'><strong>promissionem</strong></span> <span class='ocrx_word' id='word_1_305' title='bbox 478 2602 652 2677; x_wconf 89' lang='lat' dir='ltr'><strong>Matthaei</strong></span> <span class='ocrx_word' id='word_1_306' title='bbox 670 2611 744 2679; x_wconf 84' lang='lat'><strong>18.:</strong></span> <span class='ocrx_word' id='word_1_307' title='bbox 772 2605 809 2678; x_wconf 84' lang='lat' dir='ltr'><strong>st</strong></span> <span class='ocrx_word' id='word_1_308' title='bbox 827 2609 898 2677; x_wconf 91' lang='lat' dir='ltr'><strong>duo</strong></span> <span class='ocrx_word' id='word_1_309' title='bbox 916 2632 955 2677; x_wconf 84' lang='lat' dir='ltr'><strong>er</strong></span> <span class='ocrx_word' id='word_1_310' title='bbox 975 2609 1075 2680; x_wconf 86' lang='lat' dir='ltr'><strong>vobis</strong></span> <span class='ocrx_word' id='word_1_311' title='bbox 1093 2632 1179 2678; x_wconf 92' lang='lat' dir='ltr'><strong>con·</strong></span> <span class='ocrx_word' id='word_1_312' title='bbox 1328 2605 1464 2677; x_wconf 89' lang='lat' dir='ltr'><strong>Causae</strong></span> <span class='ocrx_word' id='word_1_313' title='bbox 1487 2620 1557 2677; x_wconf 86' lang='lat' dir='ltr'><strong>tres</strong></span> <span class='ocrx_word' id='word_1_314' title='bbox 1578 2622 1680 2689; x_wconf 89' lang='lat' dir='ltr'><strong>sunt,</strong></span> <span class='ocrx_word' id='word_1_315' title='bbox 1703 2624 1849 2701; x_wconf 89' lang='lat' dir='ltr'><strong>propter</strong></span> <span class='ocrx_word' id='word_1_316' title='bbox 1869 2636 1957 2706; x_wconf 87' lang='lat' dir='ltr'><strong>quas</strong></span> <span class='ocrx_word' id='word_1_317' title='bbox 1985 2615 2126 2686; x_wconf 89' lang='lat' dir='ltr'><strong>donum</strong></span> <span class='ocrx_word' id='word_1_318' title='bbox 2148 2618 2208 2688; x_wconf 89' lang='lat' dir='ltr'><strong>lin·</strong></span> 
     </span>
     <span class='ocr_line' id='line_1_25' title="bbox 196 2708 2208 2811; baseline -0 -21"><span class='ocrx_word' id='word_1_319' title='bbox 196 2714 370 2790; x_wconf 90' lang='lat' dir='ltr'><strong>senserint</strong></span> <span class='ocrx_word' id='word_1_320' title='bbox 385 2713 423 2780; x_wconf 93' lang='lat' dir='ltr'><strong>in</strong></span> <span class='ocrx_word' id='word_1_321' title='bbox 439 2725 552 2792; x_wconf 88' lang='lat' dir='ltr'><strong>terra,</strong></span> <span class='ocrx_word' id='word_1_322' title='bbox 579 2711 622 2778; x_wconf 90' lang='lat' dir='ltr'><strong>de</strong></span> <span class='ocrx_word' id='word_1_323' title='bbox 640 2709 739 2778; x_wconf 91' lang='lat' dir='ltr'><strong>omni</strong></span> <span class='ocrx_word' id='word_1_324' title='bbox 757 2710 899 2798; x_wconf 85' lang='lat' dir='ltr'><strong>negotio</strong></span> <span class='ocrx_word' id='word_1_325' title='bbox 926 2712 1020 2804; x_wconf 89' lang='lat' dir='ltr'><strong>quod</strong></span> <span class='ocrx_word' id='word_1_326' title='bbox 1049 2723 1179 2800; x_wconf 91' lang='lat' dir='ltr'><strong>petent,</strong></span> <span class='ocrx_word' id='word_1_327' title='bbox 1228 2733 1377 2799; x_wconf 86' lang='lat' dir='ltr'><strong>gnarum</strong></span> <span class='ocrx_word' id='word_1_328' title='bbox 1391 2708 1569 2779; x_wconf 86' lang='lat' dir='ltr'><strong>Ecclesiae</strong></span> <span class='ocrx_word' id='word_1_329' title='bbox 1586 2711 1796 2782; x_wconf 89' lang='lat' dir='ltr'><strong>attributum</strong></span> <span class='ocrx_word' id='word_1_330' title='bbox 1816 2726 1879 2788; x_wconf 85' lang='lat' dir='ltr'><strong>est.</strong></span> <span class='ocrx_word' id='word_1_331' title='bbox 1924 2713 2052 2786; x_wconf 92' lang='lat' dir='ltr'><strong>Prima</strong></span> <span class='ocrx_word' id='word_1_332' title='bbox 2069 2733 2105 2788; x_wconf 90' lang='lat' dir='ltr'><strong>et</strong></span> <span class='ocrx_word' id='word_1_333' title='bbox 2119 2721 2208 2811; x_wconf 87' lang='lat' dir='ltr'><strong>prin·</strong></span> 
     </span>
     <span class='ocr_line' id='line_1_26' title="bbox 195 2800 2206 2903; baseline 0.002 -12"><span class='ocrx_word' id='word_1_334' title='bbox 195 2818 331 2891; x_wconf 79' lang='lat' dir='ltr'><strong>fieteis.</strong></span> <span class='ocrx_word' id='word_1_335' title='bbox 385 2812 468 2882; x_wconf 91' lang='lat' dir='ltr'><strong>ldeo</strong></span> <span class='ocrx_word' id='word_1_336' title='bbox 490 2827 647 2881; x_wconf 87' lang='lat' dir='ltr'><strong>servatus</strong></span> <span class='ocrx_word' id='word_1_337' title='bbox 674 2824 724 2881; x_wconf 89' lang='lat' dir='ltr'><strong>est</strong></span> <span class='ocrx_word' id='word_1_338' title='bbox 757 2804 816 2880; x_wconf 89' lang='lat' dir='ltr'><strong>hic</strong></span> <span class='ocrx_word' id='word_1_339' title='bbox 847 2836 943 2898; x_wconf 91' lang='lat' dir='ltr'><strong>mos,</strong></span> <span class='ocrx_word' id='word_1_340' title='bbox 965 2827 1004 2883; x_wconf 90' lang='lat' dir='ltr'><strong>ut</strong></span> <span class='ocrx_word' id='word_1_341' title='bbox 1027 2812 1179 2903; x_wconf 89' lang='lat' dir='ltr'><strong>populus</strong></span> <span class='ocrx_word' id='word_1_342' title='bbox 1201 2800 1204 2861; x_wconf 69' lang='lat' dir='ltr'><strong>l</strong></span> <span class='ocrx_word' id='word_1_343' title='bbox 1228 2812 1371 2903; x_wconf 90' lang='lat' dir='ltr'><strong>cipalis,</strong></span> <span class='ocrx_word' id='word_1_344' title='bbox 1409 2825 1450 2882; x_wconf 90' lang='lat' dir='ltr'><strong>ut</strong></span> <span class='ocrx_word' id='word_1_345' title='bbox 1474 2813 1660 2903; x_wconf 89' lang='lat' dir='ltr'><strong>propagari</strong></span> <span class='ocrx_word' id='word_1_346' title='bbox 1684 2808 1917 2903; x_wconf 83' lang='lat' dir='ltr'><strong>Evangelium</strong></span> <span class='ocrx_word' id='word_1_347' title='bbox 1941 2818 2016 2888; x_wconf 88' lang='lat' dir='ltr'><strong>cito</strong></span> <span class='ocrx_word' id='word_1_348' title='bbox 2039 2819 2080 2887; x_wconf 92' lang='lat' dir='ltr'><strong>in</strong></span> <span class='ocrx_word' id='word_1_349' title='bbox 2099 2823 2206 2894; x_wconf 81' lang='lat' dir='ltr'><strong>multis</strong></span> 
     </span>
     <span class='ocr_line' id='line_1_27' title="bbox 198 2874 2116 3008; baseline 0 -18"><span class='ocrx_word' id='word_1_350' title='bbox 198 2922 344 2993; x_wconf 89' lang='lat' dir='ltr'><strong>adderet</strong></span> <span class='ocrx_word' id='word_1_351' title='bbox 365 2911 458 2985; x_wconf 88' lang='lat' dir='ltr'><strong>hanc</strong></span> <span class='ocrx_word' id='word_1_352' title='bbox 480 2913 771 3003; x_wconf 83' lang='lat' dir='ltr'><strong>significationem</strong></span> <span class='ocrx_word' id='word_1_353' title='bbox 796 2915 852 2982; x_wconf 90' lang='lat' dir='ltr'><strong>sui</strong></span> <span class='ocrx_word' id='word_1_354' title='bbox 877 2937 1078 2987; x_wconf 89' lang='lat' dir='ltr'><strong>consensus.</strong></span> <span class='ocrx_word' id='word_1_355' title='bbox 1129 2910 1178 2983; x_wconf 87' lang='lat' dir='ltr'><strong>Et</strong></span> <span class='ocrx_word' id='word_1_356' title='bbox 1201 2874 1204 2989; x_wconf 79' lang='lat' dir='ltr'><strong>l</strong></span> <span class='ocrx_word' id='word_1_357' title='bbox 1228 2913 1393 3004; x_wconf 90' lang='lat' dir='ltr'><strong>gentibus</strong></span> <span class='ocrx_word' id='word_1_358' title='bbox 1408 2926 1540 3003; x_wconf 88' lang='lat' dir='ltr'><strong>posset,</strong></span> <span class='ocrx_word' id='word_1_359' title='bbox 1565 2936 1715 3006; x_wconf 89' lang='lat' dir='ltr'><strong>quarum</strong></span> <span class='ocrx_word' id='word_1_360' title='bbox 1730 2939 1804 2984; x_wconf 92' lang='lat' dir='ltr'><strong>non</strong></span> <span class='ocrx_word' id='word_1_361' title='bbox 1822 2931 1873 2987; x_wconf 90' lang='lat' dir='ltr'><strong>est</strong></span> <span class='ocrx_word' id='word_1_362' title='bbox 1887 2941 1957 2985; x_wconf 89' lang='lat' dir='ltr'><strong>una</strong></span> <span class='ocrx_word' id='word_1_363' title='bbox 1975 2919 2116 3008; x_wconf 87' lang='lat' dir='ltr'><strong>lingua.</strong></span> 
     </span>
     <span class='ocr_line' id='line_1_28' title="bbox 195 3010 2207 3108; baseline 0.001 -16"><span class='ocrx_word' id='word_1_364' title='bbox 195 3022 330 3096; x_wconf 90' lang='lat' dir='ltr'><strong>Paulus</strong></span> <span class='ocrx_word' id='word_1_365' title='bbox 346 3019 422 3087; x_wconf 90' lang='lat' dir='ltr'><strong>vult</strong></span> <span class='ocrx_word' id='word_1_366' title='bbox 437 3040 511 3085; x_wconf 89' lang='lat' dir='ltr'><strong>eam</strong></span> <span class='ocrx_word' id='word_1_367' title='bbox 529 3016 626 3089; x_wconf 88' lang='lat' dir='ltr'><strong>addi.</strong></span> <span class='ocrx_word' id='word_1_368' title='bbox 666 3010 729 3085; x_wconf 87' lang='lat' dir='ltr'><strong>Ait</strong></span> <span class='ocrx_word' id='word_1_369' title='bbox 745 3014 853 3101; x_wconf 85' lang='lat' dir='ltr'><strong>igitur</strong></span> <span class='ocrx_word' id='word_1_370' title='bbox 867 3017 910 3084; x_wconf 91' lang='lat' dir='ltr'><strong>de</strong></span> <span class='ocrx_word' id='word_1_371' title='bbox 925 3016 1178 3106; x_wconf 90' lang='lat' dir='ltr'><strong>respondente:</strong></span> <span class='ocrx_word' id='word_1_372' title='bbox 1331 3012 1514 3096; x_wconf 89' lang='lat' dir='ltr'><strong>Secunda,</strong></span> <span class='ocrx_word' id='word_1_373' title='bbox 1546 3029 1587 3085; x_wconf 93' lang='lat' dir='ltr'><strong>ut</strong></span> <span class='ocrx_word' id='word_1_374' title='bbox 1609 3012 1677 3085; x_wconf 94' lang='lat' dir='ltr'><strong>hoc</strong></span> <span class='ocrx_word' id='word_1_375' title='bbox 1697 3016 1812 3108; x_wconf 88' lang='lat' dir='ltr'><strong>ipsum</strong></span> <span class='ocrx_word' id='word_1_376' title='bbox 1838 3020 1975 3089; x_wconf 91' lang='lat' dir='ltr'><strong>donum</strong></span> <span class='ocrx_word' id='word_1_377' title='bbox 2003 3039 2097 3095; x_wconf 86' lang='lat' dir='ltr'><strong>esset</strong></span> <span class='ocrx_word' id='word_1_378' title='bbox 2121 3026 2207 3094; x_wconf 89' lang='lat' dir='ltr'><strong>testi·</strong></span> 
     </span>
     <span class='ocr_line' id='line_1_29' title="bbox 197 3115 2208 3215; baseline 0 -21"><span class='ocrx_word' id='word_1_379' title='bbox 197 3122 389 3215; x_wconf 86' lang='lat' dir='ltr'><strong>Quomodo</strong></span> <span class='ocrx_word' id='word_1_380' title='bbox 414 3119 565 3207; x_wconf 89' lang='lat' dir='ltr'><strong>implens</strong></span> <span class='ocrx_word' id='word_1_381' title='bbox 588 3119 706 3186; x_wconf 88' lang='lat' dir='ltr'><strong>locum</strong></span> <span class='ocrx_word' id='word_1_382' title='bbox 728 3116 876 3201; x_wconf 90' lang='lat' dir='ltr'><strong>idiotae,</strong></span> <span class='ocrx_word' id='word_1_383' title='bbox 920 3118 1011 3188; x_wconf 88' lang='lat' dir='ltr'><strong>dicet</strong></span> <span class='ocrx_word' id='word_1_384' title='bbox 1041 3118 1177 3203; x_wconf 88' lang='lat' dir='ltr'><strong>Amen,</strong></span> <span class='ocrx_word' id='word_1_385' title='bbox 1228 3117 1388 3186; x_wconf 90' lang='lat' dir='ltr'><strong>monium</strong></span> <span class='ocrx_word' id='word_1_386' title='bbox 1409 3115 1562 3206; x_wconf 90' lang='lat' dir='ltr'><strong>Spiritus</strong></span> <span class='ocrx_word' id='word_1_387' title='bbox 1579 3118 1993 3208; x_wconf 88' lang='lat' dir='ltr'><strong>sancti,etpraesentiae</strong></span> <span class='ocrx_word' id='word_1_388' title='bbox 2007 3121 2079 3192; x_wconf 90' lang='lat' dir='ltr'><strong>Dei</strong></span> <span class='ocrx_word' id='word_1_389' title='bbox 2098 3126 2137 3194; x_wconf 91' lang='lat' dir='ltr'><strong>in</strong></span> <span class='ocrx_word' id='word_1_390' title='bbox 2151 3123 2208 3196; x_wconf 86' lang='lat' dir='ltr'><strong>Ec·</strong></span> 
     </span>
     <span class='ocr_line' id='line_1_30' title="bbox 198 3209 1908 3311; baseline -0.004 -14"><span class='ocrx_word' id='word_1_391' title='bbox 198 3229 228 3297; x_wconf 90' lang='lat' dir='ltr'><strong>si</strong></span> <span class='ocrx_word' id='word_1_392' title='bbox 244 3241 277 3297; x_wconf 89' lang='lat' dir='ltr'><strong>tc</strong></span> <span class='ocrx_word' id='word_1_393' title='bbox 291 3248 363 3293; x_wconf 92' lang='lat' dir='ltr'><strong>non</strong></span> <span class='ocrx_word' id='word_1_394' title='bbox 379 3219 576 3308; x_wconf 84' lang='lat' dir='ltr'><strong>intelliget?</strong></span> <span class='ocrx_word' id='word_1_395' title='bbox 597 3214 822 3311; x_wconf 77' lang='grc' dir='ltr'><em>ἀναπληρῶν</em></span> <span class='ocrx_word' id='word_1_396' title='bbox 846 3209 963 3290; x_wconf 77' lang='grc' dir='ltr'><strong><em>τόπον</em></strong></span> <span class='ocrx_word' id='word_1_397' title='bbox 984 3223 1053 3290; x_wconf 83' lang='grc' dir='ltr'><strong>τοῦ</strong></span> <span class='ocrx_word' id='word_1_398' title='bbox 1075 3213 1179 3290; x_wconf 70' lang='lat' dir='ltr'><strong>talad-</strong></span> <span class='ocrx_word' id='word_1_399' title='bbox 1228 3219 1350 3298; x_wconf 89' lang='lat' dir='ltr'><strong>clesia,</strong></span> <span class='ocrx_word' id='word_1_400' title='bbox 1376 3219 1467 3288; x_wconf 90' lang='lat' dir='ltr'><strong>sicut</strong></span> <span class='ocrx_word' id='word_1_401' title='bbox 1488 3218 1557 3287; x_wconf 92' lang='lat' dir='ltr'><strong>alia</strong></span> <span class='ocrx_word' id='word_1_402' title='bbox 1576 3241 1702 3304; x_wconf 87' lang='lat' dir='ltr'><strong>magna</strong></span> <span class='ocrx_word' id='word_1_403' title='bbox 1726 3221 1908 3291; x_wconf 88' lang='lat' dir='ltr'><strong>miracula.</strong></span> 
     </span>
     <span class='ocr_line' id='line_1_31' title="bbox 196 3318 2207 3412; baseline 0 -12"><span class='ocrx_word' id='word_1_404' title='bbox 196 3353 286 3411; x_wconf 86' lang='grc' dir='ltr'>του,</span> <span class='ocrx_word' id='word_1_405' title='bbox 320 3325 452 3393; x_wconf 89' lang='lat' dir='ltr'><strong>dicitnr</strong></span> <span class='ocrx_word' id='word_1_406' title='bbox 476 3323 714 3412; x_wconf 87' lang='lat' dir='ltr'><strong>respondens,</strong></span> <span class='ocrx_word' id='word_1_407' title='bbox 748 3320 848 3411; x_wconf 89' lang='lat' dir='ltr'><strong>quasi</strong></span> <span class='ocrx_word' id='word_1_408' title='bbox 872 3321 1107 3410; x_wconf 90' lang='lat' dir='ltr'><strong>precationem</strong></span> <span class='ocrx_word' id='word_1_409' title='bbox 1134 3321 1178 3389; x_wconf 92' lang='lat' dir='ltr'><strong>ab</strong></span> <span class='ocrx_word' id='word_1_410' title='bbox 1329 3318 1470 3403; x_wconf 91' lang='lat' dir='ltr'><strong>Tertia,</strong></span> <span class='ocrx_word' id='word_1_411' title='bbox 1496 3321 2116 3408; x_wconf 81' lang='lat' dir='ltr'><strong>ntessesignumattestimonium,</strong></span> <span class='ocrx_word' id='word_1_412' title='bbox 2141 3355 2207 3400; x_wconf 89' lang='lat' dir='ltr'><strong>cae-</strong></span> 
     </span>
     <span class='ocr_line' id='line_1_32' title="bbox 197 3420 2208 3513; baseline 0 -13"><span class='ocrx_word' id='word_1_413' title='bbox 197 3431 268 3500; x_wconf 92' lang='lat' dir='ltr'><strong>alio</strong></span> <span class='ocrx_word' id='word_1_414' title='bbox 288 3426 480 3504; x_wconf 90' lang='lat' dir='ltr'><strong>recitatam,</strong></span> <span class='ocrx_word' id='word_1_415' title='bbox 496 3435 614 3513; x_wconf 89' lang='lat' dir='ltr'><strong>postea</strong></span> <span class='ocrx_word' id='word_1_416' title='bbox 632 3422 812 3511; x_wconf 90' lang='lat' dir='ltr'><strong>complens</strong></span> <span class='ocrx_word' id='word_1_417' title='bbox 828 3445 989 3512; x_wconf 82' lang='lat' dir='ltr'><strong>expresso</strong></span> <span class='ocrx_word' id='word_1_418' title='bbox 1005 3444 1178 3491; x_wconf 89' lang='lat' dir='ltr'><strong>consensu</strong></span> <span class='ocrx_word' id='word_1_419' title='bbox 1228 3434 1321 3491; x_wconf 91' lang='lat' dir='ltr'><strong>teras</strong></span> <span class='ocrx_word' id='word_1_420' title='bbox 1342 3436 1462 3510; x_wconf 84' lang='lat' dir='ltr'><strong>gentes</strong></span> <span class='ocrx_word' id='word_1_421' title='bbox 1477 3421 1583 3490; x_wconf 91' lang='lat' dir='ltr'><strong>etiarn</strong></span> <span class='ocrx_word' id='word_1_422' title='bbox 1600 3426 1645 3493; x_wconf 93' lang='lat' dir='ltr'><strong>ad</strong></span> <span class='ocrx_word' id='word_1_423' title='bbox 1661 3420 1843 3513; x_wconf 88' lang='lat' dir='ltr'><strong>Evangelii</strong></span> <span class='ocrx_word' id='word_1_424' title='bbox 1864 3427 2071 3498; x_wconf 84' lang='lat' dir='ltr'><strong>societatem</strong></span> <span class='ocrx_word' id='word_1_425' title='bbox 2090 3456 2208 3503; x_wconf 87' lang='lat' dir='ltr'><strong>vocan-</strong></span> 
     </span>
     <span class='ocr_line' id='line_1_33' title="bbox 195 3519 1398 3624; baseline -0.007 -26"><span class='ocrx_word' id='word_1_426' title='bbox 195 3529 333 3624; x_wconf 90' lang='lat' dir='ltr'><strong>populi.</strong></span> <span class='ocrx_word' id='word_1_427' title='bbox 384 3526 440 3596; x_wconf 82' lang='lat' dir='ltr'><strong>Ad</strong></span> <span class='ocrx_word' id='word_1_428' title='bbox 471 3519 568 3593; x_wconf 93' lang='lat' dir='ltr'><strong>hunc</strong></span> <span class='ocrx_word' id='word_1_429' title='bbox 597 3525 712 3612; x_wconf 90' lang='lat' dir='ltr'><strong>ipsum</strong></span> <span class='ocrx_word' id='word_1_430' title='bbox 745 3546 881 3593; x_wconf 87' lang='lat' dir='ltr'><strong>morem</strong></span> <span class='ocrx_word' id='word_1_431' title='bbox 912 3537 946 3591; x_wconf 92' lang='lat' dir='ltr'><strong>et</strong></span> <span class='ocrx_word' id='word_1_432' title='bbox 977 3524 1086 3593; x_wconf 90' lang='lat' dir='ltr'><strong>multa</strong></span> <span class='ocrx_word' id='word_1_433' title='bbox 1109 3523 1179 3592; x_wconf 89' lang='lat' dir='ltr'><strong>alia</strong></span> <span class='ocrx_word' id='word_1_434' title='bbox 1227 3524 1289 3591; x_wconf 89' lang='lat' dir='ltr'><strong>das</strong></span> <span class='ocrx_word' id='word_1_435' title='bbox 1315 3546 1398 3590; x_wconf 87' lang='lat' dir='ltr'><strong>esse.</strong></span> 
     </span>
     <span class='ocr_line' id='line_1_34' title="bbox 196 3621 2207 3716; baseline -0 -14"><span class='ocrx_word' id='word_1_436' title='bbox 196 3634 288 3702; x_wconf 88' lang='lat' dir='ltr'><strong>dicta</strong></span> <span class='ocrx_word' id='word_1_437' title='bbox 314 3639 533 3716; x_wconf 90' lang='lat' dir='ltr'><strong>congruunt,</strong></span> <span class='ocrx_word' id='word_1_438' title='bbox 567 3639 607 3694; x_wconf 91' lang='lat' dir='ltr'><strong>ut</strong></span> <span class='ocrx_word' id='word_1_439' title='bbox 632 3623 771 3693; x_wconf 81' lang='lat' dir='ltr'><strong>Psalmo</strong></span> <span class='ocrx_word' id='word_1_440' title='bbox 791 3622 872 3696; x_wconf 81' lang='lat'><strong>117.</strong></span> <span class='ocrx_word' id='word_1_441' title='bbox 895 3626 993 3715; x_wconf 91' lang='lat' dir='ltr'><strong>prius</strong></span> <span class='ocrx_word' id='word_1_442' title='bbox 1015 3625 1178 3695; x_wconf 91' lang='lat' dir='ltr'><strong>nominat</strong></span> <span class='ocrx_word' id='word_1_443' title='bbox 1327 3624 1423 3695; x_wconf 91' lang='lat' dir='ltr'><strong>Haec</strong></span> <span class='ocrx_word' id='word_1_444' title='bbox 1439 3623 1610 3713; x_wconf 86' lang='lat' dir='ltr'><strong>significat</strong></span> <span class='ocrx_word' id='word_1_445' title='bbox 1627 3621 1749 3694; x_wconf 89' lang='lat' dir='ltr'><strong>Esaias</strong></span> <span class='ocrx_word' id='word_1_446' title='bbox 1767 3625 1878 3716; x_wconf 89' lang='lat' dir='ltr'><strong>capite</strong></span> <span class='ocrx_word' id='word_1_447' title='bbox 1895 3627 1977 3713; x_wconf 68' lang='lat'><strong>28„</strong></span> <span class='ocrx_word' id='word_1_448' title='bbox 2012 3636 2113 3704; x_wconf 89' lang='lat' dir='ltr'><strong>unde</strong></span> <span class='ocrx_word' id='word_1_449' title='bbox 2135 3632 2207 3707; x_wconf 78' lang='lat' dir='ltr'><strong>haee</strong></span> 
     </span>
     <span class='ocr_line' id='line_1_35' title="bbox 198 3721 2206 3815; baseline 0.002 -11"><span class='ocrx_word' id='word_1_450' title='bbox 198 3737 344 3804; x_wconf 90' lang='lat' dir='ltr'><strong>domum</strong></span> <span class='ocrx_word' id='word_1_451' title='bbox 372 3728 514 3807; x_wconf 85' lang='lat' dir='ltr'><strong>Aaron,</strong></span> <span class='ocrx_word' id='word_1_452' title='bbox 559 3741 593 3797; x_wconf 90' lang='lat' dir='ltr'><strong>et</strong></span> <span class='ocrx_word' id='word_1_453' title='bbox 619 3722 709 3794; x_wconf 90' lang='lat' dir='ltr'><strong>hanc</strong></span> <span class='ocrx_word' id='word_1_454' title='bbox 735 3727 833 3794; x_wconf 91' lang='lat' dir='ltr'><strong>iubet</strong></span> <span class='ocrx_word' id='word_1_455' title='bbox 861 3726 990 3814; x_wconf 89' lang='lat' dir='ltr'><strong>gratias</strong></span> <span class='ocrx_word' id='word_1_456' title='bbox 1013 3749 1118 3815; x_wconf 87' lang='lat' dir='ltr'><strong>agere</strong></span> <span class='ocrx_word' id='word_1_457' title='bbox 1144 3740 1178 3797; x_wconf 88' lang='lat' dir='ltr'><strong>et</strong></span> <span class='ocrx_word' id='word_1_458' title='bbox 1228 3726 1334 3794; x_wconf 88' lang='lat' dir='ltr'><strong>verba</strong></span> <span class='ocrx_word' id='word_1_459' title='bbox 1374 3727 1541 3797; x_wconf 86' lang='lat' dir='ltr'><strong>citantur.</strong></span> <span class='ocrx_word' id='word_1_460' title='bbox 1592 3721 1670 3795; x_wconf 85' lang='lat' dir='ltr'><strong>Etsi</strong></span> <span class='ocrx_word' id='word_1_461' title='bbox 1708 3741 1825 3796; x_wconf 91' lang='lat' dir='ltr'><strong>antem</strong></span> <span class='ocrx_word' id='word_1_462' title='bbox 1865 3735 2069 3804; x_wconf 89' lang='lat' dir='ltr'><strong>sententiae</strong></span> <span class='ocrx_word' id='word_1_463' title='bbox 2103 3741 2206 3809; x_wconf 83' lang='lat' dir='ltr'><strong>variae</strong></span> 
     </span>
     <span class='ocr_line' id='line_1_36' title="bbox 197 3823 2209 3919; baseline 0.003 -13"><span class='ocrx_word' id='word_1_464' title='bbox 197 3837 373 3907; x_wconf 89' lang='lat' dir='ltr'><strong>celebrare</strong></span> <span class='ocrx_word' id='word_1_465' title='bbox 399 3828 532 3900; x_wconf 87' lang='lat' dir='ltr'><strong>Deum:</strong></span> <span class='ocrx_word' id='word_1_466' title='bbox 561 3829 654 3898; x_wconf 91' lang='lat' dir='ltr'><strong>dicat</strong></span> <span class='ocrx_word' id='word_1_467' title='bbox 678 3852 774 3896; x_wconf 90' lang='lat' dir='ltr'><strong>nunc</strong></span> <span class='ocrx_word' id='word_1_468' title='bbox 802 3829 927 3898; x_wconf 90' lang='lat' dir='ltr'><strong>domus</strong></span> <span class='ocrx_word' id='word_1_469' title='bbox 952 3823 1090 3913; x_wconf 86' lang='lat' dir='ltr'><strong>Aaron,</strong></span> <span class='ocrx_word' id='word_1_470' title='bbox 1113 3830 1179 3899; x_wconf 91' lang='lat' dir='ltr'><strong>bo-</strong></span> <span class='ocrx_word' id='word_1_471' title='bbox 1227 3843 1449 3919; x_wconf 86' lang='lat' dir='ltr'><strong>quaeruntur</strong></span> <span class='ocrx_word' id='word_1_472' title='bbox 1471 3828 1563 3917; x_wconf 91' lang='lat' dir='ltr'><strong>apud</strong></span> <span class='ocrx_word' id='word_1_473' title='bbox 1588 3825 1751 3911; x_wconf 89' lang='lat' dir='ltr'><strong>Esaiam,</strong></span> <span class='ocrx_word' id='word_1_474' title='bbox 1789 3841 1908 3898; x_wconf 89' lang='lat' dir='ltr'><strong>tamen</strong></span> <span class='ocrx_word' id='word_1_475' title='bbox 1929 3825 2028 3903; x_wconf 90' lang='lat' dir='ltr'><strong>haud</strong></span> <span class='ocrx_word' id='word_1_476' title='bbox 2053 3841 2209 3913; x_wconf 88' lang='lat' dir='ltr'><strong>dubieet</strong></span> 
     </span>
     <span class='ocr_line' id='line_1_37' title="bbox 197 3924 2210 4027; baseline 0.003 -20"><span class='ocrx_word' id='word_1_477' title='bbox 197 3960 266 4007; x_wconf 92' lang='lat' dir='ltr'><strong>nus</strong></span> <span class='ocrx_word' id='word_1_478' title='bbox 282 3931 531 4009; x_wconf 89' lang='lat' dir='ltr'><strong>estDominus,</strong></span> <span class='ocrx_word' id='word_1_479' title='bbox 553 3931 640 4000; x_wconf 90' lang='lat' dir='ltr'><strong>etin</strong></span> <span class='ocrx_word' id='word_1_480' title='bbox 660 3930 815 3996; x_wconf 91' lang='lat' dir='ltr'><strong>seculum</strong></span> <span class='ocrx_word' id='word_1_481' title='bbox 833 3929 1072 3998; x_wconf 88' lang='lat' dir='ltr'><strong>misericordia</strong></span> <span class='ocrx_word' id='word_1_482' title='bbox 1092 3932 1179 4004; x_wconf 88' lang='lat' dir='ltr'><strong>eins.</strong></span> <span class='ocrx_word' id='word_1_483' title='bbox 1227 3924 1319 3997; x_wconf 91' lang='lat' dir='ltr'><strong>hanc</strong></span> <span class='ocrx_word' id='word_1_484' title='bbox 1342 3929 1587 4020; x_wconf 88' lang='lat' dir='ltr'><strong>complectitur</strong></span> <span class='ocrx_word' id='word_1_485' title='bbox 1610 3952 1716 4019; x_wconf 90' lang='lat' dir='ltr'><strong>quam</strong></span> <span class='ocrx_word' id='word_1_486' title='bbox 1738 3930 1860 4001; x_wconf 88' lang='lat' dir='ltr'><strong>recitat</strong></span> <span class='ocrx_word' id='word_1_487' title='bbox 1874 3929 2028 4021; x_wconf 90' lang='lat' dir='ltr'><strong>Paulus,</strong></span> <span class='ocrx_word' id='word_1_488' title='bbox 2058 3940 2153 4027; x_wconf 89' lang='lat' dir='ltr'><strong>sore,</strong></span> <span class='ocrx_word' id='word_1_489' title='bbox 2177 3960 2210 4015; x_wconf 93' lang='lat' dir='ltr'><strong>ut</strong></span> 
     </span>
     <span class='ocr_line' id='line_1_38' title="bbox 197 4026 2206 4124; baseline 0.004 -18"><span class='ocrx_word' id='word_1_490' title='bbox 197 4038 253 4111; x_wconf 90' lang='lat' dir='ltr'><strong>Sit</strong></span> <span class='ocrx_word' id='word_1_491' title='bbox 287 4036 448 4105; x_wconf 89' lang='lat' dir='ltr'><strong>sacerdos</strong></span> <span class='ocrx_word' id='word_1_492' title='bbox 483 4029 633 4124; x_wconf 77' lang='grc' dir='ltr'><em>ἔξαρχος</em></span> <span class='ocrx_word' id='word_1_493' title='bbox 666 4030 827 4121; x_wconf 91' lang='lat' dir='ltr'><strong>publicae</strong></span> <span class='ocrx_word' id='word_1_494' title='bbox 867 4031 1102 4119; x_wconf 88' lang='lat' dir='ltr'><strong>precationis,</strong></span> <span class='ocrx_word' id='word_1_495' title='bbox 1144 4044 1180 4101; x_wconf 89' lang='lat' dir='ltr'><strong>et</strong></span> <span class='ocrx_word' id='word_1_496' title='bbox 1225 4026 1462 4119; x_wconf 89' lang='lat' dir='ltr'><strong>Evangelium</strong></span> <span class='ocrx_word' id='word_1_497' title='bbox 1488 4043 1672 4120; x_wconf 88' lang='lat' dir='ltr'><strong>spargatur</strong></span> <span class='ocrx_word' id='word_1_498' title='bbox 1694 4030 1731 4098; x_wconf 91' lang='lat' dir='ltr'><strong>in</strong></span> <span class='ocrx_word' id='word_1_499' title='bbox 1756 4033 1884 4101; x_wconf 88' lang='lat' dir='ltr'><strong>multas</strong></span> <span class='ocrx_word' id='word_1_500' title='bbox 1914 4052 2039 4120; x_wconf 88' lang='lat' dir='ltr'><strong>gentes</strong></span> <span class='ocrx_word' id='word_1_501' title='bbox 2068 4045 2206 4115; x_wconf 89' lang='lat' dir='ltr'><strong>diversis</strong></span> 
     </span>
     <span class='ocr_line' id='line_1_39' title="bbox 197 4130 2208 4234; baseline 0.002 -31"><span class='ocrx_word' id='word_1_502' title='bbox 197 4139 298 4234; x_wconf 84' lang='lat' dir='ltr'><strong>quasi</strong></span> <span class='ocrx_word' id='word_1_503' title='bbox 314 4149 453 4227; x_wconf 89' lang='lat' dir='ltr'><strong>praeeat</strong></span> <span class='ocrx_word' id='word_1_504' title='bbox 468 4134 599 4224; x_wconf 90' lang='lat' dir='ltr'><strong>populo</strong></span> <span class='ocrx_word' id='word_1_505' title='bbox 619 4155 680 4202; x_wconf 87' lang='lat' dir='ltr'><strong>sua</strong></span> <span class='ocrx_word' id='word_1_506' title='bbox 698 4155 794 4203; x_wconf 88' lang='lat' dir='ltr'><strong>voce.</strong></span> <span class='ocrx_word' id='word_1_507' title='bbox 846 4130 970 4202; x_wconf 88' lang='lat' dir='ltr'><strong>Postea</strong></span> <span class='ocrx_word' id='word_1_508' title='bbox 989 4133 1097 4221; x_wconf 86' lang='lat' dir='ltr'><strong>igitur</strong></span> <span class='ocrx_word' id='word_1_509' title='bbox 1116 4135 1178 4201; x_wconf 92' lang='lat' dir='ltr'><strong>ad·</strong></span> <span class='ocrx_word' id='word_1_510' title='bbox 1228 4132 1377 4220; x_wconf 91' lang='lat' dir='ltr'><strong>linguis,</strong></span> <span class='ocrx_word' id='word_1_511' title='bbox 1415 4132 1510 4223; x_wconf 90' lang='lat' dir='ltr'><strong>quod</strong></span> <span class='ocrx_word' id='word_1_512' title='bbox 1535 4132 1796 4221; x_wconf 90' lang='lat' dir='ltr'><strong>displiciturum</strong></span> <span class='ocrx_word' id='word_1_513' title='bbox 1821 4135 1866 4203; x_wconf 87' lang='lat' dir='ltr'><strong>sit</strong></span> <span class='ocrx_word' id='word_1_514' title='bbox 1895 4131 1982 4207; x_wconf 89' lang='lat' dir='ltr'><strong>huic</strong></span> <span class='ocrx_word' id='word_1_515' title='bbox 2006 4148 2161 4233; x_wconf 74' lang='lat' dir='ltr'><strong>populo,</strong></span> <span class='ocrx_word' id='word_1_516' title='bbox 2181 4164 2208 4219; x_wconf 73' lang='lat' dir='ltr'><strong>et</strong></span> 
     </span>
     <span class='ocr_line' id='line_1_40' title="bbox 197 4231 2208 4325; baseline 0.004 -14"><span class='ocrx_word' id='word_1_517' title='bbox 197 4244 312 4311; x_wconf 87' lang='lat' dir='ltr'><strong>ditum</strong></span> <span class='ocrx_word' id='word_1_518' title='bbox 337 4250 403 4306; x_wconf 88' lang='lat' dir='ltr'><strong>est:</strong></span> <span class='ocrx_word' id='word_1_519' title='bbox 445 4233 576 4304; x_wconf 90' lang='lat' dir='ltr'><strong>Dicant</strong></span> <span class='ocrx_word' id='word_1_520' title='bbox 598 4257 694 4303; x_wconf 92' lang='lat' dir='ltr'><strong>nnnc</strong></span> <span class='ocrx_word' id='word_1_521' title='bbox 724 4235 931 4325; x_wconf 90' lang='lat' dir='ltr'><strong>omnesqui</strong></span> <span class='ocrx_word' id='word_1_522' title='bbox 956 4231 1179 4305; x_wconf 90' lang='lat' dir='ltr'><strong>timentDo-</strong></span> <span class='ocrx_word' id='word_1_523' title='bbox 1228 4235 1397 4325; x_wconf 89' lang='lat' dir='ltr'><strong>populum</strong></span> <span class='ocrx_word' id='word_1_524' title='bbox 1435 4247 1520 4303; x_wconf 93' lang='lat' dir='ltr'><strong>tunc</strong></span> <span class='ocrx_word' id='word_1_525' title='bbox 1550 4256 1681 4322; x_wconf 88' lang='lat' dir='ltr'><strong>poenas</strong></span> <span class='ocrx_word' id='word_1_526' title='bbox 1714 4235 1879 4303; x_wconf 88' lang='lat' dir='ltr'><strong>daturum</strong></span> <span class='ocrx_word' id='word_1_527' title='bbox 1907 4261 1984 4308; x_wconf 89' lang='lat' dir='ltr'><strong>esse</strong></span> <span class='ocrx_word' id='word_1_528' title='bbox 2018 4262 2208 4320; x_wconf 89' lang='lat' dir='ltr'><strong>contemtae</strong></span> 
     </span>
     <span class='ocr_line' id='line_1_41' title="bbox 196 4333 2207 4423; baseline 0.005 -11"><span class='ocrx_word' id='word_1_529' title='bbox 196 4343 354 4423; x_wconf 89' lang='lat' dir='ltr'><strong>minum,</strong></span> <span class='ocrx_word' id='word_1_530' title='bbox 379 4333 775 4419; x_wconf 88' lang='lat' dir='ltr'><strong>bonusestDorninus,</strong></span> <span class='ocrx_word' id='word_1_531' title='bbox 808 4348 842 4405; x_wconf 88' lang='lat' dir='ltr'><strong>ct</strong></span> <span class='ocrx_word' id='word_1_532' title='bbox 868 4336 906 4402; x_wconf 94' lang='lat' dir='ltr'><strong>in</strong></span> <span class='ocrx_word' id='word_1_533' title='bbox 929 4336 1084 4405; x_wconf 91' lang='lat' dir='ltr'><strong>seculum</strong></span> <span class='ocrx_word' id='word_1_534' title='bbox 1110 4339 1179 4405; x_wconf 88' lang='lat' dir='ltr'><strong>mi·</strong></span> <span class='ocrx_word' id='word_1_535' title='bbox 1228 4335 1324 4405; x_wconf 90' lang='lat' dir='ltr'><strong>vocis</strong></span> <span class='ocrx_word' id='word_1_536' title='bbox 1340 4335 1492 4404; x_wconf 89' lang='lat' dir='ltr'><strong>divinae.</strong></span> <span class='ocrx_word' id='word_1_537' title='bbox 1541 4334 1661 4406; x_wconf 88' lang='lat' dir='ltr'><strong>Esaias</strong></span> <span class='ocrx_word' id='word_1_538' title='bbox 1679 4335 1782 4423; x_wconf 90' lang='lat' dir='ltr'><strong>longa</strong></span> <span class='ocrx_word' id='word_1_539' title='bbox 1800 4340 2006 4411; x_wconf 88' lang='lat' dir='ltr'><strong>narratione</strong></span> <span class='ocrx_word' id='word_1_540' title='bbox 2024 4359 2123 4419; x_wconf 83' lang='lat' dir='ltr'><strong>taxat</strong></span> <span class='ocrx_word' id='word_1_541' title='bbox 2139 4378 2207 4422; x_wconf 86' lang='lat' dir='ltr'><strong>coe-</strong></span> 
     </span>
     <span class='ocr_line' id='line_1_42' title="bbox 192 4433 2206 4531; baseline 0.014 -35"><span class='ocrx_word' id='word_1_542' title='bbox 192 4441 383 4516; x_wconf 62' lang='lat' dir='ltr'><strong>sericordia</strong></span> <span class='ocrx_word' id='word_1_543' title='bbox 413 4440 498 4508; x_wconf 71' lang='lat' dir='ltr'><strong>eius.</strong></span> <span class='ocrx_word' id='word_1_544' title='bbox 1228 4437 1365 4505; x_wconf 88' lang='lat' dir='ltr'><strong>citatem</strong></span> <span class='ocrx_word' id='word_1_545' title='bbox 1390 4433 1568 4505; x_wconf 86' lang='lat' dir='ltr'><strong>Ecclesiae</strong></span> <span class='ocrx_word' id='word_1_546' title='bbox 1593 4437 1781 4505; x_wconf 79' lang='lat' dir='ltr'><strong>fascinatas</strong></span> <span class='ocrx_word' id='word_1_547' title='bbox 1803 4439 1900 4508; x_wconf 86' lang='lat' dir='ltr'><strong>lalsis</strong></span> <span class='ocrx_word' id='word_1_548' title='bbox 1923 4444 2162 4531; x_wconf 89' lang='lat' dir='ltr'><strong>opinionibus</strong></span> <span class='ocrx_word' id='word_1_549' title='bbox 2180 4469 2206 4523; x_wconf 88' lang='lat' dir='ltr'><strong>et</strong></span> 
     </span>
    </p>

    <p class='ocr_par' dir='ltr' id='par_1_5' title="bbox 1226 4531 2207 4633">
     <span class='ocr_line' id='line_1_43' title="bbox 1226 4531 2207 4633; baseline 0.021 -28"><span class='ocrx_word' id='word_1_550' title='bbox 1226 4537 1489 4608; x_wconf 89' lang='lat' dir='ltr'><strong>traditionibus.</strong></span> <span class='ocrx_word' id='word_1_551' title='bbox 1542 4531 1681 4606; x_wconf 89' lang='lat' dir='ltr'><strong>Omnes</strong></span> <span class='ocrx_word' id='word_1_552' title='bbox 1705 4561 1844 4607; x_wconf 88' lang='lat' dir='ltr'><strong>mensae</strong></span> <span class='ocrx_word' id='word_1_553' title='bbox 1863 4544 2022 4633; x_wconf 90' lang='lat' dir='ltr'><strong>repletae</strong></span> <span class='ocrx_word' id='word_1_554' title='bbox 2042 4569 2133 4626; x_wconf 86' lang='lat' dir='ltr'><strong>sunt</strong></span> <span class='ocrx_word' id='word_1_555' title='bbox 2154 4583 2207 4626; x_wconf 85' lang='lat' dir='ltr'><strong>vo·</strong></span> 
     </span>
    </p>

    <p class='ocr_par' dir='ltr' id='par_1_6' title="bbox 296 4633 2208 4952">
     <span class='ocr_line' id='line_1_44' title="bbox 1228 4633 2208 4732; baseline 0.01 -26"><span class='ocrx_word' id='word_1_556' title='bbox 1228 4639 1336 4719; x_wconf 89' lang='lat' dir='ltr'><strong>mitu,</strong></span> <span class='ocrx_word' id='word_1_557' title='bbox 1357 4633 1481 4721; x_wconf 88' lang='lat' dir='ltr'><strong>idest,</strong></span> <span class='ocrx_word' id='word_1_558' title='bbox 1507 4641 1578 4708; x_wconf 86' lang='lat' dir='ltr'><strong>lere</strong></span> <span class='ocrx_word' id='word_1_559' title='bbox 1604 4640 1739 4732; x_wconf 88' lang='lat' dir='ltr'><strong>ubique</strong></span> <span class='ocrx_word' id='word_1_560' title='bbox 1757 4642 1853 4711; x_wconf 85' lang='lat' dir='ltr'><strong>ebria</strong></span> <span class='ocrx_word' id='word_1_561' title='bbox 1874 4658 1910 4713; x_wconf 87' lang='lat' dir='ltr'><strong>et</strong></span> <span class='ocrx_word' id='word_1_562' title='bbox 1932 4646 2051 4720; x_wconf 91' lang='lat' dir='ltr'><strong>delira</strong></span> <span class='ocrx_word' id='word_1_563' title='bbox 2076 4671 2128 4726; x_wconf 88' lang='lat' dir='ltr'><strong>est</strong></span> <span class='ocrx_word' id='word_1_564' title='bbox 2146 4655 2208 4729; x_wconf 82' lang='lat' dir='ltr'><strong>Ec.</strong></span> 
     </span>
     <span class='ocr_line' id='line_1_45' title="bbox 1226 4739 2206 4832; baseline 0.009 -24"><span class='ocrx_word' id='word_1_565' title='bbox 1226 4739 1329 4808; x_wconf 88' lang='lat' dir='ltr'><strong>clesia</strong></span> <span class='ocrx_word' id='word_1_566' title='bbox 1356 4740 1492 4828; x_wconf 88' lang='lat' dir='ltr'><strong>magnis</strong></span> <span class='ocrx_word' id='word_1_567' title='bbox 1515 4741 1713 4825; x_wconf 90' lang='lat' dir='ltr'><strong>erroribus,</strong></span> <span class='ocrx_word' id='word_1_568' title='bbox 1747 4755 1781 4811; x_wconf 88' lang='lat' dir='ltr'><strong>et</strong></span> <span class='ocrx_word' id='word_1_569' title='bbox 1803 4758 1881 4832; x_wconf 91' lang='lat' dir='ltr'><strong>post</strong></span> <span class='ocrx_word' id='word_1_570' title='bbox 1903 4749 2065 4820; x_wconf 87' lang='lat' dir='ltr'><strong>reditum</strong></span> <span class='ocrx_word' id='word_1_571' title='bbox 2091 4783 2132 4828; x_wconf 83' lang='lat' dir='ltr'><strong>er</strong></span> <span class='ocrx_word' id='word_1_572' title='bbox 2146 4758 2206 4832; x_wconf 88' lang='lat' dir='ltr'><strong>Ba.</strong></span> 
     </span>
     <span class='ocr_line' id='line_1_46' title="bbox 296 4837 2206 4952; baseline 0.004 -35"><span class='ocrx_word' id='word_1_573' title='bbox 296 4847 425 4917; x_wconf 90' lang='lat' dir='ltr'><strong>Inserit</strong></span> <span class='ocrx_word' id='word_1_574' title='bbox 449 4842 646 4931; x_wconf 87' lang='lat' dir='ltr'><strong>generalem</strong></span> <span class='ocrx_word' id='word_1_575' title='bbox 673 4843 974 4925; x_wconf 90' lang='lat' dir='ltr'><strong>admonitionem,</strong></span> <span class='ocrx_word' id='word_1_576' title='bbox 1014 4853 1053 4910; x_wconf 92' lang='lat' dir='ltr'><strong>ut</strong></span> <span class='ocrx_word' id='word_1_577' title='bbox 1084 4854 1177 4911; x_wconf 88' lang='lat' dir='ltr'><strong>recte</strong></span> <span class='ocrx_word' id='word_1_578' title='bbox 1226 4841 1356 4934; x_wconf 90' lang='lat' dir='ltr'><strong>bylone</strong></span> <span class='ocrx_word' id='word_1_579' title='bbox 1372 4837 1551 4912; x_wconf 88' lang='lat' dir='ltr'><strong>Pharisaei</strong></span> <span class='ocrx_word' id='word_1_580' title='bbox 1569 4856 1603 4912; x_wconf 90' lang='lat' dir='ltr'><strong>ct</strong></span> <span class='ocrx_word' id='word_1_581' title='bbox 1619 4841 1791 4915; x_wconf 89' lang='lat' dir='ltr'><strong>Saducaei</strong></span> <span class='ocrx_word' id='word_1_582' title='bbox 1807 4847 1920 4915; x_wconf 81' lang='lat' dir='ltr'><strong>exorti</strong></span> <span class='ocrx_word' id='word_1_583' title='bbox 1935 4867 2042 4942; x_wconf 89' lang='lat' dir='ltr'><strong>sunt,</strong></span> <span class='ocrx_word' id='word_1_584' title='bbox 2064 4885 2206 4952; x_wconf 77' lang='lat' dir='ltr'><strong>quorum</strong></span> 
     </span>
    </p>

    <p class='ocr_par' dir='ltr' id='par_1_7' title="bbox 191 4940 2206 5135">
     <span class='ocr_line' id='line_1_47' title="bbox 191 4940 2206 5050; baseline 0.002 -29"><span class='ocrx_word' id='word_1_585' title='bbox 191 4953 350 5021; x_wconf 88' lang='lat' dir='ltr'><strong>iudicent</strong></span> <span class='ocrx_word' id='word_1_586' title='bbox 374 4951 417 5014; x_wconf 86' lang='lat' dir='ltr'><strong>dc</strong></span> <span class='ocrx_word' id='word_1_587' title='bbox 440 4968 507 5012; x_wconf 90' lang='lat' dir='ltr'><strong>usu</strong></span> <span class='ocrx_word' id='word_1_588' title='bbox 531 4945 720 5015; x_wconf 87' lang='lat' dir='ltr'><strong>donorum.</strong></span> <span class='ocrx_word' id='word_1_589' title='bbox 784 4944 865 5013; x_wconf 91' lang='lat' dir='ltr'><strong>Non</strong></span> <span class='ocrx_word' id='word_1_590' title='bbox 892 4944 1010 5011; x_wconf 89' lang='lat' dir='ltr'><strong>inanis</strong></span> <span class='ocrx_word' id='word_1_591' title='bbox 1039 4956 1175 5031; x_wconf 87' lang='lat' dir='ltr'><strong>specta·</strong></span> <span class='ocrx_word' id='word_1_592' title='bbox 1225 4941 1363 5012; x_wconf 82' lang='lat' dir='ltr'><strong>furores</strong></span> <span class='ocrx_word' id='word_1_593' title='bbox 1384 4943 1490 5012; x_wconf 90' lang='lat' dir='ltr'><strong>etiam</strong></span> <span class='ocrx_word' id='word_1_594' title='bbox 1514 4958 1652 5014; x_wconf 89' lang='lat' dir='ltr'><strong>accusat</strong></span> <span class='ocrx_word' id='word_1_595' title='bbox 1671 4940 1803 5018; x_wconf 86' lang='lat' dir='ltr'><strong>Esaias.</strong></span> <span class='ocrx_word' id='word_1_596' title='bbox 1856 4944 1907 5016; x_wconf 91' lang='lat' dir='ltr'><strong>lta</strong></span> <span class='ocrx_word' id='word_1_597' title='bbox 1925 4968 2008 5038; x_wconf 89' lang='lat' dir='ltr'><strong>post</strong></span> <span class='ocrx_word' id='word_1_598' title='bbox 2023 4957 2206 5050; x_wconf 77' lang='lat' dir='ltr'><strong>Apostolos</strong></span> 
     </span>
     <span class='ocr_line' id='line_1_48' title="bbox 192 5036 2205 5135; baseline 0.006 -11"><span class='ocrx_word' id='word_1_599' title='bbox 192 5055 265 5124; x_wconf 88' lang='lat' dir='ltr'><strong>culi</strong></span> <span class='ocrx_word' id='word_1_600' title='bbox 289 5072 390 5119; x_wconf 87' lang='lat' dir='ltr'><strong>cansa</strong></span> <span class='ocrx_word' id='word_1_601' title='bbox 416 5048 508 5114; x_wconf 93' lang='lat' dir='ltr'><strong>dona</strong></span> <span class='ocrx_word' id='word_1_602' title='bbox 532 5036 685 5111; x_wconf 78' lang='lat' dir='ltr'><strong>exhibita</strong></span> <span class='ocrx_word' id='word_1_603' title='bbox 703 5057 805 5130; x_wconf 88' lang='lat' dir='ltr'><strong>sunt,</strong></span> <span class='ocrx_word' id='word_1_604' title='bbox 830 5047 920 5114; x_wconf 89' lang='lat' dir='ltr'><strong>sicut</strong></span> <span class='ocrx_word' id='word_1_605' title='bbox 939 5045 1105 5113; x_wconf 86' lang='lat' dir='ltr'><strong>videntur</strong></span> <span class='ocrx_word' id='word_1_606' title='bbox 1121 5045 1175 5113; x_wconf 93' lang='lat' dir='ltr'><strong>illi</strong></span> <span class='ocrx_word' id='word_1_607' title='bbox 1225 5043 1264 5110; x_wconf 93' lang='lat' dir='ltr'><strong>in</strong></span> <span class='ocrx_word' id='word_1_608' title='bbox 1281 5039 1437 5113; x_wconf 89' lang='lat' dir='ltr'><strong>Ecclesia</strong></span> <span class='ocrx_word' id='word_1_609' title='bbox 1456 5057 1632 5132; x_wconf 91' lang='lat' dir='ltr'><strong>grassatae</strong></span> <span class='ocrx_word' id='word_1_610' title='bbox 1648 5060 1731 5116; x_wconf 92' lang='lat' dir='ltr'><strong>sunt</strong></span> <span class='ocrx_word' id='word_1_611' title='bbox 1753 5040 1934 5135; x_wconf 89' lang='lat' dir='ltr'><strong>haereses,</strong></span> <span class='ocrx_word' id='word_1_612' title='bbox 1961 5056 2098 5130; x_wconf 90' lang='lat' dir='ltr'><strong>deiude</strong></span> <span class='ocrx_word' id='word_1_613' title='bbox 2119 5063 2205 5135; x_wconf 89' lang='lat' dir='ltr'><strong>Pon·</strong></span> 
     </span>
    </p>

    <p class='ocr_par' dir='ltr' id='par_1_8' title="bbox 99 5140 2204 5359">
     <span class='ocr_line' id='line_1_49' title="bbox 99 5140 2204 5244; baseline 0.005 -29"><span class='ocrx_word' id='word_1_614' title='bbox 99 5207 103 5215; x_wconf 81' lang='grc'>.</span> <span class='ocrx_word' id='word_1_615' title='bbox 192 5155 363 5244; x_wconf 82' lang='lat' dir='ltr'><strong>cogitare,</strong></span> <span class='ocrx_word' id='word_1_616' title='bbox 390 5148 451 5239; x_wconf 88' lang='lat' dir='ltr'><strong>qni</strong></span> <span class='ocrx_word' id='word_1_617' title='bbox 472 5158 609 5215; x_wconf 85' lang='lat' dir='ltr'><strong>tantum</strong></span> <span class='ocrx_word' id='word_1_618' title='bbox 626 5158 804 5215; x_wconf 92' lang='lat' dir='ltr'><strong>ostentant</strong></span> <span class='ocrx_word' id='word_1_619' title='bbox 819 5146 953 5214; x_wconf 90' lang='lat' dir='ltr'><strong>donum</strong></span> <span class='ocrx_word' id='word_1_620' title='bbox 970 5146 1174 5234; x_wconf 88' lang='lat' dir='ltr'><strong>linguarum</strong></span> <span class='ocrx_word' id='word_1_621' title='bbox 1224 5145 1376 5228; x_wconf 81' lang='lat' dir='ltr'><strong>tibrum,</strong></span> <span class='ocrx_word' id='word_1_622' title='bbox 1403 5140 1685 5231; x_wconf 90' lang='lat' dir='ltr'><strong>Monachorum,</strong></span> <span class='ocrx_word' id='word_1_623' title='bbox 1719 5161 1752 5217; x_wconf 90' lang='lat' dir='ltr'><strong>et</strong></span> <span class='ocrx_word' id='word_1_624' title='bbox 1774 5143 2027 5239; x_wconf 77' lang='lat' dir='ltr'><strong>sophistarum</strong></span> <span class='ocrx_word' id='word_1_625' title='bbox 2051 5167 2204 5236; x_wconf 69' lang='lat' dir='ltr'><strong>traditio.</strong></span> 
     </span>
     <span class='ocr_line' id='line_1_50' title="bbox 190 5244 2203 5359; baseline 0.001 -34"><span class='ocrx_word' id='word_1_626' title='bbox 190 5254 372 5324; x_wconf 89' lang='lat' dir='ltr'><strong>recitando</strong></span> <span class='ocrx_word' id='word_1_627' title='bbox 398 5245 572 5341; x_wconf 89' lang='lat' dir='ltr'><strong>hymnum</strong></span> <span class='ocrx_word' id='word_1_628' title='bbox 594 5247 938 5336; x_wconf 85' lang='lat' dir='ltr'><strong>peregrinalingua,</strong></span> <span class='ocrx_word' id='word_1_629' title='bbox 965 5271 1070 5338; x_wconf 90' lang='lat' dir='ltr'><strong>quem</strong></span> <span class='ocrx_word' id='word_1_630' title='bbox 1094 5270 1174 5328; x_wconf 89' lang='lat' dir='ltr'><strong>coe·</strong></span> <span class='ocrx_word' id='word_1_631' title='bbox 1223 5269 1308 5330; x_wconf 90' lang='lat' dir='ltr'><strong>nes,</strong></span> <span class='ocrx_word' id='word_1_632' title='bbox 1343 5248 1387 5314; x_wconf 91' lang='lat' dir='ltr'><strong>de</strong></span> <span class='ocrx_word' id='word_1_633' title='bbox 1411 5246 1580 5318; x_wconf 86' lang='lat' dir='ltr'><strong>sacrificio</strong></span> <span class='ocrx_word' id='word_1_634' title='bbox 1604 5244 1753 5334; x_wconf 87' lang='lat' dir='ltr'><strong>Missae,</strong></span> <span class='ocrx_word' id='word_1_635' title='bbox 1788 5251 1834 5320; x_wconf 88' lang='lat' dir='ltr'><strong>de</strong></span> <span class='ocrx_word' id='word_1_636' title='bbox 1858 5254 2074 5332; x_wconf 86' lang='lat' dir='ltr'><strong>adoratione</strong></span> <span class='ocrx_word' id='word_1_637' title='bbox 2097 5272 2203 5359; x_wconf 64' lang='lat' dir='ltr'><strong>panis,</strong></span> 
     </span>
    </p>

    <p class='ocr_par' dir='ltr' id='par_1_9' title="bbox 128 5334 2203 5456">
     <span class='ocr_line' id='line_1_51' title="bbox 128 5334 2203 5456; baseline 0.006 -29"><span class='ocrx_word' id='word_1_638' title='bbox 128 5369 142 5427; x_wconf 86' lang='lat' dir='ltr'><strong>t</strong></span> <span class='ocrx_word' id='word_1_639' title='bbox 190 5369 246 5426; x_wconf 94' lang='lat' dir='ltr'><strong>tus</strong></span> <span class='ocrx_word' id='word_1_640' title='bbox 272 5378 345 5423; x_wconf 90' lang='lat' dir='ltr'><strong>non</strong></span> <span class='ocrx_word' id='word_1_641' title='bbox 374 5349 552 5439; x_wconf 88' lang='lat' dir='ltr'><strong>intelligit.</strong></span> <span class='ocrx_word' id='word_1_642' title='bbox 605 5347 706 5418; x_wconf 88' lang='lat' dir='ltr'><strong>Haec</strong></span> <span class='ocrx_word' id='word_1_643' title='bbox 735 5347 934 5419; x_wconf 90' lang='lat' dir='ltr'><strong>admonitio</strong></span> <span class='ocrx_word' id='word_1_644' title='bbox 965 5347 1035 5418; x_wconf 89' lang='lat' dir='ltr'><strong>late</strong></span> <span class='ocrx_word' id='word_1_645' title='bbox 1064 5360 1171 5439; x_wconf 89' lang='lat' dir='ltr'><strong>patet.</strong></span> <span class='ocrx_word' id='word_1_646' title='bbox 1193 5410 1202 5438; x_wconf 75' lang='lat'><strong>,</strong></span> <span class='ocrx_word' id='word_1_647' title='bbox 1222 5349 1267 5416; x_wconf 89' lang='lat' dir='ltr'><strong>de</strong></span> <span class='ocrx_word' id='word_1_648' title='bbox 1296 5334 1522 5420; x_wconf 80' lang='lat' dir='ltr'><strong>invocatione</strong></span> <span class='ocrx_word' id='word_1_649' title='bbox 1543 5361 1785 5437; x_wconf 89' lang='lat' dir='ltr'><strong>mortuorum,</strong></span> <span class='ocrx_word' id='word_1_650' title='bbox 1826 5354 1870 5423; x_wconf 92' lang='lat' dir='ltr'><strong>dc</strong></span> <span class='ocrx_word' id='word_1_651' title='bbox 1894 5356 2140 5456; x_wconf 88' lang='lat' dir='ltr'><strong>dubitatione,</strong></span> <span class='ocrx_word' id='word_1_652' title='bbox 2166 5372 2203 5440; x_wconf 87' lang='lat' dir='ltr'><strong>de</strong></span> 
     </span>
    </p>
   </div>
   <div class='ocr_carea' id='block_1_4' title="bbox 194 4600 1180 4800">
    <p class='ocr_par' dir='ltr' id='par_1_10' title="bbox 194 4600 1180 4800">
     <span class='ocr_line' id='line_1_52' title="bbox 194 4600 1180 4703; baseline -0.009 -21"><span class='ocrx_word' id='word_1_653' title='bbox 194 4605 370 4690; x_wconf 75' lang='lat' dir='ltr'><strong>FratreS,</strong></span> <span class='ocrx_word' id='word_1_654' title='bbox 398 4629 440 4676; x_wconf 85' lang='lat' dir='ltr'><strong>nc</strong></span> <span class='ocrx_word' id='word_1_655' title='bbox 464 4600 691 4702; x_wconf 81' lang='lat' dir='ltr'><strong>puerifinlis</strong></span> <span class='ocrx_word' id='word_1_656' title='bbox 707 4615 840 4689; x_wconf 77' lang='lat' dir='ltr'><strong>manle,</strong></span> <span class='ocrx_word' id='word_1_657' title='bbox 865 4600 933 4672; x_wconf 85' lang='lat' dir='ltr'><strong>sed</strong></span> <span class='ocrx_word' id='word_1_658' title='bbox 945 4603 1029 4673; x_wconf 82' lang='lat' dir='ltr'><strong>silis</strong></span> <span class='ocrx_word' id='word_1_659' title='bbox 1046 4603 1180 4703; x_wconf 83' lang='lat' dir='ltr'><strong>insan-</strong></span> 
     </span>
     <span class='ocr_line' id='line_1_53' title="bbox 295 4705 1068 4800; baseline -0.01 -17"><span class='ocrx_word' id='word_1_660' title='bbox 295 4723 349 4784; x_wconf 82' lang='lat' dir='ltr'><strong>tes</strong></span> <span class='ocrx_word' id='word_1_661' title='bbox 375 4705 547 4792; x_wconf 76' lang='lat' dir='ltr'><strong>malitia,</strong></span> <span class='ocrx_word' id='word_1_662' title='bbox 574 4706 711 4800; x_wconf 78' lang='lat' dir='ltr'><strong>integri</strong></span> <span class='ocrx_word' id='word_1_663' title='bbox 733 4732 814 4777; x_wconf 73' lang='lat' dir='ltr'><strong>vero</strong></span> <span class='ocrx_word' id='word_1_664' title='bbox 834 4705 919 4776; x_wconf 82' lang='lat' dir='ltr'><strong>silis</strong></span> <span class='ocrx_word' id='word_1_665' title='bbox 943 4715 1068 4775; x_wconf 80' lang='lat' dir='ltr'><strong>manle.</strong></span> 
     </span>
    </p>
   </div>
   <div class='ocr_carea' id='block_1_5' title="bbox 0 0 2270 5780">
    <p class='ocr_par' dir='ltr' id='par_1_11' title="bbox 0 0 2270 5780">
     <span class='ocr_line' id='line_1_54' title="bbox 0 0 2270 5780; baseline 0 0"><span class='ocrx_word' id='word_1_666' title='bbox 0 0 2270 5780; x_wconf 95' lang='lat' dir='ltr'><strong> </strong></span> 
     </span>
    </p>
   </div>
  </div>
 </body>
</html>
