4522 5782
118 191 228 269 tart
356 188 456 266 xltt.
506 190 544 269 6.
574 184 876 267 uuanntrto
902 174 1058 267 urts'u
1085 182 1235 263 raum
1261 189 1332 261 AD
1354 184 1712 305 COLOSSENSES.
1763 185 1868 263 CAP.
1897 188 1926 269 l.
2055 188 2155 269 ΜΞ

107 364 332 433 voluntatem
350 386 414 452 per
434 365 603 448 verbum,
630 356 865 456 quo'dicente
886 386 942 431 res
965 362 1055 433 liunt
1072 368 1108 432 e't
1158 362 1292 453 profert
1307 357 1562 451 Evangelipm‚
1597 364 1694 432 adest
1710 356 1905 440 Ecclesiae,
1931 376 1964 432 et
1977 388 2054 432 eam
2067 364 2145 433 sns-

108 466 242 535 ordine
263 465 552 554 distinguuntur,
586 479 625 536 ut
650 469 690 533 in
702 462 837 534 Genesi
852 465 1021 554 scriptum
1039 477 1105 535 est:
1157 477 1283 541 tentat,
1308 479 1342 533 et
1367 464 1519 553 protegit
1542 456 1762 536 immediate.
1814 464 2021 535 Similitudo
2047 466 2144 553 cogi·

107 566 215 639 Dixit
231 565 424 636 Dominus:
451 565 635 637 Faciamus
654 564 835 636 hominem
854 569 898 635 ad
915 566 1104 655 imaginem
1155 566 1222 635 tari
1248 579 1371 653 potest.
1406 565 1506 635 Sicut
1522 580 1627 656 caput
1643 561 2144 659 inquolibethominedemit·

107 685 146 741 ct
168 669 443 737 similitudinem
461 685 630 740 nostram.
683 666 732 739 Et
750 666 886 757 Spiritu
911 684 1031 738 sancto
1056 667 1104 735 si·
1155 667 1197 737 tit
1214 691 1342 736 nervos
1359 680 1392 737 et
1407 668 1570 756 spiritum
1587 668 1774 736 animalem
1802 668 1839 734 in
1862 668 2038 762 reliquum
2060 693 2141 739 cor-

107 772 188 841 rnul
212 783 353 839 creante
382 772 638 847 iomntucces,
683 771 773 837 sicut
795 770 833 837 in
856 768 989 839 Genesi
1014 769 1102 837 scri·
1156 791 1240 855 pus,
1267 770 1330 862 qui
1353 766 1554 841 suritcausa
1579 793 1700 839 sensus
1725 783 1759 837 et
1785 782 1924 839 motus:
1974 772 2022 839 ita
2048 771 2141 841 lilius

107 888 215 965 ptum
233 885 300 940 est:
314 871 484 962 ¹Spiritus
498 870 645 942 Domini
661 872 840 941 serebatur
860 895 966 962 super
981 893 1102 963 aquas,
1154 870 1220 941 Dei
1237 885 1407 941 sustentat
1422 885 1455 940 et
1471 874 1573 941 docet
1590 897 1673 962 nos,
1699 872 1787 939 sicut
1806 872 1936 939 dicitur
1959 876 2001 941 ad
2015 866 2137 960 Ephe·
2211 918 2217 933 ι

107 974 528 1065 εειιῐονεὴηῑςιψιειιῃμ
679 1030 682 1035 .
1010 1059 1014 1065 ¹
1153 973 1242 1051 sios,
1271 970 1439 1043 Perlicere
1462 976 1583 1043 omnia
1607 973 1840 1045 inomnibus.
1893 972 1999 1043 Item:
2026 971 2140 1043 Nemo

214 1073 413 1162 Diligenter
431 1076 726 1145 considerandum
744 1087 815 1159 est,
840 1074 1046 1166 ubicunqne
1061 1073 1101 1141 iit
1152 1076 1253 1144 novit
1270 1087 1405 1169 patrem
1429 1076 1497 1143 nisi
1518 1076 1622 1149 filius.
1676 1075 1780 1146 ltem:
1808 1070 1886 1163 Ego
1902 1076 2008 1143 vitam
2027 1090 2140 1144 aeter-

105 1177 302 1247 creationis
318 1179 471 1261 mentio,
497 1179 603 1247 simul
627 1176 891 1264 intelligendam
911 1199 983 1245 esse
1001 1199 1100 1264 prae·
1152 1179 1296 1245 namdo
1314 1177 1375 1248 eis.
1425 1175 1501 1246 Etsi
1523 1191 1639 1247 autem
1662 1172 2137 1266 haeceificaciaestcapitis,

105 1279 262 1349 sentiam
272 1270 347 1346 'Dei
362 1280 399 1346 in
417 1280 682 1348 conservatione
696 1278 985 1360 substantiarum,
1005 1279 1099 1345 iuxta
1153 1293 1270 1347 tamen
1290 1272 1457 1368 personae
1474 1278 1663 1363 tribuitur,
1695 1279 1777 1370 qnia
1797 1278 1917 1347 efficax
1940 1294 1991 1349 est
2014 1280 2050 1346 in
2064 1273 2140 1373 ¹ham

100 1375 200 1448 'baec
214 1382 324 1448 dicta:
360 1378 401 1447 ln
425 1382 500 1469 ipso
518 1380 690 1465 vivimus,
715 1402 835 1447 suiuus
853 1393 887 1447 et
904 1403 1099 1449 movemur.
1151 1396 1303 1449 assmnta
1329 1394 1479 1465 statura,
1513 1394 1553 1449 ut
1577 1374 1865 1452 tenemento.
1890 1382 2035 1451 dicitur:
2071 1376 2140 1449 Per

105 1479 307 1554 Deuteron.
321 1483 400 1551 30.:
421 1483 496 1572 lpse
513 1497 563 1551 est
576 1484 645 1561 vita
657 1496 757 1551 tuaet
768 1481 1099 1569 longitudodierum
1151 1477 1332 1550 hominem
1349 1506 1463 1561 rnors,
1481 1497 1513 1551 et
1531 1507 1591 1570 per
1607 1478 1788 1551 homiuem
1805 1484 2025 1552 resuscitatio
2038 1490 2137 1565 mor-

107 1597 270 1656 tuorum.
311 1584 384 1653 Nec
400 1585 447 1653 sic
464 1585 683 1672 intelligatur
697 1584 838 1666 creatio,
863 1597 902 1652 ut
916 1582 1099 1652 salicicatio
1150 1598 1305 1653 tuorum.
1358 1580 1495 1653 Multae
1514 1585 1668 1653 actiones
1683 1584 1774 1653 litant
1789 1585 1985 1655 ministerio
1999 1607 2136 1653 assum·

106 1686 231 1767 navis,
264 1710 376 1780 aqtra
400 1687 549 1755 discedit
570 1683 783 1756 architectus
808 1699 992 1776 postquam
1021 1708 1097 1752 eam
1150 1699 1205 1754 tae
1219 1700 1383 1768 naturae,
1408 1698 1448 1753 ut
1465 1709 1544 1754 cum
1571 1684 1741 1755 iudicabit
1763 1689 1985 1757 resuscitatos
2010 1684 2136 1754 visibi-

103 1789 281 1868 'extruxit,
318 1791 376 1855 sed
404 1788 620 1857 substantiae
642 1813 761 1857 rerum
790 1786 996 1866 interirent,
1029 1785 1098 1853 nisi
1149 1788 1241 1857 liter.
1283 1783 1347 1856 Est
1362 1800 1478 1854 autem
1496 1801 1529 1857 et
1544 1810 1606 1856 sua
1622 1776 1963 1859 eslicacia‘assumtae
1980 1800 2139 1875 naturae,
2197 1859 2201 1863 ,

105 1890 277 1978 deinceps
295 1914 436 1982 quoque
452 1904 745 1960 conservarentur
761 1913 780 1956 a
796 1887 894 1971 Deo,
920 1912 1024 1980 quem
1047 1902 1099 1956 ta·
1150 1913 1240 1980 quae
1256 1888 1434 1959 antecellit
1449 1888 1616 1957 omnibus
1633 1888 1801 1977 creaturis
1818 1890 1972 1979 potentia
1981 1940 1992 1973 ,
2018 1886 2138 1979 depel-

104 2012 194 2061 men
216 1990 368 2061 sciamus
389 1994 510 2060 adesse
537 2006 717 2065 creaturae
742 1991 938 2073 liberrime,
966 1990 1099 2071 iuvare,
1149 1990 1192 2059 lit
1215 1990 1395 2074 diabolos,
1421 2004 1454 2058 et
1476 1993 1628 2080 protegit
1649 1986 1862 2077 Ecclesiam,
1889 2006 1923 2061 et
1937 1990 2047 2060 inulta
2070 2013 2138 2081 po-

105 2115 260 2176 ornare,
287 2093 485 2177 moderari,
512 2108 574 2162 aut
590 2096 783 2162 deserendo
801 2094 980 2159 destruere
995 2103 1099 2159 natu·
1149 2105 1265 2171 tenter
1282 2091 1369 2179 agit,
1391 2088 1481 2183 quae
1498 2092 1604 2183 capiti
1624 2105 1836 2181 congruunt.

106 2218 186 2265 ram
205 2194 385 2263 liberrima
402 2196 593 2265 voluntate.
656 2194 738 2263 ldeo
760 2194 846 2261 dicit
863 2188 937 2260 bic:
963 2187 1098 2261 Omnia
1251 2224 1417 2297 secundo
1440 2240 1544 2317 capu,
1566 2224 1785 2295 perpetuom
1807 2228 1857 2296 sic
1879 2227 2028 2315 dicitur,
2063 2249 2137 2294 non

1149 2329 1264 2397 solum
1294 2322 1487 2397 secmrdum
1521 2328 1682 2396 divinam
1717 2340 1900 2413 naturam,
1938 2330 1997 2396 secl
2030 2327 2137 2395 etiam
2174 2388 2179 2395 .
2223 2358 2240 2374 ‘

1133 2432 1244 2505 ,iuxta
1270 2425 1480 2510 humanam,
1515 2429 1598 2521 quia
1621 2444 1746 2498 natura
1767 2425 1921 2500 bumana
1938 2430 1976 2497 in
1994 2425 2136 2500 Christo

1149 2532 1326 2602 antecellit
1348 2531 1519 2622 sapientia
1546 2532 1713 2600 omnibus
1730 2531 1876 2621 angelis.

104 2318 173 2388 per
185 2319 265 2364 eum
282 2298 489 2367 consistunt.
541 2292 589 2367 Et
602 2294 784 2366 Hebraeos
798 2297 846 2368 h:
874 2292 1006 2363 Ferens
1020 2318 1098 2362 om-

104 2398 170 2467 nia
186 2399 298 2479 verbo
313 2399 488 2488 potentiae
507 2420 600 2470 suae.

211 2498 282 2569 Sed
312 2524 421 2592 quare
449 2500 555 2569 dicit:
592 2496 726 2569 Onmia
751 2499 788 2566 in
811 2499 928 2587 ipsum
954 2497 1097 2567 condita

105 2603 218 2672 sunt?
261 2599 338 2670 Hoc
355 2614 422 2685 cst,
454 2596 621 2670 hictibus
638 2616 689 2670 est
707 2624 810 2670 causa
828 2601 962 2684 finalis,
989 2622 1098 2690 quare
1275 2666 1284 2691 1
1341 2669 1349 2685 ,
1707 2666 1714 2680 ,
1819 2668 1828 2683 ,

101 2700 203 2775 Deus
219 2703 340 2772 omnia
356 2702 566 2776 condiderit.
617 2702 711 2791 Quia
734 2699 820 2772 baec
844 2703 1024 2793 copulatio
1042 2700 1099 2767 di-
1250 2666 1373 2741 '1³⁰⁰
1402 2683 1454 2739 ⁰⁸¹
1484 2679 1590 2758 calmt
1620 2665 1774 2746 Mffim’
1817 2652 2136 2737 ¹⁰¹¹³i¹¹¹¹⁰³¹¹²m

106 2806 216 2873 viriae
232 2818 266 2873 et
282 2799 457 2873 humanae
474 2818 621 2873 naturae
637 2819 687 2873 est
708 2828 886 2873 summum
913 2826 1002 2891 opus
1019 2801 1097 2885 Dei,
1149 2784 1334 2886 millam,
1362 2794 1432 2890 qua
1455 2793 1535 2840 cnm
1560 2770 1809 2886 perfectissima
1834 2769 2036 2838 obedientia
2061 2791 2137 2838 me-

107 2906 202 2977 dem
223 2906 358 2999 inqui„
386 2901 516 2975 Adhuc
539 2906 646 2974 “mel
668 2918 701 2975 e,
726 2907 875 2974 movebo
900 2905 1037 2973 coelum
1061 2916 1096 2972 e,
1153 2886 1265 2944 ruent
1298 2866 1475 2941 Ecclesiae
1501 2872 1757 2939 redemtionem
1782 2884 1817 2942 et
1844 2872 1991 2939 salutem
2024 2883 2139 2941 aeter·

105 3022 260 3091 terram,
286 3021 320 3077 et
337 3010 374 3075 in
391 3003 457 3076 hac
472 3007 698 3097 copulatione
714 3007 856 3075 divinae
871 3022 903 3077 et
921 3001 1097 3075 humanae
1121 3066 1125 3075 ,
1148 3000 1249 3057 ¹¹³¹¹¹³
1277 2986 1409 3044 “mum
1426 2988 1476 3045 ⁰⁸¹
1491 2997 1572 3042 ‘¹¹¹¹'
1590 2995 1807 3064 ειΨΕῙῚΟΓΕΠΙ
1825 2994 1897 3041 ⁸⁵⁵²
1917 2996 1955 3039 ¹¹¹
1971 2992 2137 3042 numm

106 3120 258 3178 naturae
291 3110 509 3200 conspicitur
537 3110 722 3198 multiplex
747 3108 916 3198 sapientia
942 3105 1028 3191 Dei,
1063 3121 1097 3177 et
1147 3072 1318 3145 Eccleffl·
2119 3186 2122 3195 Ι

105 3210 306 3281 immensus
321 3235 421 3279 amor
443 3233 524 3298 erga
548 3234 657 3298 genus
683 3204 888 3280 humanum.
942 3205 1022 3278 Erit
1039 3174 1125 3278 sui
1252 3208 1410 3298 Quarto,
1444 3202 1585 3277 Ordine
1613 3219 1758 3299 propter
1788 3207 2015 3293 missionem,
2047 3208 2138 3281 sicut
2236 3298 2239 3303 Ι

106 3312 247 3405 pientia
270 3313 309 3380 in
332 3325 404 3382 tota
426 3314 632 3384 aeternitate
653 3314 838 3394 discenda,
865 3312 903 3379 in
927 3306 994 3379 hoc
1020 3310 1095 3378 lilio
1119 3284 1125 3391 i
1150 3308 1326 3383 lohannes
1346 3311 1482 3403 inquit:
1511 3308 1615 3405 Pripr
1637 3334 1692 3376 me
1719 3323 1781 3383 est.
1834 3307 1929 3397 Quia
1953 3306 2039 3378 haec
2056 3332 2138 3400 per-

103 3411 232 3485 videre
247 3428 381 3484 motum
400 3410 505 3482 huius
522 3414 756 3505 copulationis
773 3427 806 3484 et
821 3435 942 3483 causas
966 3413 1098 3493 videre,
1120 3394 1125 3455 Ι
1148 3438 1234 3485 sona
1256 3416 1298 3483 ad
1328 3410 1522 3482 Ecclesiam
1547 3411 1651 3481 initio
1674 3413 1778 3481 missa
1802 3426 1871 3497 est,
1916 3425 1955 3483 ut
1976 3412 2137 3501 prosecat

105 3529 146 3586 et
167 3517 283 3608 qualis
298 3517 470 3606 sapientia
488 3517 621 3599 sitlex,
652 3531 684 3587 et
708 3539 798 3608 quae
821 3538 924 3583 causa
939 3515 1002 3599 sit,
1034 3536 1098 3583 cur
1148 3512 1382 3605 Evangelium
1409 3539 1450 3584 ex
1467 3513 1549 3582 sinu
1566 3513 1701 3583 aeterni
1718 3513 1841 3604 patris.

104 3616 207 3687 iilius
244 3619 453 3688 constitutus
487 3619 552 3701 sit,
585 3632 627 3688 ut
660 3617 705 3688 sit
733 3617 885 3708 pretium
920 3639 984 3704 pro
1012 3616 1099 3703 lege,

106 3721 227 3814 qualis
249 3722 294 3789 sit
316 3720 381 3788 filii
407 3721 533 3788 missio·
558 3722 603 3788 ad
630 3720 865 3808 colligendam
893 3715 1099 3800 Ecclesiam,
1164 3736 1167 3741 ·

1249 3665 1387 3738 Usitate
1415 3665 1563 3749 dicitur,
1602 3658 1786 3734 Christum
1810 3665 1991 3735 nominari
2012 3663 2138 3756 Caput,

1149 3770 1232 3863 quia
1263 3768 1433 3855 dignitate
1465 3765 1657 3835 antecellit.
1709 3764 1780 3835 Sed
1808 3766 2028 3855 intelligatur
2057 3790 2136 3837 non
2243 3802 2248 3813 ·

1149 3872 1261 3941 otiosa
1290 3870 1461 3957 dignitas,
1496 3891 1620 3937 rerum
1644 3862 1873 3937 haecomnia
1898 3862 2134 3956 comprehen-

1149 3976 1303 4055 duntur,
1344 3969 1525 4055 Ellicacia,
1565 3966 1739 4037 Perfectio
1763 3982 1910 4038 naturae
1938 3968 2139 4039 divinaret

1149 4088 1297 4146 naturae
1322 4067 1515 4157 humanae,
1541 4068 1713 4140 Meritum
1738 4083 1772 4139 et
1789 4064 1905 4139 Ordo.
2025 4144 2029 4149 ,

106 3822 231 3916 qualia
253 3824 386 3891 fuerint
411 3845 516 3910 opera
540 3822 578 3889 in
603 3821 702 3891 omni
727 3820 951 3890 liberatione.
1002 3815 1099 3886 llaec

104 3937 185 3995 tota
217 3924 388 4014 sapientia
422 3922 638 4014 conspicitur
662 3925 699 3990 in
728 3923 788 3991 illa
815 3921 1100 3990 consideratione

105 4025 190 4105 filii,
217 4028 316 4096 cuius
330 4026 404 4095 vult
421 4023 518 4094 Deus
533 4024 636 4094 initia
652 4025 690 4092 in
708 4019 772 4094 hac
788 4024 859 4093 vita
876 4023 977 4106 disci,
1002 4023 1099 4090 iuxta

104 4127 271 4199 dictum:
304 4124 359 4196 Ex
389 4152 450 4196 ore
476 4127 670 4196 infantium
696 4140 729 4195 et
752 4125 959 4196 lactentium
984 4124 1101 4215 perle-

108 4230 195 4302 cisti
210 4231 363 4302 laudem.
1252 4225 1480 4313 Adiungatur
1494 4235 1609 4292 autem
1626 4220 1760 4290 dictum
1778 4221 1822 4288 ad
1841 4214 2032 4309 Ephesios:
2058 4218 2137 4313 Ipse
2181 4290 2184 4299 ,

319 4397 326 4416 .
730 4396 737 4413 ,
914 4397 920 4414 ,
1152 4343 1204 4401 est
1221 4341 1325 4417 caput
1342 4323 1537 4408 Ecclesiae,
1563 4324 1683 4391 omnia
1702 4322 1740 4389 iu
1756 4322 1923 4390 omnibus
1941 4322 2137 4412 perficiens,

240 4396 294 4470 Et
310 4423 386 4498 '3³⁸⁶
400 4408 452 4471 ἐἰ
467 4408 576 4497 ‘apul
592 4422 754 4495 “mmm
774 4393 973 4469 E⁶⁶l⁶⁸m⁶⁰
1152 4446 1186 4502 et
1202 4431 1290 4500 sicut
1309 4429 1383 4519 ipse
1400 4427 1533 4518 inquit:
1557 4420 1632 4512 Ego
1650 4448 1727 4493 sum
1745 4422 1847 4513 vitis,
1873 4446 1936 4492 vos
1954 4424 2035 4494 estis
2058 4426 2137 4516 pal-

212 4536 384 4628 Expresse
402 4539 559 4608 latentur
582 4539 770 4628 scriptores
785 4537 875 4606 libro
897 4537 932 4610 8.
949 4548 1101 4606 sentent.
1153 4534 1265 4604 mites.
1317 4528 1423 4600 Item:
1451 4525 1505 4596 Ex
1529 4525 1750 4617 plenitudine
1766 4525 1841 4592 eins
1860 4548 1983 4593 omnes
1999 4526 2137 4615 accepi·

106 4641 341 4715 distinctione
360 4642 420 4713 18.
445 4663 576 4709 nomen
599 4640 722 4730 capitis
745 4639 855 4708 tribui
886 4639 952 4707 toti
980 4662 1103 4728 perso·
1153 4656 1242 4707 mus.
1269 4631 1370 4701 ·ldeo
1384 4626 1444 4699 hic
1463 4629 1596 4720 inquit:
1625 4625 1666 4695 ln
1684 4626 1759 4714 ipso
1774 4619 1911 4696 habitat
1927 4628 2045 4696 omnis
2061 4629 2138 4718 ple·-

105 4769 199 4827 nae,
226 4739 392 4822 Christo,
425 4756 460 4812 et
490 4741 576 4809 alias
598 4743 831 4837 proprietates
851 4753 1048 4831 competere
1071 4741 1103 4807 ei
1152 4736 1281 4805 nitudo
1296 4730 1511 4813 divinitatis,
1536 4728 1700 4798 videlicet
1716 4727 1912 4813 donorum,
1934 4730 2138 4818 sapientiae,

104 4846 309 4920 secundum
339 4839 533 4912 humanam
562 4857 748 4926 naturam,
794 4842 881 4913 alias
909 4843 1103 4912 secundum
1153 4836 1334 4918 iusticias,
1360 4859 1425 4904 nec
1446 4844 1584 4902 tantum
1609 4831 1676 4913 sic,
1701 4841 1741 4897 ut
1764 4828 1838 4919 ipse
1857 4854 1922 4922 pro
1940 4852 2016 4899 sese
2031 4852 2137 4900 orna-

104 4947 271 5021 divinam
305 4959 480 5015 naturam.
543 4940 610 5014 Est
650 4955 768 5013 autem
800 4957 904 5036 caput
939 4944 1103 5028 efficacia,
1153 4955 1209 5011 tus
1234 4933 1362 5009 sithac
1384 4932 1606 5012 excellentia,
1640 4931 1700 4999 sed
1726 4930 1833 5000 etiam
1848 4943 1888 5001 ut
1903 4930 1948 5000 sit
1964 4931 2084 5000 efficax
2098 4930 2138 4999 in

106 5048 348 5145 perfectione,
372 5047 517 5125 merito,
543 5060 578 5116 et
601 5045 737 5116 ordine.
1153 5041 1261 5125 aliis,
1303 5040 1394 5110 sicut
1415 5038 1454 5105 in
1478 5032 1620 5105 Psalmo
1648 5032 1807 5104 dicitur:
1850 5029 1962 5103 Unxit
1983 5043 2019 5102 te
2040 5030 2139 5103 Deus

216 5149 376 5220 Primum
400 5144 587 5232 Efficacia,
619 5147 703 5241 quia
728 5141 814 5215 haec
837 5167 987 5239 persona
1019 5168 1103 5234 pro-
1154 5159 1236 5214 tuus
1262 5140 1341 5210 oleo
1364 5137 1517 5210 laetitiae
1537 5148 1683 5229 propter
1706 5147 1885 5205 consortes
1900 5146 1999 5224 tuos,
2027 5148 2062 5206 et
2081 5157 2139 5204 re-

105 5255 192 5349 prie
214 5252 320 5321 missa
346 5263 419 5342 est,
467 5263 508 5320 ut
529 5248 731 5319 immediate
760 5270 916 5339 peream
939 5259 1104 5316 aeternus
1153 5256 1291 5336 petetur
1320 5236 1405 5312 haec
1430 5243 1604 5312 sententia
1628 5238 1740 5322 inira,
1788 5235 1851 5306 ubi
1881 5236 2059 5326 copiosius
2089 5248 2140 5304 est
2191 5240 2194 5247 '

105 5372 214 5452 pater
246 5354 386 5445 colligat
410 5350 616 5427 Ecclesiam.
689 5348 786 5422 ilaec
816 5370 968 5443 persona
995 5346 1102 5419 initio
1153 5344 1363 5417 enarranda.
