4522 5782
94 198 170 285 us
502 198 588 281 xo
635 188 1460 279 msamnomovano.1oaon1s
1508 165 1742 278 canvnr.
2048 212 2129 295 su

94 372 193 448 Μὴ
207 397 267 446 me
279 373 393 445 filium
408 371 487 467 Det,
507 386 542 446 ,p
556 387 794 447 „mmmmm
809 367 1002 446 humma„
1018 397 1086 446 ng.
1127 366 1198 461 qui
1216 368 1314 440 solus
1331 380 1401 456 est,
1424 370 1678 445 discernendus
1703 390 1754 449 est
1776 400 1796 449 a
1810 378 1948 454 ficticiis
1971 378 2062 471 diis,
2088 401 2123 461 et

94 490 211 549 turam
233 501 276 549 ex
293 478 405 569 ipsius
420 478 575 563 semine,
600 477 703 548 scivit
725 501 782 548 me
801 477 962 547 futurum
980 476 1082 547 vieti.
1133 463 1202 539 boc
1225 470 1330 543 titulo
1354 473 1626 561 discernendus,
1651 480 1747 571 quod
1769 481 1815 551 sit
1834 480 2122 577 DeusAbrabae,
2246 480 2250 488 ’

94 602 209 664 mam,
241 579 333 650 vidit
356 578 434 650 tolli
463 592 656 669 peceatum,
688 593 723 652 et
744 579 876 669 placari
903 579 992 648 iram
1014 575 1083 648 Dei
1131 565 1248 657 lacae,
1274 573 1381 645 lacob
1407 589 1485 661 etc.,
1510 578 1626 663 idest,
1652 580 1713 648 ille
1730 577 1838 667 Deus,
1863 587 1927 678 qui
1943 589 2028 678 ipsis
2040 615 2121 661 ver-

94 704 157 781 per
170 705 249 766 me,
274 695 311 752 et
330 682 469 752 restitui
484 682 593 751 vitam
612 694 803 753 aeternam.
855 677 932 750 Hac
955 680 1024 749 fide
1045 703 1082 750 re
1130 671 1216 742 bum
1235 698 1339 746 tuum
1355 678 1524 765 tradidit,
1551 703 1624 774 quo
1638 683 1782 770 agnosci
1801 686 1877 757 vult
1901 702 1937 761 et
1964 691 2119 764 discerni

93 797 313 869 sustentans,
347 783 457 853 sensit
488 782 633 853 accendi
663 784 703 852 in
736 805 772 851 se
800 805 928 851 novam
954 781 1080 863 lucem,
1127 774 1395 853 alicticiisdiis.

93 885 310 973 agnitionum
338 882 405 955 Dei
438 897 474 956 et
508 885 618 955 vitam
647 897 835 955 aeternam.
904 880 964 955 Sic
991 884 1081 954 vidit
1230 927 1271 1000 ld

93 985 188 1055 diem
211 1010 347 1073 meum,
373 987 410 1055 id
433 999 505 1071 est,
528 1010 606 1074 me,
631 998 666 1058 et
685 986 785 1077 regni
813 983 887 1054 mei
910 985 1080 1056 beneficia
1128 953 1328 1102 distem&

92 1086 129 1157 in
146 1087 285 1180 seipso,
308 1101 342 1159 ct
358 1088 585 1164 laetatusest·
663 1096 668 1106 '

1339 952 1441 1024 saepe
1463 932 1641 1004 monenda
1662 949 1713 1008 est
1733 930 1910 1028 Ecclesia,
1943 957 1982 1015 ut
2005 945 2116 1022 discat

1342 1056 1442 1104 suam
1459 1034 1721 1106 invocationem
1737 1041 1782 1109 ab
1795 1037 1966 1130 Ethnica,
1993 1045 2115 1120 ludai-

1126 1157 1177 1219 ca,
1192 1148 1226 1204 et
1241 1130 1491 1208 lllahometice.
1516 1135 1607 1231 Nam
1623 1163 1746 1210 omnes
1761 1143 1937 1235 sapientes
1952 1152 2114 1221 omnium

102 1342 106 1347 Ι
151 1251 443 1356 Quinquaginta
465 1280 586 1329 annus
607 1249 772 1328 nondum
787 1250 925 1343 laba,
950 1263 1014 1332 etc,
1126 1248 1299 1306 sectarum
1318 1237 1460 1323 dicunt,
1480 1262 1516 1307 se
1527 1237 1692 1310 invocare
1709 1267 1814 1314 unam
1830 1247 1986 1342 aliquam
2002 1267 2114 1324 aeter.

190 1393 263 1466 sed
285 1378 372 1465 habe
396 1418 489 1464 nova
512 1374 636 1465 conc-io
658 1395 771 1484 magi,
791 1394 907 1466 inflat
921 1394 1078 1465 smum
1124 1360 1207 1406 nam
1222 1353 1397 1420 mentem,
1422 1340 1653 1410 conditricem
1668 1366 1799 1431 rerum,
1828 1350 1888 1417 sed
1905 1363 2023 1423 tamen
2038 1379 2113 1426 non

92 1492 257 1577 ludaeos,
282 1497 483 1586 ignorantes
497 1497 577 1590 quis
599 1498 645 1568 sit
660 1495 829 1581 Messias,
855 1507 888 1565 et
905 1496 1010 1587 quale
1031 1496 1078 1565 sit
1124 1454 1398 1612 ἓῗὲδέἳζῗὲῃι*
1447 1438 1579 1512 Errant
1604 1444 1921 1565 enimdupliciter:
1949 1451 2112 1578 Primum

1047 1597 1056 1614 ·
1347 1555 1506 1634 ,postea
1528 1546 1571 1613 de
1592 1549 1827 1622 exauditione.
1881 1549 1935 1623 De
1960 1572 2111 1629 manua

93 1618 257 1689 mgnum,
283 1613 317 1668 et
331 1622 421 1691 qnae
436 1598 507 1667 sint
522 1599 701 1672 beneficia.
751 1594 989 1688 Expostulant
1009 1597 1077 1687 igr·

93 1712 146 1771 tur
165 1702 213 1771 de
235 1700 470 1783 flbfflfdllal‘v
502 1723 589 1769 ⁰⁰¹⁰
621 1699 751 1773 '3⁰⁰⁰
775 1696 979 1783 Abmhm’
1013 1723 1075 1792 ⁰⁰¹
1122 1743 1219 1814 hunc
1236 1768 1308 1814 esse
1326 1770 1406 1814 vere
1424 1743 1558 1831 Deum,
1580 1748 1643 1840 qui
1665 1773 1702 1819 se
1723 1755 1884 1842 patefecit
1908 1781 1971 1848 per
1992 1758 2108 1830 filium

93 1802 158 1973 inme
185 1814 273 1920 ante
302 1803 373 1922 duo
401 1801 518 1919 millia
550 1825 727 1873 annorum
757 1818 920 1919 mortuus
949 1803 1075 1919 fuerat.
1123 1842 1237 1914 pesum
1251 1842 1453 1934 Christum,
1480 1849 1539 1917 sed
1557 1848 1778 1938 finguntsibi
1798 1852 1909 1927 Qum
1934 1859 2095 1948 ignotum

123 1926 162 1972 ac
182 1927 261 1994 rpsa
283 1903 482 1974 obtecltotte
505 1905 698 1975 ostendunt
722 1923 758 1972 se
782 1927 855 1971 non
879 1902 1075 1992 intelligere
1162 1947 1170 1963 ·
2098 1918 2109 1948 ⁵

95 2006 172 2101 quid
192 2002 343 2074 Messias
366 2004 540 2095 profuerit
558 2005 735 2097 patribus,
760 2006 976 2087 etomnibos
993 2018 1074 2073 ante
1120 1943 1343 2121 {mitigat
1359 1946 1652 2122 ἔξὶἳιῌῑούἓὲι
1680 1976 1761 2022 vm
1785 1970 1848 2074 εἶ’·
1875 1956 2039 2100 pem
2062 1965 2108 2034 ‘¹²

1044 2105 1053 2124 ·
1524 2103 1536 2136 ,
1653 2069 1800 2144 possunt
1817 2082 1999 2151 invocare,
2026 2089 2106 2135 cum

94 2128 234 2197 regnum
254 2106 344 2175 illud
359 2107 470 2191 natis,
492 2110 587 2207 quod
605 2105 841 2179 somniabant.
876 2103 990 2177 Addit
1007 2106 1072 2197 igr·

96 2220 145 2279 lut
174 2202 339 2280 Ghr¹⁸l¹¹³
368 2232 498 2277 ”⁰⁰⁸⁰
527 2222 835 2279 ⁰⁸⁸²W⁰⁰¹¹⁰⁰²¹¹¹²
870 2206 1072 2301 Ame‘lmm
1119 2253 1270 2341 ignosci,
1298 2270 1358 2324 aot
1373 2278 1409 2324 se
1427 2254 1600 2326 exaudiri.
1650 2254 1847 2349 Nosigitur
1865 2263 2106 2337 discernamus

1118 2367 1273 2424 nostram
1289 2356 1568 2441 invocationem,
1594 2370 1628 2428 et
1643 2359 1836 2450 dirigamus
1850 2386 1926 2434 eam
1942 2368 1985 2437 ad
2008 2361 2104 2438 bunc

1116 2454 1243 2536 Deum,
1271 2458 1351 2551 qui,
1379 2471 1417 2528 ut
1433 2453 1492 2530 bic
1507 2458 1654 2529 dicitur:
1682 2459 1774 2531 Vere
1790 2476 1851 2550 est,
1876 2466 1912 2534 id
1929 2482 1991 2554 est,
2016 2471 2103 2540 scia-

1117 2582 1194 2627 mus
1218 2558 1369 2628 aliarum
1394 2575 1566 2631 sectarum
1584 2560 1677 2632 Deos
1699 2559 1791 2633 nihil
1811 2589 1903 2652 esse,
1927 2573 1986 2639 sed
2007 2565 2104 2642 bunc

1117 2683 1196 2728 vere
1214 2683 1286 2729 esse
1302 2658 1435 2746 Deum,
1461 2663 1680 2733 conditorem
1697 2667 1856 2735 omnium
1872 2693 2010 2752 rerum,
2039 2674 2102 2765 qui

1114 2783 1150 2829 se
1166 2762 1328 2852 patefecit
1346 2786 1408 2854 per
1430 2759 1497 2835 hoc
1513 2765 1681 2851 verbum,
1708 2771 1802 2859 quod
1828 2768 1931 2840 initio
1955 2774 2102 2847 tradidit

1116 2865 1275 2952 patribus
1300 2877 1334 2934 et
1357 2859 1563 2957 Prophetis,
1590 2882 1624 2936 et
1641 2891 1703 2956 per
1724 2869 1838 2940 filium
1861 2894 1965 2943 suurn
1984 2872 2100 2946 lesum

1112 2960 1304 3035 Christum.
1356 2965 1457 3037 Sicut
1479 2962 1537 3036 bic
1559 2967 1738 3039 luculenta
1759 2984 1792 3041 et
1812 2971 1944 3062 insigni
1968 2978 2100 3047 descri-

1113 3067 1234 3155 ptione
1251 3067 1386 3138 dictum
1405 3080 1473 3152 est,
1500 3064 1597 3138 bunc
1613 3070 1767 3155 titolum,
1792 3070 1889 3143 Deus
1903 3073 2097 3167 Abrabam,

1112 3166 1206 3238 Deus
1222 3165 1341 3252 Iacob,
1361 3166 1456 3239 Deus
1475 3169 1580 3252 lsaac,
1602 3171 1677 3239 fore
1691 3174 1945 3263 sempiternum
1964 3202 2098 3250 memo-

1113 3270 1209 3339 riale.
1260 3269 1414 3360 lnsignis
1432 3272 1600 3342 revelatio
1626 3285 1659 3342 et
1683 3275 1868 3363 promissio
1893 3280 2098 3351 continetur

90 3322 538 3445 ίωῖῡξῑθξῑῃῑνθωμοηθ·
664 3427 674 3445 ‚
835 3428 872 3445 ,,
967 3429 976 3447 ,
1111 3373 1148 3440 in
1164 3367 1220 3440 his
1236 3374 1368 3442 verbis:
1397 3373 1492 3444 Dens
1516 3386 1662 3442 testatur
1685 3399 1721 3443 se
1742 3382 1912 3473 perpetuo
1937 3398 2097 3453 servatu-

172 3427 252 3498 1‘2131
270 3440 385 3496 ³⁰⁰⁰
404 3429 546 3521 ⁰⁰⁰⁰*
560 3440 729 3517 ⁰⁰8¹¹¹¹¹¹⁸2
749 3427 1063 3521 ⁵⁰h¹¹¹¹¹⁰²d'³l'¹¹'
1110 3497 1189 3542 rum
1207 3497 1281 3543 esse
1299 3469 1365 3544 hoc
1381 3500 1493 3546 unum
1512 3490 1545 3545 et
1560 3475 1655 3545 idem
1672 3478 1839 3563 verbum,
1872 3483 1967 3573 qarod
1986 3485 2098 3574 patri.

90 3534 215 3652 u'fd‘
240 3528 564 3649 ¹¹¹⁰df'10qu‘ndl?
598 3532 691 3649 ‘inid
714 3531 781 3613 ω’
814 3554 908 3648 ”3¹⁰²
944 3545 1062 3648 lamen
1110 3575 1174 3645 bus
1198 3577 1362 3660 tradidit,
1390 3600 1528 3670 semper
1548 3598 1629 3668 ergo
1651 3593 1794 3671 patrum
1810 3576 1969 3657 Ecclesia
1993 3609 2096 3656 man.

90 3653 207 3723 minor
221 3654 299 3700 non
314 3656 390 3700 sine
405 3654 506 3700 causa
523 3656 573 3700 sac
589 3634 672 3716 drcr,
692 3646 726 3702 et
742 3631 855 3701 alludi
868 3633 912 3700 ad
926 3634 1061 3701 dictum
1108 3700 1188 3748 sum
1209 3691 1272 3753 est·

88 3730 244 3806 inlixod.
268 3757 342 3823 cop.
357 3733 413 3818 3.,
444 3733 509 3801 nbi
525 3730 620 3802 Mosi
637 3734 681 3803 de
700 3734 844 3803 nomine
858 3728 926 3801 Dei
950 3733 1059 3803 inter·

87 3835 223 3927 roganti,
250 3835 502 3927 respondetur:
530 3833 622 3905 Sum
637 3836 699 3928 qui
716 3855 805 3919 sum,
831 3834 893 3928 qui
909 3849 971 3920 est,
991 3836 1060 3904 mi·
1208 3831 1348 3903 Deinde
1362 3845 1399 3902 et
1415 3827 1479 3903 hac
1495 3847 1592 3924 parte
1606 3834 1856 3923 discernamus,
1883 3839 2020 3932 quoties
2036 3841 2095 3911 in-

86 3939 114 4007 cit
129 3964 189 4007 me
202 3938 250 4005 ad
266 3960 348 4021 vos,
374 3951 407 4007 et
428 3935 591 4007 additur:
617 3933 714 4007 Deus
736 3950 835 4027 pater
851 3951 1060 4021 vestrorum,
1109 3959 1292 4018 vocamus,
1336 3934 1530 4022 cogitemus
1570 3960 1634 4005 cor
1674 3943 1920 4026 exaudiamur,
1958 3942 2094 4014 scilicet

85 4032 165 4111 lleus
184 4033 391 4117 Abrabam,
418 4034 515 4105 Deus
532 4036 646 4122 lsaac,
673 4052 707 4108 et
720 4036 817 4107 Deus
835 4036 940 4109 lacob
963 4040 1061 4111 misit
1107 4051 1250 4127 propter
1266 4037 1391 4119 lilium,
1417 4061 1526 4129 qnare
1540 4039 1621 4107 talis
1633 4040 1750 4132 aliqua
1767 4043 1879 4111 forma
1893 4043 2092 4113 invocatio·

85 4162 127 4211 ue
143 4144 189 4211 ad
210 4163 300 4224 vos,
325 4134 394 4208 hoc
411 4152 481 4223 est,
508 4162 638 4207 nomen
663 4154 784 4208 meum·
803 4139 841 4207 in
865 4154 1059 4225 aeternnm,
1107 4140 1162 4207 nis
1178 4140 1360 4225 cogitetur.
1415 4139 1545 4208 luvoco
1563 4154 1597 4209 te
1611 4142 1854 4230 omnipotens,
1889 4157 2031 4219 aeterne
2057 4159 2092 4217 et

85 4242 460 4312 etmemorialemeum
475 4241 790 4329 ingenerationem
807 4255 837 4310 et
862 4244 1059 4330 generatio·
1107 4242 1185 4309 vive
1202 4242 1312 4321 Decrs,
1336 4255 1477 4310 aeterne
1495 4254 1592 4330 pater
1606 4241 1744 4311 domini
1761 4242 1873 4312 nostri
1887 4241 1966 4313 lesu
1983 4242 2091 4316 Chri.

84 4366 163 4418 sem.
215 4341 294 4413 Cur
315 4343 452 4434 quaerit
473 4341 592 4412 Moses
616 4343 660 4409 de
684 4343 853 4411 nomine?
879 4358 918 4412 ut
936 4344 1059 4413 aflerat
1106 4344 1163 4427 sti,
1189 4343 1249 4434 qni
1265 4358 1300 4412 te
1315 4343 1484 4409 immensa
1503 4343 1660 4410 bonitate
1676 4345 1880 4432 patefecisti,
1908 4359 1941 4416 et
1959 4347 2091 4419 clama·

84 4445 316 4517 testimonium
334 4445 479 4537 aliquod
496 4468 578 4514 suae
592 4445 830 4514 revelationis.
885 4443 1058 4515 Traditur
1105 4448 1149 4514 sti
1164 4450 1208 4512 de
1226 4445 1299 4512 lilio
1322 4457 1382 4513 tuo
1400 4444 1546 4512 domino
1573 4458 1692 4512 nostro
1711 4443 1787 4514 lesu
1808 4441 1965 4518 Christo:
2002 4473 2090 4519 con·

84 4570 151 4637 ugo
174 4546 341 4617 doctrina
368 4547 519 4614 maxime
540 4545 702 4615 salutaris
725 4571 766 4615 eo
790 4546 885 4628 loco,
912 4560 1059 4617 testatur
1105 4548 1201 4633 ditor
1217 4545 1376 4612 ninnium
1393 4569 1510 4613 rernm
1525 4558 1557 4612 et
1576 4562 1812 4630 conservator,
1838 4572 1918 4617 curn
1934 4549 2007 4619 filio
2026 4565 2088 4621 tuo

84 4648 130 4719 lle
145 4648 264 4732 Dens,
289 4647 447 4740 quicum
468 4645 765 4738 llloseloqnitur,
790 4670 924 4716 severe
941 4646 1056 4717 Deum
1078 4692 1082 4751 j
1105 4663 1289 4717 coaeterno
1312 4647 1459 4715 domino
1478 4659 1600 4714 nostro
1624 4646 1700 4716 lesu
1724 4643 1867 4720 Christo
1892 4663 1926 4722 et
1951 4652 2089 4743 Spiritu

84 4772 153 4823 ecee.
207 4749 286 4838 Qni
301 4763 371 4833 est,
398 4749 521 4833 idest,
547 4748 577 4816 is
593 4748 656 4840 qni
675 4772 768 4818 arnus
785 4764 835 4818 est
851 4773 932 4818 vere
947 4748 1056 4830 Dens,
1078 4764 1081 4825 i
1105 4747 1140 4821 S.
1163 4766 1244 4831 tuo,
1269 4748 1379 4816 effuso
1408 4747 1445 4815 in
1464 4749 1671 4836 Apostolos,
1697 4752 1854 4840 sapiens,
1880 4753 1993 4837 bone,
2019 4756 2088 4822 mi·

83 4853 196 4924 caeteri
213 4875 291 4920 non
307 4865 388 4919 sunt
405 4851 474 4930 dii,
501 4865 535 4921 et
552 4845 610 4918 bic
622 4846 719 4920 Deus
736 4875 818 4920 vere
836 4863 887 4920 est
906 4855 1056 4920 essentia
1077 4828 1082 4903 l
1105 4851 1271 4932 sericum,
1296 4850 1421 4936 iudex,
1446 4849 1567 4933 fortis,
1593 4851 1758 4920 miserere
1778 4856 1846 4921 mei
1871 4868 2016 4945 propter
2031 4853 2086 4925 le-

83 4970 231 5038 reterna,
255 4953 491 5041 omnipotens,
515 4975 591 5021 non
609 4952 1058 5043 obnoxiaullicorruptio·
1103 4976 1180 5021 sum
1197 4946 1375 5021 Christum
1392 4951 1503 5019 tilium
1520 4965 1631 5035 tuam,
1656 4976 1761 5044 quem
1779 4954 1921 5024 voluisti
1938 4980 2003 5045 pro
2020 4979 2087 5025 no·
2177 5036 2180 5041 Ι

83 5058 127 5147 ri,
148 5082 189 5128 ac
213 5055 393 5125 conditrix
422 5078 559 5135 rernm,
586 5076 676 5147 quae
699 5078 822 5123 omncs
845 5068 970 5125 natura
994 5076 1056 5123 sua
1103 5055 1159 5123 bis
1182 5075 1256 5122 esse
1281 5052 1478 5136 victimam,
1502 5055 1753 5138 mediatorem,
1784 5055 2085 5146 interpellatorem

82 5174 150 5230 not
160 5156 360 5228 imbecilles
381 5168 415 5225 et
431 5155 636 5244 languidae,
660 5180 726 5224 nec
749 5168 892 5247 possent
915 5158 1055 5241 durare,
1103 5168 1137 5224 et
1152 5156 1412 5244 deprecatorem
1430 5167 1611 5242 nostrum,
1639 5169 1674 5225 ct
1688 5155 1865 5226 sanctifica
1880 5181 1920 5227 ac
1932 5179 2013 5245 rege
2028 5180 2086 5228 me

82 5260 139 5329 nisi
156 5286 176 5331 a
194 5258 275 5329 Deo
300 5272 605 5328 conservarentur.
655 5254 795 5325 Deinde
816 5261 937 5338 docet,
964 5281 1055 5348 qoo-
1103 5255 1240 5346 Spiritu
1264 5255 1394 5326 Sancto
1411 5268 1490 5340 tuo,
1516 5279 1596 5346 rege
1614 5252 1809 5327 Ecclesiam
1834 5272 1930 5328 tuam
1957 5272 1993 5329 et
2019 5281 2087 5352 po·

83 5365 176 5434 modo
197 5356 258 5432 bic
280 5380 386 5429 verus
401 5359 501 5431 Deus
522 5360 608 5430 velit
624 5359 786 5448 agnosci,
811 5354 870 5428 bic
896 5359 1055 5450 inquam,
1101 5357 1196 5429 litias
1211 5372 1276 5433 etc.
1386 5454 1433 5527 ¹4
1446 5448 1468 5491 ·

96 2322 290 2380 nasceretur
306 2304 512 2395 Abraham,
533 2332 596 2398 ego
614 2333 709 2395 sum,
735 2323 769 2379 et
783 2310 926 2402 quidem
944 2311 999 2378 bis
1015 2311 1072 2379 iu-

95 2425 154 2483 rn:
179 2413 317 2495 Amen,
341 2435 457 2481 amen.
511 2408 627 2481 Verba
644 2410 748 2503 plana
765 2422 860 2494 sunt,
885 2424 918 2479 et
934 2434 1072 2502 semper

95 2513 126 2583 'm
140 2508 300 2583 Ecclesia
317 2512 366 2582 sic
382 2512 571 2594 intellecta,
598 2514 636 2580 in
654 2507 797 2582 Christo
812 2515 901 2582 duas
918 2534 991 2582 esse
1006 2536 1070 2583 na·

94 2618 192 2699 airas,
215 2638 365 2706 quarum
380 2614 500 2694 altera,
526 2613 658 2685 scilicet
673 2606 792 2711 λόγος,
818 2627 869 2683 εει
884 2628 1068 2685 coaeterua

94 2710 158 2785 lleo
180 2715 291 2807 patri,
315 2728 483 2808 utsupra
508 2715 547 2784 in
571 2716 602 2787 1.
619 2737 694 2807 cap.
719 2716 852 2785 dictum
869 2731 933 2787 est.
985 2715 1067 2785 ldeo

94 2812 246 2890 Christus
270 2817 408 2910 inquit,
433 2840 470 2885 se
492 2817 598 2886 fuisse
619 2831 701 2888 ante
725 2831 849 2886 natum
872 2813 1068 2892 Abraham.

93 2912 215 3014 'utque
229 2916 299 2989 boc
314 2918 556 2989 testimonium
572 2918 668 2989 inter
681 2943 738 3005 ca,
763 2942 852 3011 quae
868 2921 912 2989 de
927 2920 1067 2989 duabus

92 3022 218 3094 naturis
236 3023 277 3090 in
291 3016 435 3091 Christo
452 3018 719 3105 concionantur,
739 3020 929 3110 diligenter
943 3023 1065 3091 obser·

92 3127 249 3203 nudum,
268 3134 309 3191 ut
323 3122 369 3190 sit
381 3122 418 3190 in
435 3114 624 3213 conspectu
639 3122 733 3193 inter
746 3136 893 3207 caetera,
917 3124 963 3193 ad
978 3146 1065 3193 con·

87 3220 288 3294 ¹fimandam
307 3223 410 3291 fidem
429 3225 533 3292 nobis
548 3237 583 3294 et
598 3224 696 3309 aliis,
723 3226 760 3293 in
780 3227 984 3315 dogmatum
1002 3226 1065 3293 de-

1066 1701 1074 1717 .
1124 1656 1263 1724 errant,
1289 1643 1373 1739 quia
1395 1644 1524 1714 nolunt
1545 1667 1752 1734 agnoscere,
1787 1654 1928 1725 credere
1951 1670 1985 1727 et
2006 1658 2109 1731 lateri
2225 1640 2231 1661 ’

1121 2174 1264 2241 prorsus
1279 2155 1493 2223 caraneantin
1513 2154 1756 2239 dubitatione,
1783 2160 2014 2235 nec'credant
2037 2166 2106 2237 sibi
2212 2162 2215 2167 ’
