4522 5782
171 190 243 267 1⁷1
763 166 1602 255 surnnanscanrssxrcrr1ca,
1864 150 1869 155 ’
2122 176 2197 257 us

171 360 401 457 accusabant,
434 355 493 424 sed
515 349 715 425 mirabilius
742 363 813 429 est,
852 350 949 442 qnod
972 346 1099 435 sedens
1124 344 1163 414 iu
1214 347 1315 420 ribus
1329 351 1583 443 opponendum
1608 365 1660 424 est
1682 345 1752 422 hoc
1773 353 1972 446 exemplum
1988 347 2123 427 Christi
2134 368 2209 440 ,ει

174 464 328 555 templo,
353 476 386 531 et
404 457 581 527 inclinans
599 478 671 523 sese
691 452 801 543 digito
822 451 945 522 scribit
967 453 1005 519 iu
1022 464 1164 526 terram,
1214 451 1350 521 similia
1369 452 1462 521 dicta
1480 464 1517 523 ει
1531 453 1640 539 iacta,
1662 454 1793 547 quibus
1810 450 1974 526 Christus
1995 457 2089 526 clare
2108 457 2209 529 relu-
2231 526 2235 533 ,

176 580 209 637 et
239 568 276 634 in
306 559 375 633 hoc
406 572 505 653 gestu
533 569 732 650 perseverat
764 554 955 643 tantisper,
994 553 1080 622 dum
1110 549 1164 617 illi
1217 565 1265 622 tat
1281 554 1367 623 tales
1390 553 1682 644 imaginationes,
1707 581 1747 626 ac
1771 558 1925 627 ostendit
1948 556 2154 630 discrimine
2172 571 2210 631 ει

176 690 300 739 omnes
316 665 546 754 egrediuntur
571 683 590 729 e
615 658 765 748 templo,
798 657 941 723 tandem
967 655 1009 720 ad
1038 652 1165 719 mulie·
1219 656 1306 725 lines
1321 655 1621 744 ministeriorum,
1645 656 1810 729 videlicet
1834 659 2022 731 ministerii
2037 660 2211 751 spiritus-

175 793 251 841 rem
272 788 482 844 conversus,
524 773 625 850 negat
653 781 690 828 se
712 781 786 828 esse
816 757 968 824 iudicem
993 754 1053 847 qui
1080 776 1166 823 ron·
1218 758 1281 842 lis,
1305 780 1367 833 seu
1384 758 1564 827 doetrinae
1579 757 1778 851 Evangelii,
1804 774 1839 831 es
1854 763 2124 852 gubernationi,
2140 786 2211 854 po·
2247 770 2250 774 .

176 874 339 952 demnel,
366 870 425 939 sed
443 864 589 934 dimittit
606 885 703 941 eam,
730 859 852 929 addita
875 880 961 927 voce
983 857 1165 926 condona·
1218 859 1352 943 liticae,
1387 873 1428 929 ut
1449 859 1565 930 simile
1589 862 1786 953 exemplum
1809 861 1925 935 Lucae
1945 867 2002 937 12.
2025 865 2211 946 scribitur,

175 973 305 1057 lionis,
330 995 391 1040 teu
405 964 624 1040 remissionis
642 963 784 1055 pecorib
1218 985 1296 1029 eum
1322 956 1485 1030 Christus
1506 962 1645 1031 cuidam
1670 964 1825 1054 petenti,
1859 979 1898 1037 ut
1920 966 2064 1036 fratrem
2087 967 2211 1037 iubeat

281 1073 322 1145 ln
339 1073 407 1142 hae
423 1083 494 1142 cosa
511 1065 657 1137 historia
676 1058 1077 1164 praecuriosioribus,
1104 1057 1165 1150 qai
1219 1062 1286 1131 sibi
1305 1065 1443 1131 scatere
1459 1077 1593 1154 partem
1612 1059 1857 1150 haereditatis,
1883 1069 2087 1158 respondes:
2114 1065 2212 1154 Quis

179 1178 336 1248 doeetde
350 1166 860 1244 discrimineministeriorum,
878 1162 1041 1231 videlicet
1058 1160 1166 1229 mini·
1220 1187 1275 1232 me
1293 1164 1479 1234 constituis
1496 1165 1648 1237 iudicem
1667 1181 1728 1237 aut
1744 1167 1934 1238 divisorem
1952 1171 2046 1239 ime,
2061 1169 2150 1239 ,032

179 1278 386 1368 steriilegis,
412 1276 505 1369 quod
526 1270 636 1339 sancit
653 1268 876 1359 disciplinam
894 1277 928 1333 et
943 1286 1073 1355 poenas
1088 1286 1166 1331 cor·
1323 1264 1511 1348 Secundo,
1552 1268 1647 1360 quod
1669 1264 1834 1340 Christus
1855 1270 1976 1341 scribit
2003 1271 2040 1339 in
2063 1283 2215 1359 terram,

178 1382 335 1477 porales,
361 1392 396 1448 et
411 1372 620 1457 ministerii,
652 1373 746 1465 quod
773 1382 823 1437 est
846 1366 1029 1459 proprium
1046 1362 1167 1434 Evan-
1220 1381 1253 1439 ει
1273 1368 1489 1439 instantibus
1507 1364 1704 1439 Pharisaeis
1723 1373 1925 1461 respondet:
1959 1371 2033 1461 Qui
2049 1395 2089 1442 ex
2107 1369 2215 1443 vobis

180 1483 285 1574 gelii,
319 1483 378 1550 sed
403 1481 447 1546 de
469 1473 537 1546 hoc
560 1474 763 1542 discrimine
794 1470 899 1561 paulo
933 1480 1009 1558 post
1041 1467 1168 1550 dicam,
1220 1471 1296 1539 sine
1312 1482 1451 1560 peceato
1466 1485 1535 1555 est,
1562 1471 1699 1563 primus
1720 1472 1823 1544 iaciat
1844 1474 1998 1563 lapidem
2022 1474 2060 1542 in
2079 1472 2216 1545 mulie-¹

178 1583 387 1679 prinsenim
411 1577 478 1649 hoc
501 1577 762 1657 consideretur,
793 1574 886 1665 quod
914 1564 1077 1639 Christus
1100 1562 1169 1636 hoc
1219 1596 1306 1641 rem.
1349 1569 1454 1641 Haud
1473 1573 1581 1642 dubie
1597 1569 1664 1643 boc
1679 1587 1753 1644 toto
1772 1588 1869 1665 gestu
1882 1589 1981 1646 notat
1997 1571 2215 1647 Pharisaeo-

180 1685 340 1784 exemplo
359 1686 478 1765 docet,
503 1703 577 1749 non
601 1668 674 1747 esse
696 1699 798 1744 suum
822 1694 950 1740 munus
973 1672 1065 1740 ferre
1086 1693 1168 1739 sen·
1220 1699 1298 1743 rum
1317 1667 1544 1767 hypocrisin,
1570 1677 1665 1768 quod
1683 1675 1771 1744 falso
1789 1700 1871 1766 prae
1887 1700 1923 1746 se
1948 1678 2062 1747 serant
2083 1678 2214 1767 singu.-

180 1788 312 1863 tentias
326 1789 370 1856 de
389 1783 512 1876 poenis
527 1780 756 1867 delictorum,
783 1797 880 1843 more
905 1772 1041 1864 politici
1058 1771 1169 1861 magi-
1223 1776 1332 1844 larem
1360 1775 1493 1860 zelum,
1526 1777 1628 1869 quasi
1647 1778 1751 1847 valde
1770 1780 1988 1850 detestentur
2010 1794 2043 1851 et
2064 1778 2216 1853 oderint

180 1903 326 1972 stratus,
354 1910 418 1955 nec
432 1886 509 1954 vult
523 1905 601 1966 eos,
634 1880 693 1974 qui
720 1875 860 1948 suntin
883 1874 1080 1944 ministerio
1104 1876 1168 1943 do·
1221 1891 1421 1968 peccatum,
1458 1901 1498 1944 ac
1525 1879 1622 1948 iusta
1654 1879 1764 1968 legem
1789 1880 1900 1950 velint
1930 1904 2003 1950 esse
2031 1881 2217 1972 punitum,

182 1990 286 2063 cendi
313 1985 498 2076 Evangelii
522 2007 661 2054 sumere
690 1981 757 2049 sibi
789 1989 995 2070 potestatem
1025 1999 1085 2045 seu
1114 1977 1170 2044 ius
1219 2003 1301 2048 cum
1317 1992 1433 2048 tamen
1455 1975 1521 2069 ipsi
1548 2004 1623 2071 nqn
1639 1982 1758 2050 minus
1780 1982 1851 2051 sint
1869 1981 1922 2051 rei
1940 2005 2058 2052 comm
2074 1979 2154 2053 Deo
2175 1994 2216 2053 ,ι

181 2091 415 2183 cognoscendi
447 2088 602 2157 actiones
625 2083 810 2175 capitales,
843 2092 904 2149 aut
925 2078 992 2147 alia
1016 2077 1169 2147 forensia
1221 2080 1377 2149 damnati
1395 2080 1528 2150 iudicio
1550 2081 1656 2172 legis,
1688 2107 1792 2175 quam
1818 2085 1878 2177 qui
1905 2083 2018 2174 palam
2037 2098 2072 2153 et
2092 2082 2217 2153 mani·

182 2219 244 2266 seu
264 2192 443 2263 iudicialis
468 2187 628 2278 negotia,
669 2208 758 2279 quae
791 2183 969 2274 pertinent
994 2180 1036 2247 ad
1063 2179 1170 2249 iuris-
1220 2185 1309 2251 sesto
1338 2181 1410 2251 sint
1442 2196 1655 2273 peccatores,
1696 2184 1880 2271 videlieet,
1921 2184 2003 2276 quia
2030 2198 2115 2255 sunt
2135 2185 2216 2256 sine

182 2298 375 2369 dictionem
389 2292 589 2384 politicam,
615 2289 692 2360 vult
707 2286 801 2354 enim
821 2307 894 2354 esse
918 2281 1084 2353 distincta
1101 2281 1168 2349 mi·
1223 2282 1438 2375 poenitentia
1451 2297 1485 2353 ει
1503 2299 1599 2355 metu
1613 2285 1734 2357 iudicii
1753 2287 1890 2368 divini,
1925 2287 2008 2355 item
2030 2286 2131 2379 pleni
2154 2288 2218 2357 in-

182 2397 352 2480 nistcria‚
384 2418 429 2462 ne
462 2395 608 2484 obrepat
633 2387 785 2460 earnalis
814 2384 1039 2474 imaginatio,
1070 2383 1170 2476 quasi
1222 2385 1345 2456 teriori
1366 2384 1609 2471 immunditia,
1650 2386 1788 2456 vitiosis
1818 2388 2003 2459 affectibus
2025 2402 2058 2458 et
2083 2400 2217 2461 contu-

183 2522 333 2591 regnum
347 2494 481 2566 Christi
497 2495 542 2563 sit
558 2504 699 2561 externa
717 2513 775 2558 seu
797 2485 990 2579 corporalis
1008 2485 1170 2555 domina·
1223 2487 1334 2556 maria
1355 2499 1477 2555 contra
1500 2487 1629 2576 legem:
1665 2485 1955 2578 igitanhristus
1977 2488 2105 2560 omissa
2130 2514 2218 2561 mu·

183 2605 257 2682 tio,
283 2623 345 2669 seu
362 2598 496 2689 politia,
521 2617 612 2689 quae
629 2607 689 2662 aut
705 2592 795 2660 ierat
809 2612 918 2659 novas
932 2587 1025 2677 leges
1039 2589 1082 2655 de
1101 2588 1170 2655 im·
1224 2590 1310 2657 liere
1327 2588 1411 2678 ipsis
1426 2591 1668 2663 concionatur.
1721 2588 1880 2684 Cumque
1901 2591 1955 2660 illi
1970 2616 2011 2661 ex
2031 2591 2109 2682 lege
2126 2615 2216 2684 pro-

185 2704 314 2797 periis,
346 2702 392 2770 de
410 2698 586 2767 divisione
611 2719 747 2779 rerum,
774 2695 818 2761 de
841 2690 1098 2770 contractibus,
1126 2690 1171 2756 de
1224 2691 1414 2774 nuncient,
1447 2690 1642 2760 adulteram
1670 2692 1892 2783 plectendam
1921 2714 2013 2774 esse,
2056 2694 2217 2765 vicissim

184 2806 327 2901 poenis,
354 2816 389 2871 et
406 2799 592 2890 disciplina
617 2795 730 2878 civili,
754 2807 815 2863 aut
830 2793 1009 2885 permittat
1026 2791 1171 2861 liberta·
1224 2792 1396 2880 signifieat
1418 2790 1512 2884 ipsos
1533 2793 1608 2882 lege
1625 2794 1799 2864 damnari.
1851 2793 1971 2883 Quare
1997 2795 2132 2890 inquit:
2174 2793 2216 2865 si

179 2925 256 2994 tem
271 2901 484 2978 Christianis
505 2898 708 2970 exsolvendi
723 2919 759 2966 se
776 2893 929 2966 vinculis
949 2893 1171 2986 publicarum
1225 2895 1305 2988 quis
1325 2908 1479 2963 vestrum
1502 2895 1577 2963 sine
1602 2909 1743 2987 peccato
1767 2908 1837 2985 est,
1862 2896 1961 2988 quasi
1979 2898 2089 2970 dicat:
2119 2894 2215 2986 Quia

184 3011 315 3103 legum.
1224 2998 1336 3084 legem
1366 2994 1541 3085 allegatis,
1578 3010 1614 3069 et
1643 3018 1757 3066 meam
1789 2998 1997 3067 sententiam
2020 2998 2215 3092 requiritis,

288 3110 391 3183 Hanc
414 3105 571 3196 regulam
602 3101 724 3170 multis
746 3100 789 3168 de
821 3098 934 3169 causis
955 3098 1099 3190 prodest
1120 3107 1173 3166 te·
1227 3121 1289 3188 ego
1306 3099 1351 3166 de
1367 3121 1480 3188 poena
1497 3099 1672 3191 corporali
1688 3095 1781 3167 nibil
1795 3111 1930 3180 statuo,
1957 3101 2040 3193 quia
2055 3098 2124 3172 hoc
2138 3124 2215 3171 nou

187 3237 292 3294 nere,
318 3211 414 3304 quod
438 3229 585 3297 regnum
599 3198 730 3277 Christi
750 3226 822 3271 non
841 3202 969 3270 condat
987 3213 1047 3268 aut
1062 3210 1175 3267 mutet
1226 3199 1379 3292 pertinet
1394 3202 1437 3270 ad
1456 3223 1574 3270 meum
1593 3222 1744 3285 munus,
1767 3199 1813 3270 sit
1833 3225 1917 3270 sane
1935 3203 2063 3272 mulier
2084 3227 2213 3272 secun·

187 3314 431 3388 ordinationes
460 3334 521 3379 sen
549 3309 642 3396 leges
665 3304 835 3396 politicas.
893 3299 987 3391 Quia
1010 3297 1174 3369 Christus
1228 3303 1312 3370 dum
1336 3301 1449 3389 legem
1470 3301 1683 3392 lapidanda,
1718 3304 1778 3370 sed
1801 3302 1885 3394 quia
1910 3327 2027 3373 meum
2052 3304 2216 3374 ministe-

187 3441 263 3489 non
281 3413 460 3508 apperuit,
493 3423 532 3482 ut
553 3422 641 3478 esset
666 3406 862 3495 legislator,
894 3405 953 3472 sed
979 3403 1082 3472 affert
1104 3401 1172 3469 alia
1227 3405 1321 3472 rium
1336 3402 1521 3494 spirituale
1538 3416 1607 3488 est,
1633 3403 1740 3472 iubeo
1752 3426 1814 3471 vos
1833 3404 1944 3494 legem
1960 3404 2098 3485 audire,
2124 3427 2214 3499 quae

187 3533 329 3593 aeterna
345 3514 533 3602 beneficia,
559 3509 757 3581 doctrinam
781 3504 965 3575 coelestem
988 3507 1032 3575 de
1047 3503 1176 3572 volun·
1227 3527 1396 3597 exaequo
1412 3504 1545 3574 iudicat
1565 3528 1709 3590 omnes,
1734 3505 1798 3597 qui
1813 3529 1888 3576 non
1903 3520 2011 3596 agunt
2028 3507 2214 3599 poeniten·

187 3635 259 3694 tate
275 3619 361 3705 Dei,
388 3619 433 3686 de
448 3613 653 3684 remissione
675 3620 919 3702 peccatorum,
944 3605 1173 3676 donationem
1229 3607 1332 3686 tiam,
1366 3619 1400 3677 et
1423 3607 1636 3697 pronunciat
1658 3630 1737 3677 reos
1759 3605 1832 3677 irae
1847 3620 1881 3679 et
1899 3608 2025 3678 mortis
2041 3607 2216 3683 aeternae.

188 3723 345 3816 Spiritus
361 3718 489 3801 sancti,
514 3729 548 3785 et
562 3712 799 3783 incoationem
824 3731 937 3778 novae
958 3721 994 3779 ει
1013 3722 1176 3777 aeternae
1228 3705 1308 3778 Hoc
1324 3708 1423 3798 prius
1441 3709 1656 3798 agnoscatis,
1681 3723 1716 3780 et
1739 3709 1849 3799 legem
1873 3712 1917 3779 dc
1933 3712 2034 3779 vobis
2052 3710 2215 3782 iudicau-

144 3858 150 3865 ·
187 3823 346 3897 iusticias
361 3822 398 3891 in
417 3819 583 3890 cordibus
606 3811 837 3884 credentium.
889 3808 1035 3881 lnterim
1058 3824 1175 3880 tamen
1228 3823 1298 3879 tem
1316 3808 1480 3899 audiatis,
1508 3834 1615 3906 quam
1635 3810 1797 3881 miseram
1813 3809 1908 3881 hanc
1926 3811 2114 3884 mulierem
2131 3837 2218 3885 cors-

188 3926 352 4001 coneedit
375 3922 442 4016 piis
466 3921 505 3990 in
533 3915 695 3988 haesita
724 3912 902 4001 corporali
926 3912 980 3983 uti
1009 3910 1176 4001 legitimis
1232 3911 1415 3986 damnetis.

188 4025 477 4102 ordinationibus
491 4018 654 4112 politicis,
679 4016 770 4086 sicut
783 4011 847 4084 bac
865 4017 953 4096 luce,
977 4019 1068 4097 aiire,
1095 4013 1175 4081 cibo
1329 4010 1408 4084 Hoc
1436 4008 1472 4084 et
1499 4012 1576 4104 ipso
1603 4026 1718 4103 gestu,
1755 4037 1834 4084 eum
1859 4014 1982 4087 scribit
2013 4015 2217 4101 interram,

190 4144 227 4204 et
248 4145 353 4223 potu,
394 4139 429 4196 et
449 4123 625 4194 similibus
650 4120 755 4188 rebus
778 4117 981 4187 necessariis
1000 4117 1043 4184 ad
1068 4114 1176 4183 vitam
1230 4114 1328 4186 velut
1351 4115 1453 4204 signo
1476 4114 1625 4200 indicat,
1658 4116 1823 4187 videlicet
1844 4116 2040 4187 admonens
2054 4140 2115 4189 eos
2131 4118 2220 4208 legis

189 4230 425 4327 corporalem.
483 4224 596 4294 Modo
621 4222 731 4291 sciant
756 4219 824 4310 pii,
864 4219 902 4287 in
930 4212 987 4287 bis
1008 4239 1082 4286 non
1104 4237 1178 4284 esse
1230 4216 1422 4287 iudicantis
1438 4217 1645 4289 interiorem
1661 4213 1878 4311 hypocrisin,
1902 4230 1937 4289 ει
1952 4218 2220 4291 immunditiem

188 4335 297 4409 situm
319 4353 465 4419 regnum
479 4322 633 4403 Christi,
659 4325 718 4393 sed
735 4321 1003 4391 discernendam
1027 4341 1099 4388 esse
1113 4318 1177 4386 ad·
1230 4319 1364 4404 cordis,
1385 4342 1490 4410 quam
1510 4319 1614 4388 tacite
1639 4319 1811 4408 signifieat
1827 4345 1846 4389 a
1862 4317 1937 4389 Deo
1954 4322 2052 4392 cerni
2069 4334 2105 4393 ct
2121 4320 2221 4392 iudi·

188 4432 488 4509 ministrationem
520 4427 744 4519 politicarum
773 4447 914 4507 rersrm,
940 4419 1177 4492 aministerio
1230 4419 1322 4504 cari,
1355 4420 1493 4489 etiamsi
1516 4415 1681 4490 homines
1701 4443 1775 4490 non
1799 4422 1978 4514 iudicant,
2012 4424 2104 4493 sicut
2130 4423 2221 4495 alibi

189 4534 400 4627 Evangelii,
430 4555 497 4603 nec
511 4527 761 4599 confundenda
778 4548 853 4595 esse
869 4519 956 4595 haec
971 4521 1178 4601 ministeria,
1230 4520 1463 4592 concionatur
1477 4523 1625 4593 talibus:
1653 4520 1727 4591 Vos
1744 4522 1826 4593 estis
1841 4524 1903 4614 qsri
1927 4522 2122 4595 iustificatis
2137 4549 2220 4596 vos-

190 4634 552 4726 sicutAoabaptistae
577 4644 612 4700 ει
633 4629 785 4711 similas,
819 4638 999 4717 praetextu
1016 4622 1179 4692 ministe-
1230 4623 1398 4714 metipsos
1429 4646 1547 4693 coram
1573 4619 1792 4696 bominibus,
1851 4622 1947 4695 Deus
1975 4640 2091 4696 autem
2117 4629 2222 4700 novit

190 4742 258 4829 rii,
284 4729 571 4837 reprehendunt,
596 4744 656 4803 aut
679 4742 816 4800 mutant
837 4729 1010 4818 legitimas
1033 4724 1179 4794 ordina·
1231 4726 1493 4795 cordavestra.
1563 4724 1670 4812 Quod
1706 4739 1823 4795 autem
1852 4727 1891 4795 in
1921 4741 2050 4798 terram
2082 4730 2222 4814 scribit,

191 4844 308 4918 tiones
324 4845 367 4910 de
385 4836 549 4922 decimis,
582 4831 838 4911 contractibus,
870 4846 930 4899 aut
955 4849 1066 4897 novas
1088 4826 1179 4915 leges
1232 4827 1490 4917 simplicissime
1522 4825 1711 4915 significari
1747 4827 1928 4913 existimo,
1976 4830 2071 4922 quod
2108 4830 2222 4903 simili

191 4944 354 5018 sanciunt
370 4942 413 5019 de
429 4936 679 5010 communione
696 4955 834 5015 rerum,
860 4930 904 5000 de
928 4928 1088 5007 indiciis,
1115 4941 1180 5001 ete.
1232 4926 1352 5018 phrasi
1376 4926 1546 4998 Ieremias
1570 4928 1881 5020 decimoseptimo
1915 4931 2064 5003 dieitur:
2105 4929 2224 5004 Rece.

190 5046 266 5120 Adc
282 5057 322 5121 ut
336 5040 525 5121 Pontifices
539 5034 712 5119 Romani,
734 5045 913 5123 prsetertu
929 5029 1108 5123 potestatis
1123 5052 1181 5099 ee·
1233 5032 1356 5100 dentes
1379 5029 1444 5111 abs
1468 5042 1524 5114 te,
1557 5028 1597 5098 in
1629 5042 1721 5100 terra
1751 5030 1970 5113 scribentur,
1999 5047 2065 5108 ete.
2117 5032 2224 5121 Quae

192 5145 423 5237 clesiastieae,
464 5141 533 5211 sibi
567 5147 770 5211 sumserunt
798 5133 929 5224 regiam
966 5130 1180 5208 dominatio-
1233 5125 1373 5223 phrasis
1395 5130 1556 5222 opposita
1576 5145 1628 5202 est
1650 5132 1722 5217 illi,
1756 5153 1826 5225 qus
1847 5132 1934 5203 alibi
1960 5132 2109 5203 dicitur:
2143 5135 2223 5207 No-

192 5274 296 5334 nem,
322 5254 532 5336 arrogasunt
546 5238 614 5313 sibi
632 5239 687 5317 lus
703 5236 883 5305 adimendi
897 5257 1026 5327 regna,
1050 5233 1181 5327 quibus
1233 5232 1332 5311 mina
1349 5245 1464 5309 vestra
1480 5233 1609 5322 scripta
1625 5248 1708 5305 sunt
1721 5233 1760 5303 in
1773 5233 1899 5315 coelis,
1931 5235 2097 5305 videlicet
2117 5250 2159 5309 ut
2180 5239 2224 5309 in

192 5351 345 5436 vellent,
370 5361 403 5419 et
420 5345 465 5417 ad
489 5343 579 5419 alios
600 5336 856 5430 transferendi,
879 5350 946 5410 etc.
996 5333 1065 5413 His
1080 5357 1180 5416 esro-
1234 5347 1364 5419 terram
1381 5335 1506 5422 scribi,
1532 5333 1706 5429 significet
1721 5333 1809 5408 tales
1830 5358 1947 5407 coram
1962 5334 2040 5411 Deo
2060 5361 2139 5416 uon
2155 5335 2225 5413 bs-
