4522 5782
30 166 124 251 aaa:
262 100 267 107 ⁵
309 167 410 247 xtra
461 172 497 249 ε.
521 164 823 275 mannans
846 166 1008 293 aaran.
1032 164 1184 245 naun
1207 162 1562 250 annotandos.
1619 170 1729 256 aar.
1756 176 1858 291 vrn.
2004 156 2083 267 tu

41 404 48 429 ,
141 335 287 416 Omitto
305 357 422 417 autem
439 344 637 437 longiorem
646 347 936 435 declarationem,
955 348 1038 442 qnia
1195 342 1353 417 Usitatus
1383 345 1483 416 locus
1505 360 1556 420 est
1577 351 1859 443 consolationum
1880 378 2081 452 proponere

33 444 271 515 mediocriter
296 447 469 517 institutis
486 473 558 515 nan
578 463 628 518 est
652 449 807 518 difficilis
833 455 1037 520 considera·
1091 448 1249 537 exempla
1272 439 1686 533 Slmlllletnlfllclolum,
1707 457 1789 549 qula
1808 462 2000 552 aequalitas
2023 467 2077 539 vi-

35 547 102 621 tio.
157 544 199 617 ln
217 545 374 618 Ecclesia
392 553 533 618 eosdem
555 551 650 619 locos
665 552 950 622 consolationum
980 578 1036 620 re·
1090 550 1195 616 detur
1220 571 1293 617 esse
1317 552 1488 642 qaaaralam
1522 553 1676 638 iusticia,
1713 558 1894 647 videlicet,
1927 568 2077 660 nequis

36 651 131 728 pito,
158 651 219 718 sed
244 652 338 719 addo
363 651 452 721 alios
477 654 619 743 proprie
644 656 878 742 evangelicos,
947 654 1036 723 Nam
1089 664 1229 738 appetat
1262 654 1562 735 extraordinaria,
1601 671 1633 724 el
1663 659 1744 728 velit
1777 664 1847 729 stul
1881 667 2076 740 tnalot‘llttts

36 746 280 843 philosophici
315 777 355 821 ex
391 753 477 842 legis
505 754 666 824 doctrina
699 756 880 826 oriuntur.
955 755 1035 824 Nan
1089 753 1302 836 commodis,
1344 744 1449 845 quarm
1476 756 1539 823 alii
1569 759 1726 829 fortassis
1755 765 1953 851 digniores,
1993 770 2073 841 ideo

35 863 125 924 sunt
146 853 256 943 igitur
272 854 497 944 negligendi,
524 858 583 923 sed
608 869 726 927 tamen
750 858 833 925 addi
858 858 1036 945 evangeli.
1087 853 1333 945 inquitlllias:
1370 854 1447 923 Non
1464 880 1541 926 sum
1557 860 1684 929 melior
1698 865 1857 952 patribus
1872 869 1970 939 meis.
2022 869 2074 943 lta

35 977 101 1024 cos
122 967 275 1046 oportet.
341 954 390 1027 Et
413 954 544 1026 Paulus
569 957 606 1025 in
634 952 699 1026 hac
731 961 973 1029 consolatione
995 986 1036 1028 ex
1088 949 1145 1023 bic
1164 969 1429 1046 argumentatur
1445 956 1596 1029 Paulus:

34 1056 115 1147 tege
141 1055 247 1127 etiam
270 1059 380 1128 sumit
400 1073 625 1148 argumenta,
652 1074 690 1130 ut
709 1084 788 1130 cum
813 1063 858 1131 de
876 1060 1035 1132 Necessi-
1241 1058 1420 1128 Ferendus
1435 1075 1520 1131 sunt
1537 1086 1743 1133 communes
1759 1067 1938 1139 miseriae:

34 1171 111 1231 tate
126 1172 162 1228 et
179 1159 347 1251 exemplis
371 1161 471 1229 dicit.
970 1252 973 1257 Ι
1240 1159 1331 1230 Τοιε
1351 1184 1470 1230 rerum
1488 1177 1614 1234 natura
1634 1180 1730 1235 nrrnc
1747 1169 1902 1241 subiecta
1921 1184 1973 1242 est
1994 1196 2074 1247 cor·

348 1259 442 1331 Sunt
456 1262 565 1351 igitur
579 1254 619 1330 bi
638 1262 709 1332 loci
718 1291 726 1332 ε
1291 1264 1383 1332 tiuni
1407 1278 1441 1335 et
1457 1266 1583 1335 abusui
1601 1267 1810 1358 impiorum,
1837 1286 1869 1341 et
1885 1274 1992 1362 gemit
2008 1300 2074 1349 no·

145 1360 182 1433 1.
207 1357 422 1448 Necessitas,
449 1365 533 1456 quia
553 1360 629 1432 Deo
647 1387 787 1434 necesse
813 1367 870 1434 εει
879 1367 1036 1452 obedire,
1293 1366 1451 1451 hiscum,
1473 1370 1533 1437 sed
1550 1384 1707 1458 expectat
1724 1371 1985 1453 liberationem.

195 1460 291 1532 iusta
315 1464 474 1534 dictum:
518 1464 769 1535 Humiliamini
800 1469 866 1537 snb
898 1469 1033 1558 potenti
1237 1463 1334 1554 Ergo
1359 1480 1391 1536 ει
1415 1492 1480 1559 nos
1505 1472 1659 1541 feramus
1674 1488 1807 1561 partem
1830 1478 2073 1548 communium

196 1586 305 1634 manu
325 1561 423 1652 Dei,
463 1578 498 1635 et
524 1563 610 1636 baec
635 1568 838 1638 obedientia
862 1568 900 1640 lit
922 1571 1034 1639 sacri·
1186 1594 1190 1609 ¹
1292 1568 1539 1651 miseriarum,
1589 1586 1623 1642 el
1671 1589 1892 1666 expectemus
1940 1580 2074 1653 libere·

196 1663 326 1735 ficium.
1289 1668 1436 1738 tionem.

140 1766 179 1836 2.
214 1762 409 1857 Dignitatis
450 1768 593 1839 virtutis
634 1770 863 1841 anteferenda
904 1770 1034 1857 dolori,
1190 1765 1233 1837 ln
1258 1763 1324 1838 bac
1356 1770 1612 1868 prosopopoeia
1646 1777 1929 1865 consideremus,
1970 1785 2075 1876 quale

194 1890 278 1938 uam
306 1866 375 1940 hoc
394 1894 538 1964 quoque
564 1872 619 1940 les
643 1873 837 1965 praecipit,
869 1897 915 1943 ne
935 1874 1034 1947 fracti
1085 1868 1130 1938 sit
1154 1864 1221 1938 hoc
1244 1865 1387 1957 πάθος,
1412 1888 1445 1943 ει
1468 1897 1574 1964 qnam
1593 1875 1705 1946 dulce
1727 1896 1974 1969 argumentum
1989 1908 2074 1955 con.

193 1969 318 2041 dolore
334 1971 464 2042 iniuste
483 1973 664 2047 faciamus.
1085 1970 1220 2042 tinuat:
1248 1974 1297 2042 ait
1316 1996 1455 2061 gemere
1480 1989 1643 2044 naturam
1669 2002 1799 2050 rerum.
1851 1978 1930 2054 Etsi
1953 2000 2074 2059 autem

141 2071 179 2143 8.
204 2068 306 2143 Boua
325 2074 552 2145 conscientia.
1084 2073 1221 2142 coelum
1247 2088 1282 2144 et
1303 2088 1394 2145 terra
1419 2090 1503 2145 sunt
1516 2077 1593 2145 siue
1608 2101 1734 2160 sensu,
1757 2095 1876 2152 tamen
1893 2091 2074 2177 corruptio

140 2170 180 2247 4.
207 2171 401 2245 Promissio
421 2176 641 2249 remissionis
664 2189 888 2270 peccatorum
915 2189 951 2248 et
976 2198 1034 2245 re-
1084 2186 1118 2244 et
1133 2168 1305 2246 horrendi
1322 2178 1454 2248 abusus
1477 2201 1596 2247 rerum
1621 2181 1658 2249 in
1682 2185 1817 2253 mundo
1839 2201 1922 2257 sunt
1946 2189 2075 2260 tristis-
2145 2225 2154 2250 ι

194 2277 468 2349 conciliationis.
1084 2275 1171 2345 sima
1186 2280 1399 2368 spectacula,
1431 2295 1464 2349 et
1479 2281 1584 2350 dolor
1599 2295 1650 2354 est
1669 2282 1707 2351 in
1722 2287 1852 2356 sanctis
1870 2290 2075 2380 aspicienti·

141 2375 179 2448 d.
203 2373 396 2450 Promissio
422 2378 547 2451 auxilii
572 2379 709 2462 divini,
735 2379 968 2469 mitigationis
993 2404 1033 2450 ac
1084 2377 1150 2445 bus
1174 2374 1265 2449 hauc
1288 2381 1571 2465 deformitatem,
1612 2396 1647 2454 et
1678 2387 1918 2474 cogitantibus
1937 2415 2073 2464 causas:

192 2482 410 2573 praesentiae
425 2479 493 2552 Dei
509 2483 548 2550 iu
568 2482 655 2572 ipsis
673 2483 866 2567 aerumnis.
1083 2473 1181 2549 hunc
1204 2480 1365 2552 dolorem
1388 2485 1555 2556 transfert
1580 2486 1623 2554 ad
1647 2486 1760 2578 ipsam
1774 2513 1894 2561 rerum
1910 2509 2073 2565 naturam

142 2581 179 2653 6.
213 2581 407 2654 Promiseio
429 2583 652 2652 liberationis
672 2583 788 2654 finalis
813 2597 849 2656 et
871 2596 1031 2655 aeternae
1084 2581 1122 2648 iu
1146 2577 1212 2652 hac
1234 2587 1501 2675 prosopopoeia.
1569 2585 1650 2657 Nou
1675 2589 1845 2660 dolebant
1867 2595 1962 2663 muri
1992 2619 2075 2685 pro-

193 2686 336 2772 salutis,
362 2685 454 2756 sicut
472 2686 537 2755 Iob
553 2685 686 2779 iuquit:
722 2684 871 2757 Etiamsi
895 2687 1033 2757 occidet
1083 2676 1242 2775 phanato
1263 2688 1395 2778 templo
1421 2686 1675 2782 lerosolymae,
1700 2693 1760 2761 aed
1788 2694 1956 2767 dolebant
1973 2695 2074 2768 Mac-

193 2809 269 2867 me‚
292 2790 442 2880 sperabo
460 2787 498 2854 in
519 2787 590 2856 eo.⁸
709 2856 714 2866 ,
1083 2785 1202 2854 cabaei
1219 2788 1329 2858 etalii
1352 2788 1483 2870 sancti,
1511 2791 1669 2862 videntes
1690 2787 1783 2863 banc
1801 2807 1929 2864 terram
1955 2799 2074 2869 defor·
2161 2782 2165 2789 ⁵

142 2884 177 2959 7.
210 2885 382 2982 Exenapla
398 2889 462 2958 lilii
478 2886 545 2958 Dei
563 2903 597 2960 et
612 2888 800 2959 universae
815 2883 1004 2959 Ecclesiae.
1083 2888 1259 2974 mitatem,
1285 2893 1519 2961 contumelias
1532 2888 1621 2976 Dei,
1644 2916 1747 2963 neces
1763 2897 1915 2981 civium,
1940 2912 2075 2971 matro-

52 3016 59 3033 ·
144 2989 183 3061 8.
208 2987 342 3060 Causae
357 2984 491 3075 finales,
514 2993 597 3084 quia
616 2991 810 3081 affligimur
826 3012 898 3058 non
915 3004 955 3060 ut
971 3013 1031 3080 pe-
1083 3012 1232 3070 uarnm,
1257 3014 1447 3081 puerorum
1464 3007 1499 3065 et
1520 2994 1717 3083 puellarum
1733 2997 1834 3065 exilia
1853 3011 1886 3066 et
1904 2998 1991 3071 alias
2016 3026 2073 3072 ca·

193 3114 355 3172 reamur,
394 3094 455 3164 sed
479 3105 521 3162 ut
544 3116 753 3164 revocemur
775 3094 820 3162 ad
847 3092 1030 3183 poeniten·
1083 3091 1266 3166 lamitates.
1315 3090 1357 3162 ln
1372 3093 1503 3165 talibus
1518 3094 1685 3186 exemplis
1698 3098 1960 3186 consideretur,
1986 3126 2073 3197 qua·

188 3193 287 3266 tiam.
347 3191 456 3283 ltem,
481 3207 523 3266 nt
548 3207 707 3279 crescant
734 3195 774 3264 in
797 3194 902 3264 nobis
925 3193 1033 3265 timor
1082 3193 1126 3263 lis
1144 3193 1190 3264 sit
1208 3188 1576 3287 baecprosopopoeia.

191 3295 282 3381 Dei,
309 3296 416 3381 fides,
440 3297 632 3372 invocatio.
682 3295 788 3383 Item,
814 3309 854 3368 ut
881 3296 920 3365 in
945 3320 1032 3367 con·
1182 3291 1323 3366 Deinde
1352 3299 1534 3390 perspicua
1557 3298 1724 3368 refutatio
1750 3312 1802 3370 est
1816 3297 2073 3388 Epicureorum
2113 3334 2118 3341 ·

191 3396 347 3469 fassione
365 3399 566 3470 celebretur
586 3399 691 3472 Deus.
1087 3394 1125 3465 in
1140 3390 1209 3467 hoc
1224 3413 1443 3487 argumento.
1477 3399 1816 3489 Sicargumentatur
1829 3398 2023 3494 Epicurum

139 3499 178 3575 9.
202 3497 355 3573 Collatia
379 3515 592 3586 eventuum,
622 3515 663 3572 ut
685 3500 812 3573 melius
835 3500 905 3571 fuit
926 3497 1031 3569 lona·
1240 3497 1312 3570 Ubi
1334 3523 1408 3570 uon
1430 3518 1482 3576 est
1503 3503 1614 3589 ordo,
1641 3503 1693 3573 ibi
1714 3526 1790 3572 non
1815 3516 1866 3574 est
1881 3507 2074 3597 providen-

192 3596 276 3673 tbaa
298 3603 413 3688 mori,
439 3627 546 3697 quam
575 3603 653 3673 lieri
673 3602 868 3697 aliquando
895 3597 1031 3673 hostem
1291 3602 1340 3672 tia
1357 3599 1435 3675 Dei.

193 3702 356 3779 Devidis.
1159 3746 1163 3753 ·
1237 3699 1280 3771 ln
1298 3707 1431 3775 mundo
1448 3727 1522 3773 non
1538 3717 1589 3773 est
1605 3706 1715 3789 ordo,
1740 3706 1824 3800 quia
1846 3728 1950 3800 saepe
1970 3712 2074 3781 malis

115 3802 220 3876 Hauc
241 3807 386 3877 brevem
410 3828 591 3876 summam
606 3803 793 3875 doctrinae
815 3805 859 3874 de
880 3827 984 3874 cruce
999 3815 1033 3875 et
1290 3804 1419 3876 melius
1434 3820 1486 3877 est
1502 3830 1606 3898 quam
1625 3807 1740 3876 bonis.

35 3909 86 3981 de
106 3908 414 3980 consolationibus
439 3909 642 3977 intueamur
656 3907 762 3976 etiam
781 3906 819 3975 iu
835 3901 901 3976 bac
914 3906 1033 3997 splen·
1234 3901 1328 3995 Ergo
1343 3930 1416 3976 uon
1435 3908 1568 3999 regitur
1583 3910 1738 3979 mundns
1757 3907 1997 4000 providentia.

37 4010 228 4083 didissima
250 4009 355 4081 Pauli
377 4010 568 4097 concione,
606 4006 646 4076 in
661 4031 730 4100 qua
753 4010 909 4096 primum
928 4030 1032 4098 argu·
1084 4003 1216 4078 Paulus
1233 4020 1355 4077 contra
1375 4022 1656 4100 argumentatur:
1746 4074 1749 4079 ,
1832 4074 1835 4079 .

36 4126 204 4186 mentum
235 4125 393 4183 sumtum
424 4125 477 4183 est
505 4111 552 4180 ab
583 4109 680 4178 exitu
711 4108 968 4195 afflictionum,
1001 4122 1035 4179 et
1237 4106 1328 4182 Cum
1362 4124 1486 4182 natura
1519 4114 1564 4181 sit
1587 4111 1800 4203 pulcerrime
1823 4107 2009 4192 ordinata,
2039 4124 2073 4182 et

39 4214 144 4287 busli
160 4213 373 4285 liberatione
394 4227 430 4284 et
450 4225 593 4283 aeterna
612 4211 738 4283 salute.
785 4209 876 4281 Nam
893 4207 962 4281 boc
976 4235 1033 4280 ar·
1288 4224 1406 4281 tamen
1434 4215 1504 4283 iam
1530 4213 1575 4283 sit
1607 4211 1793 4303 multiplex
1822 4210 1975 4297 abusus,
2008 4234 2073 4282 ne-

38 4328 249 4407 gumentum
270 4315 499 4408 praecipuum
521 4328 590 4384 est:
618 4311 724 4383 Mens
743 4313 870 4384 videns
887 4315 1035 4399 bonum,
1288 4336 1382 4383 cesae
1400 4329 1451 4385 est
1466 4316 1652 4407 utriusque
1668 4316 1720 4382 rei
1734 4335 1855 4382 causas
1871 4333 1957 4386 esse.

39 4419 179 4490 sedicet
193 4431 373 4490 aeternam
398 4418 547 4488 salutem
565 4415 738 4501 laetatur,
760 4428 795 4485 et
819 4416 938 4485 minus
956 4438 1035 4483 mo·
1239 4409 1392 4485 Ordinis
1405 4439 1508 4487 causa
1523 4412 1617 4484 Dens
1634 4428 1696 4494 εει,
1711 4416 1771 4483 sed
1785 4414 1961 4484 abusuum
1970 4436 2073 4487 cansa

40 4535 148 4593 uetur
185 4506 362 4613 praesenti
393 4519 550 4603 dolore,
591 4541 697 4611 quem
727 4519 791 4588 scit
828 4518 936 4587 breve
968 4517 1037 4585 iter
1291 4531 1472 4609 peccatum
1494 4531 1563 4600 est,
1596 4540 1662 4586 nec
1686 4530 1803 4587 tamen
1820 4516 1920 4587 Deus
1941 4516 2073 4588 frustra

42 4645 130 4697 esse.
189 4623 243 4693 Ac
264 4644 368 4715 saepe
389 4621 564 4713 repetitur
586 4613 654 4690 hoc
679 4618 908 4712 praecipuum
930 4640 1035 4707 argu·
1294 4620 1456 4690 condidit
1473 4613 1540 4687 boc
1558 4617 1808 4707 pulcerrimum
1825 4639 1926 4707 opus.

41 4735 205 4797 mentum
221 4724 262 4794 iu
285 4719 353 4796 ltac
375 4724 451 4817 ipsa
467 4721 572 4792 Pauli
592 4723 781 4807 concione,
809 4719 906 4813 quod
932 4720 1035 4791 initio
1240 4714 1321 4790 Non
1340 4722 1448 4810 igitur
1464 4732 1654 4819 perpetuus
1672 4719 1738 4788 erit
1753 4713 1811 4789 bic
1828 4720 1971 4809 abusus.
2020 4714 2073 4789 lta

40 4829 169 4900 recitat
184 4821 243 4897 bis
256 4826 393 4897 verbis:
418 4823 581 4897 Decemo
597 4823 808 4894 afflictiones
821 4818 931 4896 buius
948 4837 1039 4897 tern-
1295 4822 1474 4893 calamitas
1501 4843 1665 4914 praesens
1687 4820 1929 4891 testimonium
1948 4830 2001 4890 est
2015 4818 2075 4890 fu·

33 4930 164 5024 poris,
189 4950 265 5000 uon
279 4951 354 5000 esse
372 4951 473 5022 pares
489 4939 661 4998 venturae
679 4927 825 5016 gloriae.
1118 4976 1122 4985 ι
1293 4938 1393 4995 turae
1427 4922 1660 4995 liberationis.
1720 4920 1816 5012 Quia
1850 4942 2074 5017 nequaqnam

1292 5027 1564 5097 existimandum
1594 5038 1665 5111 est,
1715 5019 1784 5094 hoc
1822 5022 2075 5114 pulcerrimum

233 5091 342 5172 Nm
359 5093 566 5196 mmm
581 5102 771 5166 mmm
786 5102 848 5166 ‘¹⁰‘
1293 5128 1422 5199 muudi
1438 5126 1617 5220 opificium
1632 5140 1771 5198 tautum
1784 5126 1828 5194 ad
1849 5124 1929 5193 illas
1950 5120 2077 5195 confu-

146 5231 356 5310 Secundum
379 5245 627 5327 argumentum
655 5231 700 5303 ab
724 5229 886 5322 exemplo
912 5227 1039 5300 mnndi
1294 5230 1413 5301 siones
1443 5232 1483 5301 in
1513 5252 1655 5301 omnem
1679 5225 1922 5299 aeternitatem
1950 5224 2077 5298 cnudi-
2107 5236 2112 5244 “

43 5351 206 5415 sumtum
225 5351 290 5411 est.
911 5418 914 5425 V
1296 5348 1374 5404 tum
1389 5355 1474 5409 esse.

99 5438 291 5514 Metam.
318 5442 423 5512 Oen.
447 5441 533 5509 vas.
560 5438 640 5506 XV.
733 5470 736 5475 ·
1543 5431 1593 5504 61
