4530 5776
33 128 37 137 ’
164 162 298 257 asts

788 153 916 229 ento.
943 151 1059 227 MEL.
1086 147 1296 225 scotera
1321 144 1623 227 EXEGETICA.
2129 155 2208 231 tate

198 336 482 410 conformitatem
504 357 585 403 cum
603 328 700 414 Deo,
726 329 816 399 sicut
837 328 943 397 initio
966 321 1074 396 homo
1100 348 1187 395 con·
1238 323 1324 395 tatio
1345 347 1406 393 seu
1433 323 1696 395 coniunctionis
1714 339 1748 396 et
1767 324 1979 399 concordiae
1997 330 2209 405 conservatio.

115 444 117 449 ’
200 444 298 514 ditus
323 455 393 524 εει,
427 433 562 509 habens
593 456 692 503 veras
716 429 866 501 notioias
895 443 930 500 ει
959 428 1188 499 conformita·
1237 425 1389 496 Dilectio
1415 438 1468 495 est
1491 424 1672 496 vinculum
1696 430 2013 519 coagmentationis
2038 424 2210 517 Ecclesiae,

200 559 272 615 tem
296 544 333 611 in
358 541 538 611 voluntate
562 551 594 608 et
618 536 724 605 corde
748 557 828 603 cum
853 530 940 604 Deo.
990 527 1036 598 Et
1055 528 1188 599 dulcis·
1238 529 1274 597 id
1287 530 1471 613 est,donec
1487 528 1642 599 retinent
1658 531 1819 599 doctores
1834 532 2077 617 dilectionem,
2092 533 2210 603 etiarnsi

202 647 289 716 sime
304 640 364 715 hic
378 643 525 714 dicitur:
552 636 761 711 Renovetur
776 658 890 705 novus
903 630 1011 703 homo
1027 633 1071 701 ad
1088 632 1187 720 agni·
1237 630 1416 700 interdum
1435 629 1580 715 a'ccidit,
1611 642 1652 701 ut
1667 631 1765 700 aliud
1782 633 1882 703 alteri
1901 632 2086 719 videatur,
2111 646 2210 705 ιεεεεε

202 749 359 839 tionem,
402 758 443 814 nt
462 744 613 814 sciamus
637 740 675 808 in
703 738 861 807 novitate
887 734 1031 807 accendi
1060 756 1190 803 novam
1239 756 1313 801 nou
1332 756 1412 799 uror
1433 730 1648 803 dilaceratur
1666 728 1844 814 Ecclesia,
1869 738 1931 805 sed
1956 734 2056 809 docti
2076 736 2209 807 tolerant

143 884 149 899 r
201 851 337 930 lucem,
365 861 397 917 et
413 845 555 940 quidem
574 866 659 912 voce
674 835 873 929 Evangelii.
1240 833 1452 903 infirmiores
1476 846 1506 902 et
1531 832 1670 925 placide
1692 837 1835 905 student
1858 859 2004 924 sanare,
2047 850 2082 908 et
2107 860 2210 909 mrsus

306 946 485 1021 Osiander
504 946 572 1015 alia
595 943 774 1037 quaedam,
790 941 947 1032 disputat
971 938 1014 1008 de
1037 935 1190 1026 imagine
1240 935 1452 1004 infirmiores
1474 959 1549 1004 non
1572 934 1746 1024 gravatim
1762 938 1915 1011 audiunt
1930 941 2020 1011 alios
2043 940 2211 1021 doctiores,

201 1052 285 1125 Dei:
316 1049 493 1121 nominari
509 1043 690 1117 hominem
708 1043 895 1133 imaginem
912 1038 991 1129 Dei,
1007 1053 1190 1131 propterea
1239 1037 1330 1108 sicut
1355 1036 1508 1108 modesti
1531 1037 1597 1105 filii
1622 1060 1722 1107 senes
1746 1054 1931 1132 parentes,
1967 1041 2060 1113 sicut
2081 1040 2210 1113 dicitur:

204 1156 287 1250 quia
315 1154 410 1222 filius
427 1150 534 1221 luerit
557 1161 776 1217 assumturus
799 1139 990 1214 humanam
1016 1153 1191 1210 naturam.
1234 1136 1400 1211 Ἀκὲσεαι
1417 1130 1458 1209 δὲ
1478 1135 1609 1233 φρένες
1626 1136 1787 1226 ἐσθλῶν,
1807 1142 1930 1237 idest,
1952 1142 2128 1215 sanabiles
2144 1157 2211 1214 sunt

202 1257 283 1327 Hoc
308 1279 430 1325 verum
456 1264 525 1335 est,
551 1249 611 1319 sed
635 1262 754 1319 tamen
775 1240 1029 1335 comprehendi
1052 1264 1190 1311 necesse
1239 1241 1349 1312 animi
1376 1242 1565 1310 bonorum.

206 1375 276 1439 est,
303 1357 486 1426 veritatem
504 1365 538 1422 ει
553 1349 751 1429 iusticiam,
784 1372 853 1440 qua
868 1346 1043 1415 elhcimur
1059 1344 1192 1412 similes

203 1461 297 1547 filio,
324 1456 563 1529 sanctificante
579 1475 645 1522 nos
660 1447 736 1520 Deo
753 1463 787 1521 et
803 1449 1020 1519 assimilante
1036 1447 1122 1516 filio.
1241 1408 1370 1485 sm'w
1397 1400 1547 1482 Ch'l‘l‘·
1572 1404 1716 1481 ''⁰5¹‘'
1745 1409 1784 1480 ln
1816 1409 1918 1483 ⁰⁰bl⁸
1941 1409 2132 1510 Wlfflin
2150 1434 2214 1485 Μ’

1515 1511 1619 1583 omui
1641 1511 1828 1611 sapientia
1855 1522 1917 1590 elc.

322 1625 403 1702 Ubi
416 1648 479 1697 nec
493 1618 660 1696 Graecus
675 1627 727 1690 ⁶⁸¹
746 1642 808 1688 Μ
823 1612 990 1689 Illam-⁹
1008 1624 1072 1690 ⁶¹⁶·
1347 1645 1445 1718 luter
1474 1649 1678 1741 praecipuas
1701 1652 1894 1722 sententias
1923 1646 2033 1721 huius
2054 1648 2217 1743 Epistulae

308 1766 458 1855 Semper
478 1763 722 1851 inconspectu
741 1755 788 1826 sit
813 1753 973 1827 doctrina
1000 1753 1045 1821 de
1065 1751 1195 1823 distin·
1245 1744 1387 1822 ethanc
1409 1751 1610 1820 meminisse
1633 1765 1793 1842 oportet,
1827 1776 1980 1846 cumque
2003 1753 2217 1844 multasgrs-

207 1871 324 1941 ctione
355 1865 513 1936 iustitiae
535 1857 724 1955 Evangelii
752 1871 787 1928 ει
810 1880 930 1927 rerum
958 1853 1195 1947 politicarum.
1246 1852 1405 1922 vissimas
1422 1852 1684 1923 admonitiones
1697 1857 1887 1941 contineat,
1909 1855 2117 1946 praesertim
2135 1878 2217 1925 conr-

207 1970 444 2060 Evangelium
461 1989 535 2035 non
551 1964 675 2033 condit
690 1982 801 2030 novas
814 1958 974 2052 politiae,
1006 1957 1094 2026 sicut
1118 1953 1195 2025 Lo·
1247 1957 1452 2024 mandantes
1474 1956 1656 2025 doctrinae
1677 1957 1853 2042 studium,
1875 1958 2068 2046 diligenter
2084 1972 2117 2045 et
2130 1979 2217 2049 saepe

209 2070 351 2145 riothus
373 2069 485 2140 etalii
508 2066 611 2135 multi
630 2064 783 2153 fingunt:
817 2062 877 2131 sed
899 2059 1131 2130 concionatur
1152 2058 1196 2125 de
1246 2057 1503 2129 consideranda
1530 2071 1593 2130 εει.
1647 2055 1812 2131 Primum¹
1834 2055 1893 2128 hic
1916 2060 2002 2149 legis
2026 2061 2219 2129 mandatum

209 2172 429 2269 poenitentia
456 2169 677 2263 singulsgpm
703 2164 743 2234 in
766 2164 890 2251 corde,
931 2163 1032 2233 etde
1055 2159 1198 2229 restitu-
1248 2158 1411 2229 divinum
1434 2181 1525 2243 esse,
1558 2171 1599 2228 ut
1620 2159 1817 2228 doctrinam
1841 2156 1977 2232 Christi
2001 2175 2098 2232 recte
2122 2160 2219 2231 disca.

209 2281 308 2349 tione
327 2288 489 2345 aeternae
512 2266 672 2339 iusticiae
689 2279 724 2337 et
743 2266 834 2334 vitae
857 2266 893 2332 in
916 2263 1082 2353 singulis,
1107 2283 1197 2354 quae
1249 2284 1345 2344 mus,
1372 2273 1407 2330 et
1422 2255 1598 2351 emphasis
1613 2274 1665 2330 est
1681 2261 1831 2351 insignis
1854 2262 1988 2332 verbis:
2010 2260 2168 2335 ,Habitet
2189 2262 2220 2329 iu
2255 2316 2258 2331 2

208 2378 386 2451 restitutio
410 2375 448 2446 fit
471 2375 547 2464 ipso
573 2372 646 2440 filio
668 2366 736 2437 Dei
757 2367 957 2436 vivificante
980 2366 1088 2436 corda
1114 2385 1199 2432 voce
1249 2364 1370 2446 vobis,
1396 2376 1428 2432 ct
1445 2364 1587 2455 quidem
1604 2363 1802 2455 opulenter.
1855 2362 2221 2435 Familiarissimenoti

212 2478 420 2568 Evangelii,
454 2489 488 2545 et
516 2476 621 2544 dante
653 2469 826 2560 Spiritum
848 2481 1029 2541 sanctum.
1095 2462 1200 2534 Foris
1249 2479 1332 2535 sunt
1353 2465 1416 2556 qui
1434 2463 1618 2535 nobiscum
1636 2459 1809 2539 habitent.
1861 2465 1960 2538 Scias
1977 2467 2085 2537 etiam
2102 2490 2178 2534 vere
2191 2465 2220 2532 iu

211 2597 328 2653 autem
346 2579 431 2649 sinit
448 2599 514 2647 nos
532 2574 584 2644 uti
599 2574 638 2643 in
656 2572 727 2640 vita
743 2569 917 2660 corporali
936 2567 1085 2637 diversis
1106 2566 1199 2658 poli·
1249 2567 1314 2636 illo
1330 2580 1468 2656 pectore
1481 2563 1596 2635 Deum
1613 2566 1728 2657 ipsum
1745 2560 1927 2651 habitare,
1954 2568 1992 2636 in
2009 2592 2082 2663 quo
2106 2569 2224 2658 cogita·

215 2685 293 2754 ticis
317 2681 469 2771 legibus,
496 2676 526 2748 si
542 2700 615 2745 non
631 2685 790 2766 pugnent
805 2695 884 2741 cum
901 2671 1037 2760 legibus
1055 2682 1200 2739 natura·
1249 2684 1310 2741 tur
1326 2668 1487 2738 doctrina
1504 2669 1548 2736 de
1564 2667 1795 2739 conversione
1810 2670 1855 2739 ad
1871 2670 2013 2756 Deum,
2045 2682 2080 2740 et
2096 2669 2136 2739 in
2151 2691 2223 2738 con-

214 2788 329 2865 libus,
353 2785 443 2851 sieut
467 2778 529 2849 alii
553 2778 633 2846 aliis
656 2776 745 2846 cibis
768 2786 937 2857 utuntur,
963 2785 1024 2841 aut
1039 2771 1099 2839 alii
1122 2770 1200 2838 aliis
1251 2771 1424 2840 solatione
1443 2784 1478 2840 et
1491 2769 1736 2855 invocatione,
1765 2772 1855 2842 sicut
1878 2794 2039 2863 expresse
2061 2768 2225 2843 Dominus

215 2887 339 2977 spatiis
355 2885 505 2966 dierum,
557 2871 1200 2970 ldeohicinqnit,nonessediscri·
1251 2872 1386 2966 inquit:
1419 2870 1458 2941 si
1478 2871 1557 2965 quis
1581 2873 1699 2961 diligit
1717 2896 2007 2964 me,sermonem
2030 2898 2148 2943 meum
2163 2894 2224 2941 ser·

214 3013 296 3058 men
324 2984 453 3056 Graeci
476 2997 510 3053 et
538 2980 671 3053 ludaei.
726 2975 829 3048 Hane
859 2976 1071 3046 sententiam
1100 2996 1201 3064 saepe
1252 2975 1370 3057 vahit,
1411 2986 1445 3042 et
1470 2988 1569 3063 pater
1590 2996 1689 3043 meus
1711 2975 1834 3064 diliget
1858 3000 1958 3059 eum,
1998 2990 2032 3046 ει
2055 2976 2226 3044 veniemus

214 3089 398 3181 repetivit,
439 3087 521 3179 quia
550 3079 839 3168 pseudoapostoli
873 3080 1039 3148 volebant
1068 3072 1202 3147 Gentes
1251 3079 1295 3146 ad
1313 3099 1414 3159 eum,
1441 3089 1474 3146 et
1488 3075 1708 3145 mansionem
1725 3077 1818 3167 apud
1837 3101 1918 3145 eum
1933 3076 2117 3150 faciemus.

214 3198 258 3263 ad
279 3191 437 3282 politiam
458 3188 636 3259 Iudaicam
666 3183 828 3272 alligare,
855 3181 943 3250 sicut
965 3193 1086 3249 nostro
1111 3190 1199 3247 tem·
1353 3175 1497 3246 Placent
1519 3178 1626 3266 igitur
1641 3174 1717 3246 Deo
1738 3178 1842 3247 lectio
1864 3194 1897 3250 et
1919 3180 2087 3270 cogitatio
2109 3176 2227 3249 doctri·

214 3319 301 3387 pore
321 3289 584 3362 Carolostadius
608 3300 640 3356 et
663 3284 724 3354 alii
747 3284 913 3354 volebant
936 3282 1053 3350 delere
1079 3291 1112 3348 ει
1133 3279 1202 3348 ιοΙ-
1253 3303 1337 3360 nae,
1365 3293 1399 3349 et
1419 3303 1480 3369 per
1500 3302 1576 3347 eam
1593 3276 1689 3348 Deus
1706 3291 1757 3348 est
1778 3278 1903 3367 efficax
1918 3295 1953 3351 et
1968 3276 2107 3350 habitet
2123 3280 2160 3349 in
2174 3302 2227 3348 no·

2253 2250 2257 2311 l

215 3399 289 3465 lere
318 3394 373 3463 ius
399 3389 625 3473 Romanum,
665 3398 700 3457 et
730 3408 785 3454 res
809 3385 966 3455 iudicare
992 3406 1034 3450 ex
1064 3381 1203 3475 legibus
1252 3383 1319 3451 his.
1372 3375 1485 3449 Addit
1509 3393 1646 3466 autern,
1679 3377 1779 3451 Cum
1794 3382 1913 3451 omnia
1934 3382 2122 3472 sapientia.
2170 3378 2260 3459 Ire-3

214 3495 323 3569 Mosi.

318 3592 450 3667 Contra
482 3593 572 3680 tales'
597 3613 735 3675 errores
776 3584 974 3654 confirmati
1003 3584 1112 3653 simus
1146 3575 1204 3651 his
1256 3581 1423 3653 haeretici
1449 3597 1482 3653 et
1506 3605 1630 3653 omnes
1662 3584 1962 3676 praestigiatores,
1998 3587 2061 3655 sed
2092 3588 2227 3654 εἱειειε-

214 3697 319 3770 Pauli
337 3697 457 3779 dictis,
472 3709 507 3764 et
524 3705 615 3763 recte
628 3693 875 3761 discernantur
892 3687 1042 3767 iusticia,
1060 3697 1205 3776 propter
1257 3686 1389 3777 pientia
1414 3684 1557 3774 legunt,
1573 3684 1617 3754 id
1642 3699 1712 3771 est,
1736 3687 1851 3757 lentes
1876 3711 1950 3756 non
1975 3701 2070 3757 recte
2095 3689 2228 3767 discunt,

216 3825 323 3896 quam
340 3799 433 3869 filius
450 3793 517 3866 Dei
533 3795 659 3863 missus
675 3805 742 3876 est,
768 3801 801 3858 et
819 3790 907 3858 ordo
923 3788 1098 3876 politicus.
1136 3783 1203 3857 Di·
1256 3788 1417 3881 quisunt
1437 3787 1474 3854 in
1492 3788 1576 3877 ipsis
1601 3787 1702 3858 libris
1726 3783 1941 3879 propheticis
1960 3804 1994 3860 et
2018 3787 2227 3879 apostolicis,

216 3903 265 3974 cit
283 3916 414 3986 autem,
430 3899 549 3969 omnia
568 3897 605 3965 in
624 3895 790 3964 omuibus
807 3913 880 3961 esse
899 3885 1101 3973 Christum,
1126 3912 1205 3958 om·
1255 3903 1292 3958 ut
1304 3887 1462 3978 Papistae
1479 3912 1552 3958 non
1568 3889 1772 3960 discernunt
1780 3888 1908 3981 Legem
1924 3903 1959 3963 et
1967 3889 2227 3961 Promissioneut

215 4006 296 4089 nia,
336 4003 498 4072 videlicet
531 3996 673 4089 propria
702 3994 788 4065 novi
811 3986 968 4062 hominis
991 4004 1074 4062 sunt
1098 3987 1204 4059 Chri·

217 4122 310 4185 stus,
345 4105 493 4184 scilicet,
527 4125 598 4194 quo
622 4100 667 4167 ad
693 4097 858 4166 meritum
888 4107 920 4163 ει
944 4116 1016 4186 que
1047 4092 1091 4159 ad
1120 4090 1204 4159 effe-

218 4210 391 4291 ctionem,
419 4230 479 4275 seu
504 4228 577 4300 quo
601 4202 644 4272 ad
665 4201 812 4290 gratiam
836 4210 868 4278 et
894 4221 965 4287 quo
992 4196 1035 4263 ad
1060 4194 1205 4261 donum.

217 4305 363 4381 Christro
378 4310 490 4379 factus
506 4319 557 4375 est
573 4303 640 4374 tibi
659 4300 810 4383 iusticia,
826 4314 866 4370 ut
884 4296 1047 4365 videlicet
1064 4306 1214 4386 propter·

219 4436 299 4480 eum
318 4413 513 4502 imputetur
534 4404 671 4478 iusticia
680 4455 692 4488 ,
723 4419 755 4474 et
771 4399 877 4469 simul
897 4396 1031 4468 esttibi
1050 4397 1206 4464 vivifica-

218 4525 293 4594 tor,
320 4512 500 4580 vivificans
516 4533 577 4580 cor
595 4529 682 4577 voce
696 4500 902 4592 Evangelii,
930 4513 963 4570 et
987 4502 1075 4568 dans
1091 4496 1205 4590 Spiri-

219 4630 295 4684 tum
319 4627 491 4720 sanctum.

117 4768 123 4785 ⁸
221 4780 340 4879 Super
357 4772 447 4848 tace
468 4772 597 4848 habete
621 4773 866 4858 dilectionem,
894 4776 1059 4869 quaeest
1085 4764 1209 4838 vineu-

503 4877 579 4947 lum
602 4872 838 4976 perfectionis
864 4883 924 4944 etc.

321 5018 474 5092 Dilectio
502 5028 552 5084 est
583 5013 765 5091 vinculum
795 5007 1030 5104 perfectionis.
1092 5002 1208 5072 Voca-

1256 3990 1406 4080 gratiae,
1439 3990 1553 4060 cultus
1577 3991 1750 4062 divinitus
1775 3995 1980 4078 mandatos,
2014 4007 2050 4064 ει
2075 3990 2226 4086 supersti-

1257 4093 1371 4162 tiones
1399 4092 1444 4160 ah
1474 4087 1682 4162 hominibus
1710 4094 1931 4183 excogitatas.
1991 4094 2227 4188 Anahaptistae

1257 4194 1484 4263 contundunt
1509 4195 1708 4264 doctrinam
1731 4198 1775 4266 de
1792 4196 1929 4266 iusticia
1948 4210 2093 4268 aeterna
2114 4199 2150 4266 in
2166 4216 2228 4265 cot·

1257 4297 1301 4364 de
1328 4310 1362 4365 et
1384 4296 1428 4363 de
1452 4295 1522 4365 vita
1545 4296 1708 4388 politica,
1738 4298 1876 4387 fingunt
1901 4295 2140 4390 Evangelium
2162 4300 2228 4367 bar·

1258 4398 1393 4466 bariem
1420 4420 1512 4477 esse,
1559 4422 1647 4491 quae
1680 4400 1825 4470 damnet
1854 4402 2018 4471 ordinem
2050 4400 2230 4492 politicum.

1258 4499 1445 4569 Antinomi
1463 4523 1536 4568 non
1552 4501 1757 4571 discernunt
1774 4514 1913 4593 peccata
1925 4516 2050 4574 contra
2066 4502 2230 4573 conscien-

1259 4601 1344 4670 tiam
1369 4602 1414 4669 ab
1436 4601 1515 4670 aliis
1541 4616 1605 4670 etc.

1311 4753 1321 4765 .
1360 4700 1493 4771 Addita
1519 4715 1569 4772 est
1592 4701 1701 4791 igitur
1721 4698 1781 4775 hic
1803 4704 2020 4790 admonitio,
2045 4717 2089 4776 nt
2112 4704 2232 4798 sapien·

1260 4817 1315 4874 ter
1332 4803 1594 4872 consideremus
1615 4807 1777 4875 ordinem
1794 4808 1977 4878 doctrinae
1993 4824 2029 4880 ct
2043 4806 2232 4880 discrimina

1261 4907 1525 4989 membrorum,
1568 4906 1672 4977 sicuti
1693 4907 1782 4977 alibi
1804 4909 1902 4979 iubet
1925 4933 2130 4996 sermonem
2157 4905 2233 4977 divi-

1262 5031 1348 5075 num
1374 5003 1614 5101 ὀρθοτομεῖν.
1679 5005 1728 5078 Ει
1754 5008 1940 5104 Syracides
1962 5011 2086 5106 iuquit
2110 5008 2233 5103 caph:

222 5127 346 5195 bulum
371 5114 603 5192 perfectionis
630 5110 689 5182 hic
722 5137 795 5182 non
826 5113 1044 5200 intelligatur
1075 5107 1212 5199 privata
1263 5107 1366 5198 Quae
1395 5109 1566 5202 praecipit
1588 5109 1653 5180 tihi
1674 5105 1790 5192 Deus,
1815 5107 1901 5183 haec
1917 5115 2033 5203 cogita
2051 5128 2186 5197 sancte,
2205 5109 2233 5176 id

1254 3494 1343 3572 gunt
1365 3475 1621 3572 Prophetarum
1651 3495 1685 3552 et
1706 3479 1962 3574 Apostolorum
1991 3484 2108 3553 libros
2137 3482 2227 3554 etiem
2258 3476 2260 3527 !

223 5226 390 5309 perfectio
425 5222 531 5291 unius
563 5237 733 5309 personae
764 5236 826 5282 seu
869 5212 1020 5305 perlecta
1054 5209 1213 5301 impletio
1263 5224 1338 5293 est,
1365 5211 1477 5279 retine
1492 5211 1649 5281 nativam
1664 5216 1873 5283 sententiam
1894 5216 1995 5285 verbi
2010 5213 2099 5299 Dei,
2123 5239 2181 5284 trec
2195 5210 2264 5281 al·'

223 5330 323 5417 legis:
352 5328 410 5395 sed
426 5323 645 5412 intelligatur
666 5313 824 5410 corporis
838 5311 1015 5409 Ecclesiae
1028 5333 1215 5404 coagmen·
1265 5312 1392 5405 fingito
1421 5308 1623 5407 prophanas
1648 5312 1855 5409 opiniones,
1892 5317 1983 5388 sicut
2011 5320 2178 5390 usitatum
2197 5323 2234 5382 ett
