4522 5782
70 142 174 221 sam
303 134 408 214 xm.
458 137 494 213 r.
521 124 1232 267 rnmmnoartsr.enron1s
1258 132 1328 213 tn
1355 78 1711 243 nuornnun
1738 140 1846 220 car.
1873 145 1902 226 1.
2009 155 2108 249 emo

67 317 187 393 ullam
211 325 371 385 nostram
393 310 601 403 dignitatem
623 313 733 387 simul
748 314 853 387 offert
867 309 955 389 baec
974 335 1064 407 qua,-
1115 311 1209 408 quit:
1243 309 1332 385 Fide
1346 309 1527 385 iustificati
1541 335 1661 404 pacem
1679 308 1861 395 habemus.
1894 317 1942 395 Et
1957 318 2049 399 hanc
2063 327 2104 401 in

69 434 179 504 tuor,
218 414 464 486 remissionem
504 427 749 507 peccatorum,
789 417 1062 509 imputationem
1113 415 1321 510 quotidiana
1336 414 1564 489 invocatIone
1582 428 1616 487 et
1631 416 1990 509 in-eonsolationibus
2004 453 2104 503 erer-

70 521 255 604 iusticiae,
280 515 455 609 Spiritum
477 531 637 610 sanctum
653 532 687 589 et
702 512 953 591 haereditatem
970 518 1064 587 vitae
1113 531 1227 593 ceant.

70 637 247 697 aeternae.
299 616 365 689 Est
384 633 501 689 autem
517 621 724 693 mandatum
743 620 810 692 Dei
825 635 1009 692 aeternum
1027 634 1063 690 et

71 727 265 807 immotum
282 723 327 792 cle
339 714 405 791 Fi
413 717 498 790 lio:
524 719 632 792 Hunc
656 725 788 797 audite.
839 722 986 794 Necesse
1011 735 1063 793 est

69 828 185 918 igitur
199 810 362 897 assentiri
374 823 602 922 promissioni
620 824 783 895 offerenti
801 824 1061 898 reconciliatio·
1214 818 1376 894 Recitata
1398 845 1536 895 summa
1559 825 1757 915 ingreditur
1779 830 1818 902 in
1843 859 2100 913 commemora·

69 953 179 1014 nem,
213 925 379 997 videlicet
405 926 467 995 illa
497 929 613 1011 hona,
647 952 736 1020 quae
759 928 845 999 dixi,
895 925 972 999 Hac
994 926 1061 996 fide
1113 923 1247 992 tionem
1271 926 1315 993 de
1338 950 1405 995 usu
1420 926 1519 1016 legis.
1567 928 1657 998 Nam
1682 933 1787 1003 multi
1807 959 1848 1004 ex
1872 935 2011 1010 Iudaeis
2033 920 2116 1013 ad-¹

69 1028 281 1119 humavere
302 1029 430 1118 accipit
454 1030 697 1099 remissionem
714 1046 958 1122 peccatorum,
991 1028 1059 1097 im·
1112 1020 1183 1096 huc
1205 1026 1420 1097 somniantes
1443 1052 1648 1098 mansuram
1680 1056 1752 1102 esse
1775 1037 1935 1126 politiam
1962 1040 2097 1123 Mosai-

70 1133 294 1225 potationem
316 1131 477 1201 iusticiae
501 1144 536 1202 et
559 1129 732 1222 Spiritum
761 1147 939 1216 sanctum,
965 1145 1000 1202 et
1022 1130 1060 1203 fit
1112 1151 1208 1213 cam,
1250 1131 1513 1201 contendebant
1548 1134 1638 1202 ritus
1670 1133 1847 1208 Mosaicos
1885 1146 2098 1219 necessarios

69 1232 196 1308 haeres
218 1233 312 1305 vitae
340 1247 503 1303 aeternae
528 1249 672 1322 propter
695 1237 807 1306 filium
832 1232 901 1305 Dei
925 1231 1059 1313 Gratis,
1112 1252 1204 1311 esse,
1243 1244 1283 1300 ut
1306 1255 1428 1303 recens
1451 1246 1535 1303 tunc
1558 1235 1671 1305 fuerat
1691 1239 1819 1326 agitata
1842 1236 1927 1314 baec
1951 1263 2097 1319 contro·

68 1362 149 1409 non
165 1349 311 1430 propter
324 1337 503 1427 propriam
520 1337 985 1426 ‹lignitatemautmeritum.
1011 1331 1060 1404 Et
1110 1332 1222 1401 versia
1246 1332 1284 1401 in
1304 1331 1473 1428 Synodo,
1505 1360 1595 1428 quae
1619 1338 1786 1410 recitatur
1808 1343 1846 1412 in
1863 1339 1963 1419 Actis
1984 1351 2096 1441 capite

69 1442 113 1511 in
139 1435 232 1509 banc
251 1438 463 1508 sententiam
485 1440 612 1509 usitata
637 1456 689 1509 est
709 1441 823 1509 oratio
857 1440 894 1506 in
926 1437 1058 1507 nostris
1114 1428 1174 1505 15.
1206 1432 1328 1526 ltaque
1347 1452 1387 1508 ut
1407 1459 1511 1528 saepe
1532 1438 1637 1524 alibi,
1663 1439 1711 1509 ita
1735 1438 1793 1513 hic
1818 1470 2095 1541 quoqnercpre-

68 1541 248 1625 Ecclesia,
274 1538 357 1610 Sola
373 1541 442 1608 title
463 1539 703 1611 iustificamur.
757 1542 941 1630 Significat
961 1540 1056 1608 enim
1111 1531 1237 1605 hendit
1253 1537 1333 1604 illos
1351 1562 1487 1607 errores
1503 1555 1767 1631 propugnantes
1784 1545 1896 1638 legem
1913 1549 2043 1646 Moysi,
2058 1569 2095 1627 et

67 1644 253 1716 iustificari
271 1643 429 1732 accipere
442 1643 686 1713 remissionem
702 1657 923 1736 peccatorum
939 1654 973 1711 et
988 1642 1057 1709 im·
1110 1638 1221 1729 pauca
1247 1638 1346 1708 addit
1369 1642 1415 1711 de
1438 1663 1504 1710 usu
1526 1640 1625 1732 legis.
1859 1706 1862 1711 .
2105 1706 2117 1731 Ι.

16 1736 30 1751 ”
67 1747 292 1839 putationem
316 1744 492 1828 iusticiae,
514 1769 594 1814 cum
613 1770 681 1838 qna
705 1747 895 1817 coniuncta
918 1757 968 1813 est
990 1745 1057 1812 do·
1178 1735 1276 1810 ‘Est
1296 1755 1414 1811 autem
1429 1742 1578 1832 insignis
1596 1746 1811 1837 propositio,
1835 1747 1936 1821 Bona
1955 1752 2093 1829 estLex
2162 1776 2167 1781 ·

62 1848 170 1920 'natio
188 1847 341 1940 Spiritus
356 1846 486 1928 saneti,
511 1862 546 1918 et
562 1842 759 1919 baereditas
774 1849 866 1918 vitae
883 1859 1054 1915 aeternae.
1108 1841 1265 1931 legitime
1289 1845 1421 1928 utenti,
1463 1844 1525 1913 ubi
1550 1859 1671 1917 monet
1700 1850 1744 1919 de
1775 1875 1843 1922 usu
1871 1854 1956 1943 legis
1981 1859 2093 1930 multa

172 1948 219 2021 Et
241 1947 566 2017 manifestissimum
585 1963 636 2019 est
659 1952 738 2021 ideo
760 1953 804 2020 de
822 1948 1056 2038 imputatione
1108 1944 1363 2015 consideranda
1379 1969 1469 2030 esse,
1486 1947 1646 2017 videlicet
1663 1963 1697 2019 et
1712 1951 1867 2040 ipsarum
1882 1956 2000 2044 legum
2018 1960 2092 2031 dis-

65 2053 161 2137 dici,
186 2053 269 2145 quia
291 2052 452 2119 nondum
474 2046 761 2123 babemusillam
784 2065 894 2121 totam
915 2049 1055 2118 novita-
1108 2046 1279 2130 crimina,
1305 2063 1337 2119 et
1362 2049 1448 2117 lines
1472 2050 1568 2138 legis.
1618 2048 1751 2150 Notum
1776 2070 1828 2125 est
1849 2072 2092 2131 autemunam

65 2169 162 2240 tem,
190 2158 235 2224 de
255 2152 357 2222 cuius
370 2153 607 2222 transfusione
623 2150 788 2225 monachi
811 2154 954 2231 dicunt,
994 2153 1054 2221 sed
1107 2146 1194 2235 legis
1218 2162 1371 2237 partem,
1404 2150 1537 2220 scilicet
1560 2149 1752 2239 Moralem,
1793 2182 1899 2249 quam
1924 2162 2091 2234 nomina·
2197 2142 2214 2159 '-

64 2280 193 2330 sumus
226 2255 310 2325 iusti
338 2256 466 2323 donata
502 2256 710 2326 remissione
740 2269 984 2347 peccatorum,
1020 2266 1054 2322 et
1107 2271 1185 2319 mus
1209 2249 1444 2342 Decalogum,
1479 2253 1686 2342 sapientiam
1709 2270 1886 2331 aeternam
1909 2263 1948 2331 in
1972 2279 2091 2337 mente

64 2362 240 2449 imputata
257 2358 359 2426 nobis
378 2357 514 2425 iusticia
533 2359 597 2425 tilii
612 2356 697 2443 Dei,
714 2374 747 2429 et
765 2358 863 2450 qtrasi
881 2381 920 2426 ea
938 2355 1053 2427 vestiti
1106 2351 1229 2420 divina
1251 2376 1342 2439 esse,
1381 2354 1481 2426 errius
1507 2355 1637 2424 noticia
1660 2357 1697 2426 in
1722 2352 1885 2430 homines
1913 2367 2090 2438 transfusa

65 2485 132 2555 per
155 2459 448 2550 imputationem,
481 2472 514 2528 et
531 2472 648 2528 tamen
664 2463 884 2530 verissimum
902 2472 972 2541 est,
1005 2458 1053 2526 si·
1106 2466 1176 2532 est,
1208 2466 1248 2524 ut
1275 2480 1355 2526 vere
1374 2470 1622 2546 agnosceretur
1643 2454 1761 2542 Deus,
1796 2475 1830 2531 et
1851 2488 1974 2535 omnes
1998 2467 2090 2539 vires

65 2564 145 2634 mul
169 2561 305 2632 incoari
328 2562 364 2629 in
389 2560 493 2628 nobis
510 2561 723 2648 novitatem,
748 2587 839 2656 qnae
861 2562 899 2629 lit
915 2560 1053 2651 Spiritu
1105 2569 1247 2627 nostrae
1271 2574 1504 2649 congruerent
1522 2583 1603 2629 cum
1625 2575 1742 2632 mente
1758 2575 1790 2633 et
1807 2565 1989 2639 voluntate
2009 2571 2090 2641 Dei.
2191 2612 2196 2635 ι

65 2680 189 2738 nrtcto
218 2664 329 2732 effuso
353 2663 391 2729 in
415 2664 522 2731 corda
545 2677 685 2749 nostra,
721 2679 756 2735 et
777 2666 990 2734 accendente
1014 2662 1052 2729 in
1104 2655 1183 2727 Etsi
1202 2675 1319 2730 autem
1345 2675 1465 2752 postea
1489 2675 1614 2730 natura
1641 2656 1827 2734 bominum
1851 2690 1973 2738 aversa
1995 2684 2046 2742 est
2067 2695 2088 2743 a

66 2768 175 2839 nobis
199 2768 324 2846 fidem,
358 2777 391 2833 et
415 2764 501 2833 alias
523 2765 690 2850 virtutes,
719 2781 753 2837 et
773 2767 962 2856 copulante
988 2786 1053 2833 nos
1105 2756 1204 2844 Deo,
1230 2773 1347 2832 tamen
1372 2764 1410 2831 in
1433 2775 1508 2833 toto
1529 2785 1655 2852 genere
1676 2761 1834 2836 humano
1854 2787 1999 2843 manent
2023 2770 2088 2842 bae

63 2870 141 2942 lilio
168 2867 257 2948 Dei,
298 2867 460 2955 regnanti
487 2868 531 2934 ad
558 2869 736 2936 dexteram
770 2868 905 2938 aeterni
932 2867 1053 2949 patris,
1105 2862 1256 2931 noticiae
1279 2867 1398 2958 aliquo
1420 2865 1548 2948 modo,
1579 2866 1665 2959 quia
1682 2864 1777 2935 Deus
1803 2869 1879 2940 vult
1900 2873 1946 2940 ab
1968 2874 2088 2943 omni-

62 2975 155 3043 sicut
178 2971 310 3041 dicitur
332 2969 503 3038 Actorum
524 2973 580 3041 2:
613 2969 763 3041 Dextera
790 2969 854 3039 Dei
882 2971 1053 3039 exaltatus
1105 2964 1173 3031 bus
1194 2968 1334 3051 agnosci
1366 2990 1468 3037 sunm
1500 2966 1670 3035 iudicium
1696 2969 1865 3040 adversus
1895 2990 2088 3062 peccatum,

26 3058 198 3166 'aceepit
220 3070 489 3162 promissionem
504 3070 660 3163 Spiritus
681 3073 813 3156 sancti,
839 3096 944 3165 quem
962 3072 1051 3140 effu·
1105 3065 1307 3136 valterium
1334 3065 1495 3138 homines
1519 3092 1723 3161 quanquam
1751 3094 1826 3143 non
1848 3089 1991 3146 renatos
2013 3078 2086 3147 lre-

61 3178 119 3249 dit
143 3178 184 3245 in
204 3197 281 3247 nos.
1104 3190 1189 3235 nare
1216 3186 1249 3239 et
1273 3176 1434 3241 coercere
1460 3170 1718 3240 locomotivam.

1282 679 1397 754 Bona
1424 692 1477 755 est
1505 680 1593 757 Lex
1616 664 1778 783 legitime
1801 696 1929 774 utenti.

165 3276 315 3347 Prorsus
329 3273 433 3343 etiam
451 3274 641 3344 reiicienda
656 3291 707 3347 est
720 3274 944 3363 imaginatio,
961 3299 1050 3368 quae
1206 3273 1308 3341 Aliae
1332 3276 1421 3341 dnae
1445 3285 1578 3361 partes,
1603 3272 1765 3344 videlicet
1779 3273 1892 3365 Leges
1906 3277 2084 3365 forenses,
2197 3350 2200 3355 ,

61 3381 165 3473 fingit
181 3375 364 3450 hominem
380 3389 516 3446 tantum
533 3377 636 3447 initio
653 3378 853 3469 praeparari
870 3379 958 3463 lide,
985 3401 1049 3468 po·
1103 3384 1136 3440 et
1148 3367 1395 3460 Ceremoniae,
1428 3389 1528 3443 erasit
1549 3375 1650 3443 nervi
1671 3369 1777 3445 huius
1796 3379 1941 3468 politiae
1964 3377 2085 3469 lsrael,

60 3499 134 3556 stea
149 3507 233 3552 vero
250 3481 378 3549 iustum
396 3501 468 3547 esse
487 3481 629 3568 propria
648 3464 858 3563 dilectione,
889 3504 950 3549 sen
967 3504 1049 3564 pro·
1104 3473 1281 3545 interituri
1303 3501 1381 3545 cum
1403 3477 1478 3568 ipsa
1505 3476 1639 3564 politia.
1678 3475 1748 3548 Sed
1766 3480 1810 3547 de
1825 3480 1986 3551 omnium
2002 3506 2085 3575 par-

59 3587 149 3679 priis
166 3583 378 3664 virtutibus,
396 3593 435 3649 ut
453 3582 717 3653 cumdicimus:
745 3580 868 3650 Motus
883 3582 1049 3660 calefacit,
1103 3572 1191 3645 tium
1215 3602 1281 3648 usu
1306 3575 1391 3648 haec
1417 3578 1611 3669 propositio
1636 3602 1716 3648 vera
1741 3594 1809 3651 est:
1846 3580 1955 3653 Nulla
1975 3608 2083 3677 opera

61 3688 186 3759 Motus
203 3683 421 3775 praeparatio
437 3695 506 3763 est,
534 3697 650 3773 postea
669 3685 783 3753 calore
797 3707 918 3752 snmus
931 3683 1049 3753 calidi.
1101 3677 1205 3769 legis,
1241 3706 1354 3774 sieque
1385 3680 1552 3763 moralia,
1590 3703 1705 3774 neque
1730 3682 1817 3766 alia,
1855 3687 2084 3759 merebantur

60 3789 132 3863 Sed
154 3811 301 3879 persona
318 3785 388 3853 lide
402 3800 537 3874 recepta
558 3786 722 3876 deinceps
746 3785 851 3854 etiam
873 3798 925 3854 est
947 3786 1049 3869 iusta,
1102 3781 1341 3852 remissionem
1361 3795 1602 3873 peccatorum,
1628 3807 1692 3853 nec
1711 3797 1814 3857 erant
1836 3784 1897 3854 illa
1913 3809 1985 3892 res,
2011 3812 2082 3882 qua

10 3948 17 3957 .
60 3892 189 3975 idest,
217 3902 356 3985 accepta
374 3883 510 3954 Deoad
528 3887 636 3955 vitam
654 3900 850 3968 aeternam,
878 3911 1048 3976 nonpro-
1101 3880 1234 3967 David,
1269 3882 1452 3969 Ieremias,
1484 3883 1629 3969 Daniel,
1663 3898 1697 3954 et
1719 3885 1852 3956 similes
1874 3905 1973 3961 erant
1996 3890 2082 3960 iusti

59 4008 140 4087 pter
156 3991 317 4084 proprias
334 3989 498 4069 virtutes,
524 3989 606 4079 quia
624 3989 775 4061 multum
792 3984 909 4058 adhuc
930 4002 1047 4057 manet
1100 4007 1218 4053 coram
1236 3984 1331 4067 Deo,
1352 3988 1412 4056 sed
1434 4001 1533 4057 erant
1550 3987 1757 4076 disciplina,
1783 4011 1852 4081 qua
1871 4013 1945 4059 non
1964 3992 2081 4063 renati

59 4098 99 4167 in
120 4096 226 4164 nobis
248 4091 427 4173 sordium,
467 4091 526 4157 secl
550 4103 693 4181 propter
714 4092 942 4160 mediatorem
972 4092 1047 4159 soln
1099 4085 1349 4173 lrenabontur,
1373 4103 1406 4159 et
1423 4089 1605 4170 exercitia,
1632 4090 1813 4183 inquibus
1829 4091 1943 4161 renati
1961 4093 2080 4163 decla-

56 4200 149 4282 lide,
176 4220 244 4290 qua
268 4209 301 4266 et
326 4191 497 4280 deinceps
512 4187 680 4262 habemus
702 4193 947 4262 remissionem
966 4216 1047 4282 pcc·
1100 4191 1226 4262 rabant
1241 4214 1340 4260 suem
1357 4191 1592 4261 obedientiam
1617 4204 1650 4275 et
1668 4193 1931 4264 consessionem.
1970 4192 2078 4266 Prae·

57 4313 241 4385 cetorum,
283 4308 317 4365 et
338 4296 509 4385 imputata
523 4295 671 4364 iusticia
703 4295 906 4364 mediatoris
931 4294 1047 4365 vestiti
1099 4303 1192 4361 terea
1212 4294 1301 4364 ritus
1323 4307 1423 4364 erant
1440 4293 1537 4381 signa
1556 4293 1791 4365 discernentia
1811 4289 1902 4364 banc
1916 4296 2078 4387 politiam

56 4425 195 4473 sumus.
247 4398 367 4468 Placet
388 4411 504 4465 autem
526 4420 618 4466 nova
636 4397 836 4466 obedientia
860 4397 898 4465 in
921 4420 1045 4469 recon·
1099 4394 1144 4463 ab
1166 4395 1264 4480 aliis,
1289 4396 1370 4488 quia
1397 4395 1508 4463 voluit
1534 4393 1629 4464 Deus
1650 4411 1773 4466 notum
1795 4419 1869 4465 esse
1894 4401 2077 4491 populum,

58 4505 201 4588 ciliato,
240 4498 305 4570 hac
326 4500 403 4590 ipsa
427 4499 647 4579 confessione
671 4501 918 4588 praecedente,
949 4501 1045 4590 quod
1100 4521 1140 4565 ex
1164 4523 1235 4589 quo
1257 4511 1460 4566 nasceretur
1484 4498 1679 4587 redertttor,
1699 4522 1846 4592 eamque
1869 4502 1916 4569 ob
1937 4525 2077 4572 cansam

58 4604 179 4677 adhuc
209 4604 340 4673 multae
367 4623 510 4688 magnae
533 4603 654 4670 sordes
676 4601 714 4669 in
735 4602 843 4673 ,nobis
868 4597 1046 4680 haereant,
1099 4599 1213 4668 voluit
1246 4613 1330 4669 tnnc
1361 4614 1491 4669 certam
1518 4624 1591 4669 esse
1621 4599 1801 4671 Ecclesiae
1828 4624 1911 4674 suae
1947 4606 2076 4675 sedem.

56 4709 157 4779 iuxta
192 4707 300 4775 illud:
339 4702 422 4773 Non
456 4702 667 4774 iustificetur
696 4703 736 4771 in
770 4716 958 4793 conspectu
984 4717 1045 4773 tuo
1099 4698 1176 4769 Hoc
1200 4702 1348 4771 consilio
1372 4701 1531 4791 politiam
1559 4702 1656 4771 illam
1680 4689 1726 4773 ita
1749 4705 1972 4785 constitutam
1995 4726 2079 4787 esse,
2173 4770 2177 4775 ,

58 4811 177 4881 omnis
199 4811 332 4877 vivens.
374 4804 444 4875 Sed
470 4806 582 4895 placet
604 4817 720 4875 tamen
747 4817 780 4874 et
800 4801 886 4877 haec
909 4805 1046 4876 incoata
1098 4817 1131 4870 et
1148 4804 1383 4890 peculiaribus
1398 4803 1525 4873 ritibus
1539 4804 1738 4875 distinctam
1752 4807 1888 4877 abaliis
1904 4807 2080 4897 gentibus,

57 4912 264 4984 ohedientia
290 4920 432 4998 propter
455 4908 683 4977 mediatorem
707 4907 785 4976 tide.
1097 4906 1179 4974 sciri
1202 4929 1341 4974 necesse
1366 4919 1427 4977 est.

163 5009 482 5101 Haecseepealibi
505 5008 682 5100 copiosius
702 5007 914 5091 recitantur,
951 5006 1047 5075 unde
1200 5005 1268 5078 Sed
1295 5008 1365 5075 iam
1393 5007 1551 5079 dicamus
1574 5008 1618 5077 de
1639 5004 1833 5096 Decalogo,
1865 5006 1902 5074 id
1925 5016 1993 5090 est,
2032 5005 2077 5074 de

60 5129 225 5188 sumatur
247 5112 434 5203 explicatio
457 5113 607 5201 longior.
640 5110 743 5181 Nunc
769 5123 906 5180 tantum
928 5109 1047 5177 brevi·
1099 5111 1252 5179 naturali
1278 5121 1312 5178 et
1333 5126 1501 5200 perpetua
1529 5111 1622 5200 lege,
1667 5110 1806 5179 omissis
1827 5106 1970 5177 caeteris
1991 5105 2080 5197 legi·

58 5235 118 5290 ter
141 5213 227 5287 haec
250 5215 431 5298 recensui,
478 5229 519 5283 ut
542 5215 699 5284 iuniores
730 5211 904 5283 admoniti
935 5209 1047 5281 sciant
1070 5258 1074 5323 ι
1098 5213 1178 5280 bns.
1230 5210 1320 5281 Nam
1347 5207 1478 5281 dehac
1503 5213 1576 5302 ipsa
1601 5225 1717 5303 parte,
1750 5210 1976 5282 videlicetde
2004 5210 2081 5298 lege

57 5321 224 5406 Paulum·
240 5319 349 5412 loqui}
363 5311 493 5411 deltae
516 5318 591 5410 ipsa
615 5319 704 5405 lide,
728 5319 773 5386 de
790 5337 859 5408 qua
882 5312 968 5384 alibi
990 5313 1047 5381 in-
1070 5328 1074 5345 ·
1105 5339 1126 5381 n
1141 5314 1249 5395 omli,
1265 5311 1545 5456 inquig’apulus:
1570 5311 1645 5383 Lcr
1665 5326 1714 5383 est
1732 5310 1846 5407 posita
1862 5311 2026 5397 iniustis,
2047 5311 2086 5381 id
