4522 5782
774 153 1045 253 illlis-,illisis
1070 155 1285 239 scatere
1310 154 1614 239 umectus„

1986 175 2222 265 ”lis

185 348 250 430 aa
265 353 362 425 enim
377 358 624 441 argumentum
639 353 795 414 sumtum
810 362 852 412 ex
872 360 975 410 eausa
996 335 1093 409 baali
1117 354 1176 411 re-
1225 334 1274 412 Et
1288 335 1381 411 sicut
1399 333 1521 432 inquit
1536 333 1721 417 Ezechiel:
1747 304 1901 441 Propter
1920 370 1989 430 uos
2004 344 2104 425 male
2121 349 2224 429 md&

187 458 359 551 captionis
382 451 563 544 gentium,
593 443 662 517 hoc
685 446 804 516 modo.
855 438 991 512 Gentes
1014 454 1174 533 receptae

188 575 290 645 sunt,
315 572 355 628 ut
369 555 489 628 ludaei
507 560 746 643 provocentur
762 547 805 617 ad
830 545 1069 628 credendum,
1093 568 1174 662 eppa

187 662 347 734 viderint
362 654 595 746 Evangelium
610 653 648 720 in
665 649 831 740 gentibus
850 668 924 716 esse
939 646 1079 725 efficax,
1106 668 1176 736 sgr-

188 776 250 839 tur
264 785 404 834 necesse
421 773 473 829 est
486 758 625 850 aliquos
643 776 717 823 esse
733 751 889 843 reliquos
905 748 999 818 inter
1014 745 1176 831 ludaeos,

189 869 252 965 qui
267 862 439 937 credituri
454 872 548 931 sunt.
574 855 755 945 Quorsum
771 853 867 921 enim
883 874 972 941 opus
987 864 1075 921 esset
1092 874 1175 941 pro·

188 992 317 1041 vocare
331 966 497 1047 ludaeos,
524 962 554 1030 si
570 958 661 1029 nulli
676 953 846 1025 credituri
862 966 990 1026 essent.

289 1085 519 1177 Consequens
534 1079 584 1149 sie
599 1075 722 1147 attexit
736 1071 885 1144 Paulus:
910 1069 950 1144 si
968 1069 1071 1139 ruina
1090 1093 1176 1185 pro·

188 1192 258 1266 luit
273 1191 317 1260 sd
332 1184 617 1281 provocandum,
642 1176 738 1266 Ergo
753 1188 805 1247 est
821 1175 958 1268 reliqua
983 1172 1173 1243 incolume·

188 1310 242 1368 tas
256 1290 397 1385 aliqua,
421 1287 458 1355 id
482 1297 550 1367 est,
576 1304 660 1372 ergo
679 1301 820 1351 necesse
842 1289 896 1348 est
917 1277 1073 1368 aliquam
1094 1296 1177 1367 par-

190 1412 261 1469 tem
292 1404 423 1463 restare
454 1385 660 1458 sanabilem.
720 1379 787 1450 Vel
811 1392 863 1450 est
885 1377 1111 1468 amplificatio
1133 1399 1175 1446 es

189 1500 348 1579 minore,
373 1492 402 1561 si
420 1489 555 1580 profuit
568 1486 692 1565 ruina,
719 1496 759 1553 ut
775 1495 896 1572 gentes
920 1480 1173 1570 reciperentur,

188 1599 333 1697 quando
346 1593 457 1683 magis
474 1591 660 1687 prolutura
674 1598 727 1656 est
742 1584 968 1654 incolumitas
984 1595 1081 1665 tunc,
1094 1604 1175 1651 cum

96 1726 100 1731 ·
187 1698 372 1798 provocati
394 1691 710 1784 obtemperabunt,
736 1687 819 1780 quia
837 1684 934 1756 Deus
949 1685 1030 1754 ideo
1045 1706 1176 1776 provo-

188 1817 246 1878 cat
262 1824 341 1889 eos,
365 1810 407 1870 ut
424 1817 546 1867 rursus
562 1805 680 1878 sanet,
704 1801 739 1861 et
755 1789 881 1860 reddat
897 1786 1106 1860 incolumes.

419 1989 538 2067 Vobis
554 1987 650 2062 caim
667 1981 749 2062 dico
760 1983 945 2082 gentibus.

290 2132 438 2213 Rationi
460 2144 597 2203 sumtae
615 2147 774 2197 excausa
792 2125 911 2206 finali,
937 2122 1036 2194 addit
1058 2145 1176 2193 crem-

187 2248 287 2343 plum
312 2262 428 2314 suum.
487 2230 584 2324 Ego,
611 2227 749 2324 inquit,
776 2251 818 2297 eo
839 2225 966 2295 maiori
989 2225 1177 2297 sedulitate

188 2350 311 2421 studeo
342 2360 535 2437 propagare
563 2330 798 2421 Evangelium
827 2330 921 2399 inter
949 2339 1096 2417 gentes,
1136 2340 1178 2398 ut

187 2457 426 2546 provocentur
447 2437 568 2509 ludaei
593 2437 637 2503 ad
659 2433 895 2516 credendum,
919 2453 1000 2500 cum
1023 2429 1178 2500 viderint

186 2547 423 2639 Evangelium
445 2564 518 2610 esse
542 2537 662 2607 efficax
686 2534 780 2604 inter
803 2546 935 2625 gentes.
1009 2529 1088 2601 Hoc
1113 2546 1176 2613 est,

187 2654 284 2751 quod
308 2651 375 2720 ait:
404 2642 575 2715 Glorilico
598 2636 857 2720 ministerium,
890 2634 1018 2719 idest,
1048 2657 1176 2724 magna

185 2760 257 2831 fide
278 2766 313 2824 et
335 2748 521 2820 sedulitate
545 2745 654 2812 doceo
681 2735 936 2827 Evangelium,
971 2760 1043 2829 quo
1068 2760 1176 2807 orna·

187 2873 248 2932 tur
261 2868 295 2928 et
310 2854 511 2923 illustratur
522 2845 634 2936 gloria
651 2838 739 2925 Dei,
765 2856 1006 2929 ut'provocem
1022 2862 1175 2920 carnem,

186 2962 223 3032 id
243 2972 317 3041 est,
342 2953 501 3025 ludaeos.
544 2944 592 3017 Et
609 2945 709 3013 addit
723 2942 1034 3034 amplificationem
1050 2965 1092 3010 ex
1107 2940 1176 3010 mi·

184 3087 290 3147 nore,
316 3058 345 3127 si
364 3052 507 3126 reiectio
524 3047 677 3141 proluit,
703 3057 836 3138 quanto
853 3043 1042 3134 gloriosior
1056 3043 1176 3114 ltttura

186 3181 238 3238 est
255 3158 451 3235 restitutio,
478 3176 567 3247 quae
591 3162 640 3219 est
656 3149 776 3217 futura
792 3147 892 3239 quasi
908 3145 1116 3216 resurrectio
1134 3168 1176 3214 ex

185 3266 349 3339 mortuis,
416 3256 515 3328 Haec
538 3265 591 3324 est
613 3250 761 3342 simplex
783 3262 818 3321 et
840 3248 990 3318 minime
1011 3247 1174 3318 intricata

187 3362 446 3460 interpretatio.

430 3534 478 3610 Si
490 3529 677 3636 primitiae
690 3538 842 3603 sanctae
857 3538 919 3605 etc.

288 3680 453 3754 Tertium
477 3683 745 3764 argumentum,
777 3666 883 3757 Quod
909 3688 994 3756 gens
1023 3663 1174 3736 ludaeo-

185 3813 265 3864 rum
281 3809 355 3858 non
369 3782 415 3851 sit
429 3777 569 3855 reiecta,
595 3786 749 3842 sumtum
765 3795 805 3840 ex
820 3771 1071 3888 promissione,
1085 3790 1175 3864 quae

184 3907 238 3965 est
257 3880 510 3960 immutabilis,
549 3888 583 3946 et
608 3874 760 3967 pertinet
791 3873 924 3964 pariter
955 3874 999 3941 ad
1028 3887 1194 3963 sttrpem'

186 4010 220 4067 et
236 3995 281 4064 ad
297 4002 466 4081 posteros.
519 3977 639 4051 Radix
653 3987 703 4044 est
719 3987 855 4055 sancta,
882 3974 1014 4043 scilicet
1030 3986 1175 4065 propter

184 4092 477 4192 promissionem,
511 4105 590 4152 cum
614 4091 730 4170 patres
752 4077 1001 4162 crediderunt,
1033 4097 1116 4194 ergp
1141 4088 1175 4144 et

186 4198 276 4271 rami
299 4208 382 4265 sunt
409 4185 538 4269 sancti,
584 4180 667 4274 quia
695 4180 738 4248 ad
761 4174 827 4248 hos
851 4202 993 4272 quoque
1024 4189 1176 4267 pertenet

185 4297 386 4396 promissio,
402 4293 464 4362 sed
480 4308 570 4381 opus
588 4296 640 4353 est
653 4282 721 4351 fide
737 4281 847 4372 accipi
863 4280 1150 4372 promissionem.

376 4490 435 4570 Nc
449 4484 642 4591 superbias
656 4478 832 4555 adversus
848 4505 985 4558 ramos.

1227 465 1359 511 nomen
1373 437 1442 513 Dei
1460 441 1555 513 inter
1577 457 1710 533 gentes.

1326 554 1374 629 Et
1389 558 1485 652 quod
1500 555 1632 631 Paulus
1647 554 1706 632 hic
1721 564 1936 639 vaticinatur
1957 569 2004 640 de
2027 570 2137 643 ruina
2151 565 2222 643 Eo·

1226 655 1351 729 clerice
1382 661 1563 749 gentium,
1605 663 1643 733 id
1672 679 1819 737 eventus
1848 673 2024 759 ostendit,
2060 671 2221 749 Bedesis

1226 760 1265 828 in
1281 761 1367 831 Asia
1381 775 1417 833 et
1432 757 1590 855 Aphrica
1608 788 1698 856 pene
1712 767 1874 842 funditus
1889 774 2005 845 delete
2023 789 2077 847 est
2090 771 2220 849 Malte-

1226 862 1313 934 meti
1335 865 1467 938 lurore.
1511 862 1579 935 ¹lu
1605 863 1750 961 Europa
1772 868 1937 964 oppressa
1967 890 2021 949 est
2052 873 2219 951 horribili

1226 963 1393 1036 idolatria
1412 979 1445 1036 et
1462 966 1660 1059 impietate,
1684 984 1727 1041 ut
1751 976 1997 1063 profanatione
2010 978 2218 1071 Miasena,

1226 1066 1451 1139 invocatione
1467 1083 1689 1159 sanctorum,
1714 1076 1967 1166 superstitiosis
1985 1083 2218 1175 opinionibus

1227 1171 1388 1241 cultuum
1402 1165 1667 1265 humanorum,
1693 1176 1833 1251 inscitia
1846 1182 2030 1254 doctrinae
2045 1185 2094 1255 de
2109 1185 2188 1263 fids.
2254 1260 2257 1285 1

1329 1287 1400 1360 Sed
1416 1302 1534 1360 tamen
1551 1289 1646 1362 inter
1660 1289 1747 1367 haec
1763 1300 1928 1369 scandala
1952 1302 2136 1374 consolari
2158 1326 2217 1377 aas
2254 1294 2257 1315 ¹

1227 1391 1416 1476 debemus,
1458 1394 1554 1487 quod
1584 1397 1838 1488 promissiones
1863 1396 2051 1503 Evangelii
2083 1428 2215 1500 semper

1227 1493 1299 1564 sin't
1323 1505 1421 1565 ratae
1441 1519 1524 1565 vere
1544 1499 1792 1582 credentibus,
1820 1506 1990 1598 quodque
2012 1530 2155 1600 semper
2173 1511 2212 1583 sit

1227 1596 1346 1689 aliqua
1363 1617 1445 1665 vcra
1459 1593 1638 1684 Ecclesia,
1660 1601 1794 1674 scilicet
1808 1603 1864 1673 illi
1878 1607 1967 1696 ipsi,
1993 1611 2058 1702 qui
2080 1627 2215 1702 agentes

1227 1697 1484 1791 poenitentiam
1504 1722 1587 1770 vere
1611 1704 1780 1776 credunte
1815 1708 1898 1799 quia
1922 1703 2092 1785 Christus
2114 1715 2214 1807 polli-

1227 1813 1326 1869 cetur
1350 1796 1544 1871 Ecclesiam
1565 1824 1705 1897 semper
1727 1830 1930 1882 mansuram
1956 1834 2053 1904 esse,
2078 1826 2115 1889 et
2134 1838 2212 1911 pro·

1228 1901 1412 1973 missiones
1426 1903 1666 1976 immutabiles
1680 1931 1767 1981 esse.

1530 2087 1635 2166 Nolo
1650 2118 1713 2167 vos
1727 2094 1914 2193 ignorare.

1330 2218 1442 2297 Addit
1457 2224 1664 2299 vaticinium
1681 2231 1726 2300 de
1744 2234 1977 2307 conversione
1993 2235 2209 2335 ludaeorum

1229 2327 1324 2419 quod
1341 2328 1489 2398 fortasse
1506 2330 1553 2400 ita
1570 2330 1841 2423 intelligendum
1856 2352 1918 2414 est.
1959 2338 2158 2435 Futurum,
2174 2360 2209 2421 ut
2256 2379 2257 2385 ¹

1228 2429 1380 2499 subinde
1403 2454 1515 2524 usque
1538 2435 1581 2501 ad
1605 2433 1711 2503 finem
1734 2440 1861 2508 mundi
1884 2441 1998 2539 aliqui
2021 2469 2064 2516 ex
2083 2446 2210 2521 ludaeis

1230 2546 1496 2609 convertantur.
1546 2530 1676 2605 Nescio
1692 2538 1786 2607 enim
1805 2564 1850 2610 an
1868 2539 1937 2615 hoc
1955 2545 2063 2629 velit,
2090 2564 2210 2623 restare

1229 2629 1346 2703 adhuc
1361 2635 1517 2728 aliquam
1534 2638 1801 2709 conversionem
1816 2668 1962 2736 magnae
1977 2650 2210 2728 multitudinis

1229 2737 1320 2805 circa
1341 2736 1448 2806 finem
1464 2738 1603 2809 mundi.
1656 2737 1697 2809 ld
1716 2767 1796 2811 cum
1820 2746 1866 2817 sit
1890 2751 2120 2844 mysterium,
2144 2752 2210 2827 Deo

1228 2838 1498 2912 committamus.
1549 2835 1677 2911 Esaiae
1693 2845 1900 2918 vaticinium
1918 2855 2154 2928 concionator
2172 2860 2209 2928 dc

1227 2939 1439 3010 liberatione
1456 2942 1599 3032 populi,
1624 2944 1790 3016 videlicet
1813 2950 1895 3033 illa,
1928 2956 1971 3024 de
1988 2981 2059 3048 qua
2077 2959 2209 3051 proprie
2250 2970 2257 2998 ⁴

1227 3042 1387 3135 loquitur
1414 3039 1675 3136 Evangelium,
1716 3045 1783 3118 hoc
1815 3065 1895 3135 cst,
1935 3058 1980 3127 de
2010 3062 2210 3132 remissione
2253 3055 2257 3143 ,¹

1226 3157 1463 3236 peccatorum.
1518 3142 1566 3217 Et
1589 3160 1641 3216 est
1662 3148 1777 3220 dulcis
1799 3158 1990 3246 sententia,
2016 3162 2101 3256 quia
2127 3165 2209 3241 clarc

1227 3251 1330 3316 docet
1353 3247 1391 3316 in
1414 3270 1510 3317 novo
1533 3261 1743 3322 testamento
1766 3258 2046 3344 praedicandum
2067 3289 2142 3337 esse
2161 3290 2209 3337 rc·

1226 3347 1430 3418 missionem
1460 3364 1700 3442 peccatorum.
1776 3356 1873 3428 Haec
1901 3361 2068 3436 liberatio
2097 3368 2209 3462 popuii
2255 3367 2257 3403 ³

1227 3450 1458 3540 intelligenda
1488 3465 1556 3536 est,
1589 3453 1674 3524 inde
1695 3478 1807 3551 usque
1832 3484 1853 3532 a
1874 3462 2053 3559 principio
2081 3470 2210 3563 praedi·
2256 3506 2257 3510 =

1226 3553 1376 3624 cationis
1393 3551 1580 3643 Evangelii
1600 3557 1644 3625 ad
1662 3556 1781 3634 finem.
2103 3602 2107 3607 ·

1460 3743 1653 3826 Conclusit
1668 3751 1776 3828 Deus
1792 3761 1919 3833 omnia
1934 3773 1996 3840 ιιι.

1321 3880 1569 3978 Epiphanema
1584 3905 1653 3976 est,
1677 3891 1803 3988 inquo
1826 3914 1878 3970 est
1894 3903 2102 3996 exaequatio
2121 3902 2211 3978 Gen·

1226 3987 1315 4059 tium
1339 4004 1373 4060 et
1392 3986 1630 4078 ludaeorum,
1655 4009 1690 4066 et
1715 3994 1914 4071 detrahitur
1929 4003 2062 4077 fiducia
2077 4010 2211 4081 merito·

1226 4115 1306 4160 rum
1325 4092 1497 4185 utrisque.
1551 4090 1727 4166 Hortatur
1743 4123 1866 4170 omnes
1880 4106 1925 4173 ad
1949 4109 2230 4199 poenitentiam.-

1226 4194 1370 4264 Deiude
1392 4194 1588 4287 aequaliter
1609 4200 1777 4289 proponit
1807 4206 1976 4279 omnibus
2005 4212 2211 4284 consolatio·

1226 4320 1320 4370 nem.
1388 4290 1522 4391 Estque
1553 4300 1762 4388 gravissima
1798 4305 1960 4379 doctrina
1994 4310 2033 4381 in
2068 4329 2211 4410 utroque
2255 4318 2257 4345 ³

1225 4397 1403 4468 membro:
1439 4421 1523 4466 nam
1549 4402 1714 4472 concludi
1739 4407 1804 4476 sub
1834 4424 2036 4505 peccatum,
2070 4440 2144 4487 non
2166 4428 2231 4513 csti

1227 4501 1340 4571 otiose
1366 4499 1660 4590 intelligendum,
1700 4507 1760 4575 sed
1790 4511 2037 4602 complectitur
2069 4533 2169 4591 reatu
2206 4508 2233 4613 ¹,

287 4634 319 4710 A
348 4623 516 4724 ostrophe
532 4624 639 4695 estad
657 4635 791 4711 gentes,
819 4613 1104 4714 quashortatur,
1128 4640 1175 4689 ne
1226 4625 1396 4696 Ριιθΐθδ,
1427 4623 1490 4672 ⁸011
1515 4604 1687 4723 iudicium
1712 4622 1746 4679 et
1769 4634 1901 4701 poenas
1928 4620 2085 4725 peccati,
2118 4644 2236 4718 qrnu,

187 4661 480 4818 carnalipfiducia
509 4726 706 4818 despiciant
735 4723 903 4807 ludaeos,
925 4745 1030 4791 -neve
1060 4720 1176 4791 securi
1228 4706 1339 4826 filcffij
1368 4699 1507 4824 0¹¹]ssss
1530 4721 1708 4825 rufum,
1723 4735 1858 4831 ,omne-s
1880 4734 1985 4791 erunt
2002 4714 2235 4815 subiiciendii

206 4859 293 4920 uam
309 4850 431 4912 coum
447 4833 580 4913 Deum,
605 4825 728 4896 configi
749 4821 818 4895 hoc
835 4824 960 4909 figulo,
985 4825 1081 4917 quod
1103 4824 1176 4895 sine
1225 4809 1360 4878 tudtcro
1375 4802 1461 4892 Det,
1489 4821 1596 4878 mortr
1612 4823 1645 4880 et
1660 4812 1923 4889 aliltcttonrhus.
2171 4924 2176 4929 Ι

185 4876 230 5022 ro
258 4948 340 5019 ulus
354 4938 422 5011 Dei
445 4959 506 5006 seu
521 4929 689 5002 Ecclesia.
742 4926 843 4999 Sicut
857 4951 953 4996 nunc
970 4925 1102 4996 carnali
1120 4949 1175 4994 se·
1330 4921 1381 4995 Ut
1395 4921 1510 4993 David
1529 4941 1605 4997 erat
1620 4932 1807 5002 conclusus
1823 4937 1889 5007 sub
1910 4956 2115 5035 peccatum,
2138 4968 2212 5023 cara
2233 4974 2257 5057 q

184 4977 333 5125 initiate
349 5038 563 5136 promittunt
580 5032 648 5102 sibi
666 5030 868 5122 pontifices,
896 5029 990 5121 quod
1015 5028 1086 5097 sint
1104 5024 1175 5097 Ec·
1227 5027 1418 5121 pelleretur
1432 5027 1471 5095 iu
1489 5028 1634 5099 exilium
1645 5081 1658 5116 ,
1686 5057 1764 5102 cum
1782 5030 2019 5115 horribilibus
2035 5049 2238 5123 doloribus·

184 5154 288 5226 clesia
337 5160 371 5218 et
385 5139 451 5214 hac
465 5137 637 5230 opinione
654 5133 767 5202 multa
793 5145 916 5201 contra
942 5131 1089 5200 verbum
1106 5127 1174 5197 Dei
1229 5143 1457 5199 exerceretur.
1526 5127 1570 5199 lu
1594 5127 1650 5200 his
1672 5136 1926 5212 afflictionibus
1956 5151 2147 5243 praecipue
2166 5167 2213 5227 te·

185 5202 408 5327 constituunt
439 5256 474 5314 et
504 5250 626 5328 agunt.
694 5234 799 5307 Hanc
828 5232 1046 5322 impietatem
1076 5228 1175 5303 Deus
1225 5233 1344 5302 nenda
1378 5244 1430 5301 est
1463 5225 1549 5302 hacc
1585 5238 1801 5323 consolatio,
1835 5267 1926 5334 quae
1959 5242 2019 5319 hic
2054 5255 2214 5331 traditur.

183 5351 405 5427 hauddubie
427 5343 571 5438 puniet,
596 5339 694 5408 iusta
715 5335 921 5415 secundum,
933 5348 1175 5427 praeceptum.
1196 5372 1202 5428 g
1226 5333 1340 5407 Docet
1362 5332 1456 5404 enim
1473 5336 1517 5404 de
1535 5359 1637 5406 causa
1655 5339 1889 5415 alllictionum
1906 5361 1941 5419 et
1956 5349 2102 5444 iudicii,
2127 5358 2214 5437 etde
2254 5448 2257 5461 Ι
