4522 5782
169 164 273 247 ,ιιει
390 218 412 255 ,,
494 90 515 247 J
744 148 872 223 enan
898 144 1255 249 arensmnrs
1279 144 1648 249 aruncum.-¹
1875 96 1971 249 jv,-
2113 158 2200 243 ,aaa

180 331 354 419 lutelligit
369 340 483 397 autem
501 325 681 391 iuncturas
694 334 727 389 et
753 341 938 411 compages
959 340 1170 388 consensum
1227 322 1350 392 τειῶν.
1407 315 1592 415 Ἀποχρῇ,
1625 322 1661 391 id
1688 335 1759 411 εει,
1791 322 1924 397 sufficit
1957 321 2080 395 diem
2109 324 2205 395 Deum

183 440 221 506 iu
249 437 368 501 cartem
394 410 476 495 vera
501 426 683 505 doctrina,
725 446 795 513 quo
818 443 991 488 consensu
1014 420 1174 489 membra
1229 434 1410 493 tantorum
1424 422 1602 494 bonorum
1618 437 1777 495 autorem
1795 448 1882 496 csse.

185 534 364 609 Ecclesiae
379 529 610 618 copulantur,
636 538 668 592 et
684 524 778 591 filius
794 520 861 591 Dei
877 522 997 591 ellicax
1012 536 1084 604 est,
1100 521 1177 588 col·

183 614 298 723 ligans
324 629 519 703 Ecclesiam
553 648 623 695 una
655 638 689 694 ει
717 627 839 692 eadem
867 647 952 691 voce
980 618 1181 711 Evangelii,

183 716 279 809 'sicut
300 732 435 824 inquit:
468 727 543 817 Ego
563 750 640 796 sum
666 726 768 815 vitis,
797 747 858 794 vos
874 723 1045 815 palmites.
1098 719 1181 791 Est-

190 864 259 933 que
282 828 469 906 antithesis
494 828 654 920 opposita
689 822 934 905 enthusiastis,
975 825 1018 892 de
1051 824 1182 919 quibus
1334 820 1383 897 Ut
1405 822 1487 893 sciri
1510 828 1619 918 possit
1647 830 1684 895 iu
1708 822 1763 896 bis
1780 826 1883 897 Pauli
1913 828 2208 901 concionibusre·

183 942 292 1033 prius
315 937 422 1018 dixit,
458 932 556 1024 quasi
589 930 697 997 dicat:
735 928 792 996 llli
817 927 1016 1015 gloriantur
1046 952 1082 997 se
1109 948 1182 994 esse
1233 926 1290 993 iici
1317 950 1390 994 non
1415 928 1530 996 solum
1555 931 1771 997 ceremonias
1795 928 1997 1011 lllosaicas,
2034 934 2095 999 sed
2124 935 2208 1001 etiam

191 1039 370 1113 domicilia
389 1033 455 1104 Dei
472 1046 506 1101 et
529 1027 658 1099 habere
681 1025 957 1109 enthusiasmos,
985 1032 1043 1096 sed
1068 1028 1182 1126 palam
1234 1028 1324 1098 alios
1352 1028 1467 1112 ritus,
1500 1030 1561 1120 qui
1586 1031 1821 1100 instituuntur
1843 1024 2007 1105 lurcuaua
2031 1034 2209 1117 autoritate,

187 1143 432 1217 mentiuntur,
459 1134 540 1226 quia
558 1155 622 1201 nec
638 1135 793 1201 membra
810 1144 892 1200 stant
907 1126 1098 1215 Ecclesiae,
1115 1151 1182 1196 nec
1234 1130 1309 1198 sive
1333 1130 1378 1197 ab
1394 1125 1599 1221 Episcopis,
1626 1133 1700 1199 sive
1722 1158 1741 1199 a
1764 1128 1977 1215 monachis,
2004 1134 2080 1202 ,ive
2095 1136 2138 1201 ,b
2150 1137 2211 1204 ,gg

193 1240 329 1315 habitat
351 1237 446 1310 Deus
469 1236 506 1303 in
533 1235 804 1324 impostoribus,
830 1233 890 1325 qui
915 1232 1053 1319 fingunt
1076 1252 1185 1321 genus
1235 1225 1453 1301 honainibus.
1508 1230 1591 1301 ldeo
1616 1257 1774 1321 expresse
1799 1228 1857 1301 hic
1872 1234 2043 1303 nominat
2067 1248 2099 1305 ct
2119 1238 2211 1305 reiicit

196 1346 380 1413 doctrinae
418 1335 635 1408 contrarium
669 1331 878 1425 Evangelio.
947 1331 1018 1403 Sed
1049 1329 1186 1402 habitat
1237 1348 1420 1424 praecepta
1443 1348 1476 1403 ct
1501 1336 1680 1403 doctrinas
1706 1330 1911 1414 homirnam,
1945 1349 1981 1405 et
2011 1338 2210 1426 superstitis

194 1444 292 1516 Deus
317 1444 355 1510 in
378 1436 453 1522 his,
479 1437 542 1529 qui
567 1451 648 1508 sunt
665 1436 823 1506 adiuncti
843 1434 949 1527 capiti
964 1431 1127 1514 Christo,
1154 1445 1188 1502 et
1237 1458 1320 1518 nes,
1346 1459 1432 1528 quas
1448 1437 1608 1505 nominat
1627 1432 1958 1533 ἐθελοθρησκείας,
1986 1436 2026 1506 id
2050 1451 2121 1522 est,
2144 1438 2212 1509 ritus

195 1561 280 1618 sunt
304 1545 462 1613 membra
486 1535 663 1608 Ecclesiae
685 1538 873 1610 retinentia
895 1537 1042 1607 eandem
1066 1558 1187 1604 vocem
1237 1537 1313 1603 sine
1328 1538 1491 1607 mandato
1502 1538 1566 1607 Dei
1578 1540 1800 1625 excogitatos,
1818 1561 1880 1606 scu
1895 1539 2067 1609 exercitia
2083 1539 2136 1608 vel
2151 1565 2210 1608 cor·

195 1644 383 1736 Evangelii
399 1644 653 1730 incorruptam.
1238 1636 1335 1727 poris
1358 1640 1557 1708 vexationes
1580 1665 1652 1709 non
1680 1642 1862 1709 mandatas
1885 1662 1904 1707 a
1928 1638 2030 1722 Deo,
2057 1654 2098 1709 ut
2120 1642 2209 1735 aliqui

1238 1738 1391 1807 inediam
1418 1740 1527 1810 tridui
1559 1756 1619 1811 aut
1652 1744 1807 1831 plurium
1832 1740 1975 1809 dierum
2001 1742 2072 1811 sibi
2098 1742 2212 1810 indire-

1229 581 1437 656 Sacrmdnm
1451 583 1634 658 mandato
1652 597 1684 658 el
1701 586 1891 661 doctrinas
1909 584 2120 671 hominum,
2133 614 2207 691 puae

1256 682 1394 757 babent
1412 689 1562 787 speciem
1577 690 1784 789 sapientiae
1800 690 1839 761 ira
1855 691 2120 789 superstitione
2131 704 2185 767 etc.

299 1795 510 1867 Gloriantur
525 1786 778 1879 Auabaptistae
796 1808 833 1854 se
850 1780 980 1855 habere
1007 1787 1189 1857 mirandos

102 1898 105 1905 ’
196 1897 469 1979 enthusiasmos,
492 1895 551 1962 sed
569 1906 701 1960 certum
720 1899 784 1973 est,
796 1912 855 1956 eos
871 1912 944 1957 csse
961 1890 1187 1978 impostores:

201 2004 297 2098 quia*
315 2000 498 2069 manifeste
524 1994 714 2062 discedunt
744 2013 763 2058 a
793 1990 906 2078 capite
940 1985 1083 2060 Christo
1112 2003 1189 2061 eta

199 2104 360 2175 doctrina
376 2097 581 2186 Evangelii,
607 2109 640 2162 et
661 2105 744 2161 sunt
757 2086 875 2161 hostes
894 2116 997 2161 verae
1012 2088 1189 2163 Ecclesiae

197 2222 232 2277 et
262 2204 443 2273 doctrinae
472 2220 593 2275 verae,
628 2195 767 2283 lingunt
798 2215 835 2260 se
867 2216 940 2262 sese
979 2194 1090 2263 iustos
1118 2196 1190 2263 suis

198 2305 377 2377 ementitis
396 2302 575 2370 alllatibus
589 2311 623 2367 et
641 2319 702 2364 sua
722 2293 908 2383 patientia,
935 2309 968 2364 et
986 2297 1191 2385 patientiam

198 2408 387 2479 nominant
410 2400 644 2472 desertionem
668 2396 803 2486 politici
826 2398 964 2465 ordinis
988 2412 1054 2468 etc.
1115 2398 1189 2486 Qui

196 2524 316 2580 tantos
337 2527 472 2574 errores
497 2502 650 2570 retinent
673 2513 868 2589 pugnantes
884 2520 963 2565 cum
981 2493 1191 2589 Evangelio,

198 2634 266 2679 nec
282 2605 496 2695 templaDei
520 2615 623 2681 stant,
649 2624 713 2667 nce
737 2599 893 2667 membra
910 2593 1105 2683 Ecclesiae,
1131 2603 1190 2669 sed

199 2728 282 2781 sum
306 2724 401 2777 extra
425 2725 608 2796 compages
631 2702 730 2784 illas,
761 2701 806 2769 de
830 2701 960 2792 quibus
983 2695 1041 2770 hic
1059 2699 1191 2773 Paulus

201 2813 372 2906 loquitur.

199 3012 247 3087 Si
260 3008 397 3083 mortui
410 3008 496 3079 estis
512 3031 589 3076 cum
606 2994 761 3074 Christo
777 2999 826 3072 ab
848 2998 1032 3073 clementis
1049 2999 1192 3091 mnndi,

201 3142 266 3187 cur
281 3128 460 3211 tonqrmm
479 3113 632 3178 viventes
657 3105 697 3174 in
724 3098 863 3174 mundo
885 3099 1025 3174 decreta
1038 3104 1193 3203 facitis:

232 3210 322 3290 Nori
339 3216 529 3307 attingas,
555 3233 630 3278 non
650 3214 854 3290 contrectes,
878 3230 952 3275 non
965 3217 1088 3299 gustes
1106 3218 1167 3281 ιιι.

304 3368 412 3438 Ιιιίιὶο
437 3364 604 3433 monendi
630 3374 714 3429 sunt
739 3358 917 3438 iuniores,
956 3352 1042 3428 haec
1067 3363 1192 3430 verba:

202 3472 284 3544 Nou
311 3470 478 3555 attingas,
513 3486 585 3531 non
608 3476 742 3549 gustes,
779 3484 851 3527 non
876 3474 1089 3544 contrectes,
1123 3463 1192 3532 dici

201 3573 428 3666 μιιιῃικῶς,
469 3589 531 3633 seu
555 3562 752 3644 recitative,
798 3584 870 3628 non
893 3562 1122 3650 dispositive,
1157 3565 1193 3633 id

204 3696 272 3756 εει,
291 3666 557 3743 Paulus'recitat
574 3664 727 3753 exempla
744 3662 938 3729 alienarum
955 3663 1091 3750 legum,
1106 3690 1193 3757 qua.

203 3778 256 3847 les
279 3770 483 3867 hypocritae
504 3766 686 3836 condunt:
729 3763 809 3833 Non
833 3779 949 3851 gustes
972 3789 1112 3834 carnem
1135 3768 1192 3835 die

203 3891 299 3948 sexto
316 3888 378 3944 etc.
432 3870 514 3940 Non
532 3867 678 3935 inseruit
693 3860 777 3933 haec
793 3866 898 3932 verba
919 3880 1086 3958 tanquam
1100 3868 1192 3957 leges

202 3980 403 4071 ferenshut
418 3964 581 4040 monachi
599 3967 729 4035 insulse
749 3967 968 4056 interpretati
992 3972 1092 4047 sunt,
1118 3994 1191 4038 non

204 4078 442 4165 intelligentes
480 4073 634 4160 figuraml
660 4068 837 4139 dictionis.
904 4066 1017 4137 Addit
1056 4083 1191 4140 autem:

205 4179 306 4269 Quae
332 4190 416 4247 sunt
437 4174 559 4243 omnia
580 4169 767 4240 interitura
795 4169 979 4258 ipsuum,
1012 4183 1051 4239 ut
1076 4173 1192 4258 vestis,

203 4281 333 4375 pocula
356 4287 557 4349 atteruntur
589 4295 656 4340 usu
679 4270 840 4350 assiduo,
878 4269 949 4339 cibi
973 4294 1038 4340 usu
1063 4297 1191 4343 eonsu-

204 4394 364 4453 muutur.
409 4376 497 4446 Vult
514 4373 608 4443 enirn
626 4372 762 4456 dicere,
786 4371 924 4440 novitas
940 4372 977 4438 in
994 4375 1125 4441 renatis
1141 4391 1191 4446 est

205 4497 349 4553 aeterna
369 4480 430 4549 lux
459 4492 494 4548 et
517 4476 589 4544 vita
617 4498 679 4565 per
705 4472 818 4541 tilium
848 4496 931 4540 voce
953 4469 1136 4562 Evangelii
1159 4493 1193 4549 et

206 4582 344 4675 Spiritu
360 4594 479 4649 sancto
503 4599 668 4660 accensa,
695 4587 728 4644 ct
753 4587 835 4643 sunt
852 4596 906 4642 res
921 4588 1082 4663 aeternae
1098 4578 1192 4649 dlius

204 4682 273 4758 Dei
299 4697 332 4753 et
348 4681 502 4771 Spiritus
522 4692 672 4747 sanctus.
723 4673 805 4744 Non
830 4688 881 4745 est
905 4676 1014 4765 igitur
1030 4672 1192 4768 Evange.

203 4785 248 4857 lii
264 4783 401 4856 iusticia
426 4805 482 4850 res
503 4804 564 4849 seu
587 4777 786 4849 observatio
808 4777 879 4859 cci,
906 4801 994 4871 quae
1015 4802 1081 4848 usu
1106 4801 1192 4850 con-

204 4888 375 4975 sumitur,
407 4896 448 4952 ut
470 4882 630 4953 ciborum
652 4891 713 4948 aut
734 4878 898 4950 vestium.
964 4878 1017 4947 Ac
1039 4884 1191 4951 vocabu.

1239 1854 1334 1909 runt.
1384 1836 1563 1911 Eremitae
1599 1844 1814 1911 abdiderunt
1847 1866 1884 1911 se
1919 1834 1972 1910 in'
2005 1844 2210 1914 solitudinem

1238 1942 1342 2012 etiam
1360 1944 1505 2013 faeniliis
1521 1944 1661 2013 relictis.
1714 1937 1883 2013 lllonachi
1901 1944 2137 2015 instituerunt
2151 1969 2211 2013 coe-

1239 2043 1387 2112 libatum
1412 2060 1446 2114 et
1469 2046 1558 2114 alios
1580 2048 1679 2120 ritus.
1731 2032 1878 2135 Semper
1899 2046 1936 2112 in
1962 2050 2103 2116 mundo
2126 2048 2211 2115 usita-

1239 2159 1315 2214 tum
1331 2146 1408 2214 'luit
1431 2146 1563 2237 tingere
1589 2149 1723 2232 cultus,
1749 2162 1782 2216 ct
1804 2148 1888 2214 inde
1916 2149 2096 2238 processit
2123 2152 2210 2216 auda·

1239 2249 1290 2315 cia
1317 2242 1523 2339 homiuum,
1564 2265 1604 2320 ut
1630 2253 1733 2318 etiam
1767 2272 1858 2319 nova
1884 2250 2041 2319 umuina
2062 2251 2211 2339 fingerent

1239 2349 1441 2436 excogitatis
1475 2353 1583 2419 variis
1618 2352 1790 2435 cultibus,
1826 2365 1866 2420 ut
1894 2350 2033 2421 milites
2059 2353 2212 2419 linxerunt

1239 2448 1411 2536 Martem,
1452 2453 1618 2521 mulieres
1653 2452 1845 2535 lunonem,
1889 2452 2073 2522 Venerem
2106 2467 2140 2524 et
2163 2453 2213 2520 alia

1239 2552 1347 2621 idola.
1385 2551 1518 2642 Alligat
1534 2569 1649 2623 autem
1667 2577 1732 2621 nos
1748 2552 1843 2623 Deus
1858 2553 1897 2620 in
1915 2554 2037 2645 primo
2054 2569 2214 2647 praecepto

1240 2650 1406 2741 Decalogi
1428 2657 1470 2723 ad
1494 2658 1606 2725 uniam
1630 2680 1750 2723 verum
1768 2654 1907 2745 Deum,
1932 2656 2001 2749 qui
2020 2678 2059 2725 se
2075 2654 2215 2748 patefecit

1240 2749 1307 2822 hoc
1331 2756 1407 2844 ipso
1433 2760 1559 2837 verbo,
1593 2760 1686 2849 quod
1720 2756 1866 2825 tradidit
1899 2780 1963 2847 per
1981 2754 2174 2848 Prophetas
2191 2769 2214 2825 et

1241 2880 1303 2945 per
1324 2856 1454 2942 lilium,
1481 2874 1515 2928 et
1537 2859 1737 2949 saepissime
1753 2861 1898 2928 damnat
1922 2882 2054 2927 omnes
2075 2860 2159 2928 alias
2173 2859 2216 2927 io·

1242 2957 1464 3040 vocationes,
1498 2976 1538 3031 ut
1569 2985 1650 3029 cum
1684 2960 1816 3053 inquit:
1848 2959 1929 3027 Non
1967 2954 2122 3031 habebis
2149 2962 2217 3031 [lem

1242 3059 1387 3132 alienos.
1442 3059 1544 3131 ltcm:
1580 3061 1776 3131 Dominum
1801 3057 1915 3129 Deum
1944 3074 2053 3130 tuum
2076 3063 2218 3131 adorabis

1243 3175 1275 3228 et
1294 3162 1347 3229 illi
1363 3161 1429 3229 soli
1456 3165 1597 3236 servies.
1650 3161 1695 3233 Et
1717 3162 1812 3232 Esai.
1829 3162 1909 3234 44:
1937 3160 2040 3231 Haec
2063 3165 2150 3235 dicit
2165 3162 2219 3232 llo

1244 3264 1361 3331 miuus
1384 3288 1442 3332 rex
1463 3262 1586 3335 lsrae'l:
1615 3263 1758 3334 Praeter
1780 3289 1929 3333 menon
1950 3280 2004 3334 est
2025 3265 2135 3338 Deus.
2182 3264 2218 3333 hc

1244 3366 1320 3433 vult
1338 3388 1402 3434 ιιοε
1419 3367 1456 3433 in
1474 3368 1697 3436 invocatione
1715 3361 1810 3437 branc
1826 3392 1950 3435 verum
1960 3364 2082 3435 Deum
2099 3367 2220 3459 alloqui,

1244 3478 1278 3533 et
1310 3489 1487 3556 segregare
1517 3485 1675 3537 nostram
1708 3469 1972 3538 invocationem
2008 3472 2057 3537 ab
2090 3472 2219 3538 aliamn

1245 3569 1404 3653 gentium
1430 3571 1725 3641 invocatiouilms.
1788 3566 1926 3638 Dicitur
1950 3584 1988 3637 et
2014 3594 2174 3661 expresse
2189 3575 2220 3635 de

1245 3670 1400 3739 cultibus
1429 3670 1513 3740 lesai
1537 3672 1613 3743 29.:
1651 3668 1797 3740 Frustra
1826 3670 1948 3743 colunt
1980 3696 2038 3738 me
2071 3672 2222 3743 nsarrdatis

1245 3763 1443 3843 hominum.
1477 3770 1521 3842 Et
1533 3768 1706 3843 Ezechiel.
1723 3774 1804 3844 20.:
1822 3771 1863 3842 ln
1881 3776 2088 3864 praeceptis
2106 3792 2220 3863 patron

1245 3885 1442 3940 vestrorum
1470 3876 1581 3945 nolite
1615 3876 1802 3958 incedere,
1850 3875 1887 3941 in
1922 3878 2128 3965 praeceptis
2155 3876 2220 3943 meis

1245 3973 1440 4053 ambulate,
1467 3990 1499 4046 et
1517 3977 1652 4055 sciatis,
1679 3976 1774 4069 quod
1791 3998 1854 4063 ego
1869 3977 1935 4043 sim
1954 3973 2141 4046 Dominus
2150 3976 2221 4046 Deos

1244 4088 1368 4147 vester.
1404 4073 1451 4145 Et
1468 4078 1503 4145 in
1522 4076 1687 4148 Numeris
1699 4072 1775 4150 15.:
1794 4075 1876 4157 Non
1892 4092 2098 4170 sequantur
2114 4079 2221 4167 cogita·

1244 4176 1358 4244 tiones
1374 4200 1454 4246 suas
1470 4193 1504 4248 et
1517 4180 1638 4248 oculos
1655 4179 1889 4261 meretricios,
1906 4180 1942 4247 id
1961 4193 2034 4262 est,
2052 4183 2222 4271 respicien-

1243 4288 1295 4345 tes
1319 4279 1361 4346 ad
1386 4280 1481 4349 varia
1504 4282 1670 4368 numina,
1697 4283 1756 4348 sed
1780 4303 1954 4348 memores
1972 4298 2221 4373 praeceptorum

1242 4376 1387 4448 Domini
1403 4382 1531 4451 faciant
1545 4407 1596 4467 ea,
1612 4384 1753 4475 sintque
1770 4382 1881 4451 sancti
1898 4379 1977 4451 Deo
1994 4405 2076 4467 ειιο,
2095 4382 2222 4473 egoDo·
2254 4374 2256 4461 ζ

1244 4480 1467 4551 minusDeus
1478 4498 1601 4568 vester,
1618 4485 1678 4577 qui
1697 4484 1801 4552 eduxi
1815 4505 1877 4550 vos
1894 4485 1938 4552 de
1953 4498 2051 4554 terra
2063 4485 2214 4579 Aegypti.
2254 4474 2256 4509 ²

1347 4581 1442 4652 llaec
1458 4585 1609 4654 illustria
1625 4600 1658 4655 et
1674 4607 1833 4677 expressa
1851 4585 2063 4656 testimonia
2076 4588 2222 4654 omnibus

1243 4683 1424 4752 notissima
1447 4687 1537 4769 sint,
1562 4699 1603 4755 nt
1619 4687 1787 4769 sciamus,
1809 4709 1917 4776 opera
1938 4710 2017 4755 non
2036 4692 2220 4756 mandatas

1242 4778 1319 4851 Deo
1342 4808 1416 4852 non
1440 4810 1513 4856 csse
1537 4788 1653 4857 cultus
1675 4784 1762 4868 Dei,
1802 4800 1839 4858 et
1866 4787 2035 4859 sitnota
2068 4789 2219 4867 definitio,

1243 4885 1423 4954 videlicet:
1457 4886 1584 4961 Cultus
1598 4886 1665 4958 Dei
1690 4902 1741 4958 est
1765 4909 1854 4977 opus
1876 4913 1895 4957 a
1918 4886 2000 4958 Deo
2019 4894 2221 4967 mandatum,

203 4990 281 5061 lum
303 4978 595 5079 ἀπόχρησιςιιοιι
616 4976 788 5069 siguificat
817 4980 987 5063 abusum,
1023 4981 1117 5073 quod
1141 5001 1192 5053 εει
1241 4985 1372 5055 sactum
1402 4989 1441 5054 in
1472 4989 1557 5073 lide,
1605 4990 1705 5060 cuius
1738 4989 1820 5057 linis
1847 4989 2062 5082 principalis
2092 5008 2159 5073 est,
2189 4999 2219 5055 ut

203 5081 443 5181 κατάχρησις,
468 5086 528 5155 sed
543 5073 744 5175 ἀπόχρησις
766 5079 937 5169 siguificat
952 5081 1190 5153 assiduitatem
1241 5083 1318 5156 Deo
1352 5081 1448 5157 hunc
1482 5085 1651 5162 bonorem
1678 5091 1892 5170 tribuamus,
1924 5092 1961 5159 id
1995 5106 2066 5171 est,
2110 5108 2146 5162 ut
2168 5086 2218 5159 hac

174 5196 177 5201 ’
204 5215 289 5261 ιιειιι
318 5214 379 5259 seu
401 5184 649 5258 sufficientiam
673 5181 712 5250 in
734 5203 820 5266 usn,
852 5195 892 5251 ut
915 5180 1189 5254 innumerabilia
1241 5189 1442 5259 obedientia
1460 5205 1628 5281 testemur
1642 5186 1737 5262 hunc
1753 5215 1876 5260 verum
1895 5189 2014 5289 Deum
2030 5219 2117 5279 esse,
2134 5212 2218 5286 quen

203 5292 361 5385 exempla
393 5289 603 5374 ostendunt,
633 5297 674 5356 ut
701 5282 796 5375 apud
823 5278 1007 5353 Platonem
1024 5288 1058 5353 2.
1086 5290 1189 5358 πολι·
1241 5288 1290 5358 sic
1308 5290 1474 5379 colimus,
1501 5307 1631 5364 etcum
1648 5293 1900 5363 sicvellecoli.
