4522 5782
59 198 135 293 us
428 154 553 289 ⁶xu.
603 196 1436 313 onmnano‘rnn'vaac.1omn1s
1484 152 1591 289 car.
1618 208 1682 287 1v.
1975 199 2094 299 'ns
2207 192 2209 196 ’

57 389 138 460 dere
150 384 340 488 proprium
357 386 527 482 cuiusque
543 385 734 473 iudicium,
759 401 800 460 ut
816 384 976 459 hocloco
991 385 1048 458 di·
1097 383 1182 451 dum
1207 383 1398 452 credebant
1420 381 1499 452 eius
1519 384 1648 463 verbo,
1673 397 1710 455 et
1730 383 1941 457 laborabant
1962 386 2087 456 multi-

54 493 165 562 citur:
192 489 689 582 lpsiandivimusetscimus.
743 489 795 561 lta
813 492 899 560 fides
917 491 955 559 in
972 490 1046 559 sin·
1099 484 1434 581 plici'dubitatione.
1481 481 1599 555 Debet
1616 499 1732 555 antem
1747 500 1861 556 totum
1886 511 1996 577 genus
2018 483 2087 558 hu-

54 591 146 683 gulis
157 592 293 662 nitatur
306 615 379 661 non
395 592 583 661 autoritate
597 586 765 678 humana,
783 597 843 662 sed
858 592 923 663 Dei
937 593 1046 662 verbo
1098 609 1242 655 manum
1257 587 1334 655 voci
1349 586 1493 657 divinae
1507 589 1660 671 credere,
1674 589 1879 679 praesertim
1895 611 1975 658 cum
1989 612 2085 660 nun·

54 708 87 766 et
103 694 335 767 testimoniis.
387 691 511 765 Credis
532 696 669 788 synodo
689 692 842 766 Nicenae
864 718 938 764 non
962 717 1046 784 pro·
1098 711 1203 780 quam
1220 687 1265 757 sit
1280 688 1356 756 sine
1376 689 1588 759 testimoniis
1611 688 1728 760 certis.
1779 688 1833 760 De
1847 686 1991 762 Christo
2012 676 2088 761 iani

55 811 132 888 pter
148 791 259 865 huius
275 795 518 866 multitudinis
530 796 716 882 indicium,
742 822 831 890 qnae
849 797 900 865 ibi
916 819 1046 865 conve·
1098 789 1184 858 olim
1201 789 1375 860 testificati
1395 804 1495 861 erant
1509 790 1668 877 Simeon,
1694 788 1842 883 loseph,
1868 789 1986 877 Anna,
2014 791 2085 863 Za·

55 898 125 984 nit,
153 900 216 968 sed
241 898 324 990 quia
347 897 517 986 intelligis
542 919 735 986 congruere
760 902 940 969 decretum
965 922 1044 966 cum
1098 886 1257 975 charias,
1286 886 1435 962 loa'nnes
1453 890 1630 988 Baptista,
1655 906 1689 962 et
1704 918 1771 962 vox
1787 896 1831 964 de
1847 894 1945 964 coelo
1961 896 2084 966 audita

54 1000 162 1070 certis
185 999 401 1071 testimoniis
424 1000 523 1068 verbi
541 995 621 1068 Dei.
672 996 780 1070 Hunc
803 1001 966 1070 ordinem
987 999 1045 1066 in·
1099 1006 1190 1062 erat:
1216 993 1289 1064 Hie
1316 1006 1368 1064 est
1390 995 1484 1065 filius
1506 996 1783 1070 meusdilcctus.
1834 992 1932 1066 Haec
1955 1016 2085 1088 paucos

54 1114 202 1171 renunt
218 1096 374 1171 humana
390 1114 423 1169 et
439 1101 581 1191 politica
599 1101 750 1186 iudicia,
774 1126 847 1171 non
864 1101 991 1171 volunt
1007 1100 1046 1168 in
1091 1090 1214 1184 ‚adhuc
1236 1109 1440 1176 moverant,
1467 1109 1509 1167 ut
1533 1095 1700 1166 Messiam
1726 1113 1966 1187 agnoscerent.
2019 1092 2085 1170 Est

54 1203 334 1294 disputationem
351 1204 467 1271 vocari
484 1228 536 1289 ea,
558 1226 649 1296 quae
664 1205 770 1272 semel
785 1204 938 1274 iudicata
953 1217 1046 1286 sunt,
1097 1197 1206 1286 igitur
1221 1193 1279 1301 his
1297 1198 1414 1266 verbis
1431 1211 1563 1281 taxata,
1588 1211 1623 1268 et
1641 1194 1747 1269 huius
1761 1201 1913 1292 petentis
1933 1197 2084 1272 haesita·

53 1318 190 1376 utnon
227 1305 312 1375 lioet
336 1316 458 1373 rursus
479 1328 604 1377 vocare
634 1305 671 1373 in
695 1305 968 1398 disputationem
993 1326 1045 1388 ea,
1097 1298 1166 1386 tio,
1193 1312 1227 1368 et
1245 1313 1460 1369 caeterorum
1478 1300 1636 1372 durities.

55 1432 142 1502 qnae
162 1408 203 1475 in
226 1407 347 1500 aliquo
373 1428 481 1494 regno
496 1431 534 1475 re
551 1406 741 1476 deliberata
764 1433 782 1478 a
800 1431 880 1495 rege
895 1420 929 1477 et
944 1406 1046 1497 prin·
1199 1398 1269 1471 Sed
1286 1395 1345 1469 hic
1363 1413 1503 1492 petens,
1529 1403 1592 1471 etsi
1609 1416 1661 1473 est
1676 1401 1856 1486 infirmus,
1882 1415 1999 1485 tamen
2024 1427 2083 1473 re·

56 1510 195 1600 cipibus
211 1510 348 1577 decreta
365 1522 458 1579 sunt.
510 1507 580 1579 Sed
596 1530 660 1576 nos
676 1509 827 1579 sciamus
845 1508 949 1578 fidem
972 1530 1045 1578 non
1099 1499 1230 1592 cipitur
1252 1514 1287 1571 et
1302 1500 1506 1589 exauditur,
1534 1499 1719 1573 haesitatio
1737 1528 1796 1572 seu
1816 1504 2004 1594 trepidatio
2020 1528 2083 1597 ap·

55 1614 212 1703 pendere
232 1632 274 1678 ex
297 1611 371 1677 ulla
401 1605 555 1678 humana
583 1610 791 1694 autoritate,
826 1634 901 1679 non
931 1621 1047 1698 posset
1097 1616 1217 1695 paret,
1242 1601 1325 1696 quia
1349 1620 1507 1690 veretur,
1533 1605 1604 1676 nisi
1625 1606 1761 1673 viventi
1782 1600 1899 1676 adhuc
1922 1605 1997 1675 filio
2021 1631 2083 1678 co·

54 1713 271 1782 conscientia
303 1711 469 1781 invocare
497 1712 611 1780 lilium
643 1709 730 1796 Dei,
764 1727 803 1788 et,
830 1713 986 1782 tribucre
1013 1709 1046 1778 ei
1099 1730 1173 1773 ram
1189 1705 1404 1795 opituletur,
1432 1721 1674 1796 postmortem
1698 1703 1789 1775 nihil
1810 1710 1882 1776 es'se
1898 1708 1990 1800 spei:
2018 1728 2084 1781 nec

56 1813 375 1904 omnipotentiam,
404 1814 432 1880 si
454 1813 594 1883 nullum
618 1807 764 1885 haberet
792 1813 1046 1896 testimonium,
1098 1806 1264 1896 intelligit
1287 1802 1384 1879 hunc
1399 1806 1566 1876 Messiam
1589 1833 1664 1878 non
1688 1809 1803 1877 solnm
1829 1811 1995 1898 aegrotis,
2021 1812 2084 1879 setl

55 1915 122 1984 nisi
148 1914 301 2008 synodi,
325 1917 386 1983 sed
412 1914 495 2007 qnia
518 1916 625 1984 verba
649 1917 723 2006 ipsa
738 1911 874 1988 Christi
899 1913 1045 2001 etApo-
1098 1909 1203 1978 etiam
1220 1910 1369 1978 mortuis
1391 1932 1492 1999 posse
1506 1911 1615 1978 vitam
1632 1913 1789 1983 reddere.
1842 1906 2084 1980 lmononin-

56 2017 231 2087 stolorum
248 2011 316 2085 hoc
337 2017 482 2099 docent,
511 2018 717 2089 accenditur
732 2019 818 2089 fides
839 2031 874 2088 et
891 2041 973 2087 vere
988 2017 1045 2084 in·
1099 2010 1224 2098 telligit
1240 2010 1299 2079 ille
1315 2035 1439 2080 coecus
1456 2012 1609 2091 aulicus,
1635 2006 1726 2081 hanc
1749 2011 1859 2098 ipsam
1879 2012 1986 2081 vitam
2004 2010 2084 2104 post¹

55 2132 167 2190 vocat.
1098 2125 1299 2203 peccatum,
1326 2114 1450 2182 mortis
1473 2113 1541 2180 iter
1561 2135 1653 2198 esse,
1680 2127 1712 2181 et
1732 2111 1898 2181 Messinm
1923 2127 2096 2184 autorem

156 2235 228 2308 sed
253 2261 421 2330 qums,
447 2259 494 2306 ,n
516 2261 590 2308 non
616 2237 699 2307 Μὴ
717 2252 767 2308 ,31
790 2236 912 2308 ,adpre
937 2236 1045 2305 ming,
1098 2215 1210 2298 vitaea
1235 2216 1401 2283 daturam
1423 2237 1496 2284 esse
1520 2215 1648 2298 vitam,
1674 2214 1832 2308 quaesit
1857 2228 1952 2284 extra
1977 2211 2084 2286 huius

57 2352 142 2411 aros
154 2334 384 2427 Evangeliii
395 2336 627 2430 Respondeo:
653 2339 746 2409 Satis
762 2354 824 2420 est,
849 2341 939 2409 sicut
953 2339 1044 2408 inlra
1098 2316 1222 2385 ¹¹¹⁰f¹i⁵
1238 2316 1474 2409 lyrannldflm·
1507 2314 1628 2433 Ρῗῑθθῑ
1641 2316 1750 2405 igilur
1764 2316 1895 2406 Parim
1912 2331 1945 2386 ⁰¹
1960 2318 2084 2406 2‘8l04

58 2440 322 2533 cap.17.clare
345 2441 493 2510 dicitur:
518 2438 622 2530 Rogo
640 2466 713 2511 non
738 2467 803 2531 pro
827 2442 876 2510 eis
895 2455 1046 2525 tantum,
1098 2432 1173 2487 ium
1203 2429 1236 2486 ⁰¹
1259 2430 1440 2487 “miluum
1470 2431 1664 2491 mnium·
1725 2417 1939 2510 Quanquam
1965 2433 2082 2488 amem

59 2545 112 2613 ,ed
141 2544 251 2613 etiam
288 2566 352 2634 pro
386 2543 553 2613 omnibu,
587 2543 773 2612 credituri,
807 2568 870 2635 p„-
897 2544 1043 2611 verbnm
1098 2533 1180 2588 sunt
1203 2541 1340 2587 errores
1364 2532 1397 2587 et
1422 2515 1672 2588 haesitationes
1687 2520 1726 2586 in
1744 2515 1810 2588 hoc
1823 2519 2002 2605 auditore,
2028 2535 2082 2590 ta-

59 2669 198 2727 corum,
229 2644 289 2714 sed
315 2668 393 2712 cum
418 2645 583 2713 audimus
607 2644 809 2731 ministros,
833 2646 920 2714 seire
938 2645 1045 2713 debe.
1078 2645 1080 2648 ’
1099 2645 1179 2689 rnen
1197 2620 1279 2713 quia
1297 2620 1438 2689 initium
1455 2635 1505 2690 est
1521 2619 1618 2704 fidei,
1645 2622 1816 2711 recipitur
1831 2635 1865 2690 et
1881 2622 2082 2696 adiuvatur.

58 2770 130 2816 mu,
151 2747 250 2816 unde
273 2745 471 2835 acceperim
494 2746 711 2832 doctrinam,
737 2746 773 2815 id
799 2761 869 2830 est,
895 2770 940 2815 a„
959 2746 1045 2814 affe,
1098 2720 1194 2790 Haec
1215 2722 1370 2812 exempla
1389 2746 1454 2791 nos
1472 2722 1698 2801 confirment,
1724 2746 1770 2790 ne
1784 2723 1943 2792 deterriti
1967 2724 2082 2795 imbe-

59 2862 133 2918 rant
159 2848 359 2916 doctrinam
384 2847 448 2915 filii
472 2844 558 2928 Dei,
591 2848 681 2917 sicut
701 2842 760 2917 hic
784 2848 1045 2940 inquisiverunt
1101 2825 1247 2894 ‘illim‘
1270 2825 1410 2910 ¹¹⁰⁵“is
1442 2824 1618 2912 fugiamus
1642 2818 1845 2905 Ci¹sl⁸¹¹¹¹⁰²
1879 2826 1940 2894 sed
1964 2826 2083 2917 Ρθῑῑ118

58 2948 293 3032 Samaritani,
335 2949 431 3017 unde
463 2948 594 3017 mulier
628 2951 801 3040 acceperit
832 2950 1043 3020 doctrinam.

58 3047 159 3123 tides
176 3051 362 3122 intueatur
377 3049 503 3136 sontes,
529 3051 677 3120 verbum
695 3065 730 3122 et
745 3051 946 3122 testimonia
962 3065 1027 3127 etc.

178 3263 237 3337 Et
252 3275 332 3337 erat
349 3260 560 3363 Regulus,
581 3262 821 3362 caiusfilius,
854 3277 916 3344 etc.

123 3420 237 3492 Nunc
253 3432 333 3510 post
349 3420 505 3510 primum
520 3416 653 3489 Pascha
671 3422 764 3491 redit
779 3421 815 3488 in
834 3418 1044 3499 Galilaeam,

54 3527 111 3596 nbi
135 3523 262 3593 statim
294 3544 389 3589 novo
418 3521 591 3590 miraculo
614 3538 716 3594 vocat
738 3525 782 3591 ad
808 3519 1044 3611 Evangelium

54 3626 229 3696 familiam
247 3617 402 3692 hominis
416 3623 581 3713 potentis,
606 3625 789 3694 servientis
804 3625 876 3712 regi
894 3623 1045 3696 Herodi.

55 3727 112 3798 Est
130 3739 256 3796 autem
279 3725 417 3794 illustre
430 3725 628 3816 exemplum
648 3725 808 3794 infirmae
825 3726 926 3814 fidei,
952 3738 1045 3794 taxat

54 3826 220 3902 Christus
239 3826 491 3896 infirmitatem.
541 3823 611 3896 Sed
629 3841 744 3896 tamen
765 3826 888 3916 recipit
911 3823 1046 3894 hahen-

55 3946 121 4003 tem
138 3927 229 3999 fidei
247 3928 388 3997 initium
404 3940 439 3996 et
453 3926 654 4008 scintillam,
669 3929 759 3999 sicut
774 3929 860 3999 alibi
871 3926 1045 4012 Marci9.:

56 4032 171 4107 Credo
187 4029 348 4111 domine,
374 4029 550 4119 opitulare
565 4029 781 4099 diffidentiae
797 4054 920 4098 meae·
946 4027 996 4098 lta
1014 4042 1047 4098 et

54 4133 188 4207 Paulus
205 4128 313 4202 Rom.
333 4127 391 4200 14.
406 4131 491 4201 dicit
508 4132 552 4199 de
566 4130 725 4201 infirmo:
751 4128 846 4201 Dens
862 4155 942 4200 eum
958 4131 1046 4200 reci·

55 4238 115 4328 pit.
158 4233 224 4306 Sic
243 4232 432 4324 aliquoties
447 4233 683 4322 obiurgantur
697 4233 880 4323 Apostoli,
907 4256 969 4302 vos
984 4257 1047 4325 pa-

59 4362 136 4419 rum
152 4337 327 4417 fidentes,
350 4334 436 4424 quid
454 4334 668 4405 dubitastis?
699 4332 796 4405 Haec
813 4337 970 4425 exempla
988 4335 1047 4403 cli·

58 4439 211 4531 ligenter
234 4436 518 4520 consideremus,
545 4449 579 4505 et
600 4451 640 4506 ut
663 4437 745 4505 lidei
768 4450 910 4506 nostrae
930 4438 1047 4507 imbe-

58 4543 242 4613 cillitatem
264 4559 511 4626 agnoscamus,
537 4550 571 4607 et
595 4551 754 4628 petamus
778 4541 1049 4624 incrementum,

59 4658 87 4715 ct
101 4658 231 4715 tamen
247 4635 314 4708 hac
330 4663 395 4708 nos
412 4639 653 4710 consolatione
672 4653 925 4722 sustentemus,
952 4642 1047 4732 quod

1097 2928 1302 2995 accedamus
1317 2925 1456 3005 invitati
1475 2924 1676 2994 dulcissima
1693 2950 1777 2994 voce
1792 2925 1914 3016 ipsius,
1942 2951 2009 3019 qua
2026 2929 2083 2995 in-

1098 3029 1191 3122 quit:
1222 3023 1351 3096 Venite
1368 3029 1411 3095 ad
1431 3049 1488 3094 me
1505 3027 1705 3117 omnesqui
1728 3027 1915 3111 laboratis,
1940 3042 1973 3098 et
1993 3052 2083 3099 one·
2188 3070 2195 3077 ·

1098 3129 1167 3199 rati
1184 3128 1282 3213 estis,
1304 3150 1367 3218 ego
1382 3128 1536 3198 reficiam
1552 3151 1624 3196 vos.
1658 3127 1764 3198 item:
1790 3126 1916 3215 Petite,
1939 3142 1973 3199 et
1990 3131 2082 3200 acci·

1098 3232 1213 3324 pictis.
1519 3236 1522 3243 '
2079 3314 2084 3329 ,

1202 3329 1272 3399 Sed
1293 3325 1449 3399 humana
1472 3354 1572 3400 mens
1595 3355 1669 3401 turn
1692 3329 1858 3421 intelligit
1872 3327 1940 3401 hos
1954 3333 2083 3422 cultus,

1097 3431 1164 3502 Dei
1188 3432 1392 3522 petitionem
1414 3447 1448 3502 et
1475 3434 1755 3516 invocationem,
1780 3435 1840 3501 secl
1864 3432 2032 3532 impedita
2048 3449 2085 3507 et

1098 3557 1263 3627 oppressa
1280 3533 1510 3623 opinionibus
1531 3535 1636 3624 legis,
1661 3535 1791 3623 cogitat
1812 3547 1949 3605 tantum
1967 3537 2083 3606 cultus

1098 3661 1189 3721 esse,
1216 3659 1295 3704 cum
1313 3658 1378 3703 nos
1395 3636 1529 3725 egregia
1548 3638 1636 3705 lacta
1653 3633 1729 3706 Deo
1747 3636 1941 3717 offerimus,
1968 3639 2083 3730 impe-

1098 3739 1171 3808 dita
1189 3752 1239 3806 est
1255 3752 1288 3807 et
1303 3737 1456 3806 naturali
1473 3739 1713 3822 dubitatione,
1740 3752 1779 3807 ut
1796 3762 1869 3806 non
1887 3752 1996 3829 potest
2012 3755 2083 3809 sta·
2162 3743 2165 3748 ’

1099 3855 1215 3923 tuere,
1241 3836 1356 3907 Deum
1374 3862 1456 3907 vere
1472 3840 1564 3908 velle
1580 3841 1684 3908 nobis
1699 3840 1819 3906 adesse
1829 3890 1840 3922 ,
1868 3854 1900 3908 et
1916 3842 2083 3931 opitulari

1099 3943 1136 4010 in
1159 3956 1229 4010 tam
1251 3940 1373 4006 multis
1397 3940 1567 4026 negotiis,
1599 3941 1726 4031 cogitat
1750 3942 1840 4009 ratio
1869 3942 2083 4011 miserrimas
2204 3946 2207 3955 '

1100 4067 1172 4111 esse
1190 4041 1436 4132 occupationes
1452 4039 1538 4122 Dei,
1565 4042 1594 4110 si
1612 4039 1696 4111 hnic
1717 4042 1753 4109 in
1771 4041 1945 4120 febribus,
1973 4043 2024 4111 illi
2046 4046 2098 4113 in¹

1099 4143 1303 4231 naufragio,
1330 4143 1408 4211 aliis
1429 4145 1466 4212 in
1491 4143 1584 4229 acie,
1611 4145 1688 4211 aliis
1711 4143 1747 4210 in
1770 4144 1927 4212 custodia
1944 4146 2084 4235 domus,

1099 4246 1271 4328 familiae,
1298 4246 1493 4315 liberorum
1509 4248 1612 4314 adsit.
1649 4245 1717 4314 Sed
1745 4241 1808 4312 has
1829 4244 2008 4333 epicureas
2024 4272 2085 4316 co·

1100 4347 1287 4438 gitationes
1303 4348 1482 4417 eiiciamus
1497 4371 1537 4415 ex
1553 4347 1685 4428 animo,
1710 4358 1744 4414 et
1756 4346 1948 4432 cogitemus
1964 4349 2085 4419 omnia

1099 4448 1255 4520 hnmana
1272 4451 1425 4540 pericula
1445 4470 1571 4536 magna
1588 4471 1680 4528 esse,
1706 4448 1794 4517 etin
1820 4451 1988 4519 omnibus
2010 4476 2086 4519 me·-

1101 4554 1250 4623 tuendas
1278 4575 1351 4619 esse
1379 4550 1526 4617 insidias
1556 4548 1707 4631 diaboli,
1739 4563 1773 4618 et
1796 4573 1861 4618 nos
1891 4554 2086 4641 praeceptis

1101 4669 1135 4724 et
1162 4651 1455 4743 promissionibus
1481 4652 1526 4720 ad
1554 4651 1814 4721 invocationem
1844 4656 2088 4729 accendamus.

60 4769 126 4817 nott
143 4742 381 4826 obiiciantur,
407 4742 468 4834 qui
493 4742 648 4835 aliquam
672 4741 862 4813 scintillam
882 4742 964 4810 fidel
984 4738 1049 4810 ila·
1102 4755 1183 4825 Non
1207 4776 1392 4844 possumus
1414 4766 1583 4832 mortem,
1612 4753 1765 4839 pericula
1783 4753 1940 4842 corporis
1956 4769 1990 4825 et
2007 4757 2086 4824 ani.

59 4847 152 4922 bcnt.
192 4842 297 4915 Sicut
319 4844 416 4934 apud
439 4840 581 4915 Esaiam
603 4844 751 4916 dicitur:
776 4843 911 4915 Linum
936 4843 1048 4914 lumi·
1100 4879 1197 4939 mae,
1229 4855 1374 4923 insidias
1397 4855 1552 4938 diaboli,
1587 4855 1663 4921 sine
1686 4855 1817 4930 auxilio
1843 4852 1909 4923 Dei
1934 4857 2086 4926 vincere.

10 4924 14 5007 i
61 4971 140 5038 lm
153 4969 234 5017 ¹¹⁰⁰
252 4944 442 5033 minium.
1103 4956 1188 5027 ldeo
1196 4951 1356 5027 Christus
1370 4958 1503 5051 inquit:
1530 4955 1616 5028 Sine
1631 4979 1688 5027 me
1704 4951 1797 5025 nihil
1810 4957 2088 5048 potestislacere.

153 5057 453 5161 Reprehenditur
466 5075 586 5132 antem
599 5062 683 5132 fidei
700 5063 926 5144 imbecillitas
941 5063 979 5130 in
992 5057 1050 5130 his
1102 5058 1287 5128 Discamus
1314 5073 1432 5129 autem
1468 5054 1564 5128 huuc
1595 5082 1667 5127 esse
1694 5060 1923 5150 praecipuum
1953 5059 2089 5129 cultum

63 5166 193 5238 serbis:
231 5163 309 5234 Nisi
326 5164 424 5254 signa
449 5163 597 5249 videtis,
623 5187 700 5234 non
723 5165 876 5238 creditis.
930 5163 1051 5236 lntro·
1101 5159 1188 5245 Dei,
1225 5161 1395 5230 auxilinm
1423 5163 1537 5232 abeo
1570 5160 1698 5230 fiducia
1724 5160 1929 5230 mediatoris
1960 5175 2090 5249 petere,

65 5269 162 5360 spicit
187 5260 357 5338 Christus
386 5265 485 5335 illius
514 5265 666 5358 petentis
695 5263 983 5350 haesitationem,
1016 5278 1051 5335 et
1102 5264 1196 5343 sicut,
1213 5262 1306 5340 Psal.
1323 5260 1385 5334 49.
1407 5263 1473 5335 ait:
1506 5262 1638 5334 invoca
1661 5286 1718 5335 me
1740 5263 1780 5332 in
1803 5261 1862 5330 dic
1887 5260 2091 5337 tribulatio·

10 5358 12 5385 '
68 5371 169 5443 hot.
177 5371 226 5440 de
251 5368 399 5439 caeteris
414 5367 567 5453 indicat,
593 5368 663 5461 qui·
681 5371 840 5444 aderant.
889 5366 940 5439 Hi
956 5389 1051 5441 non·
1106 5367 1175 5453 nis,
1202 5379 1268 5440 etc.

114 5478 296 5545 messan.
324 5474 429 5542 Om.
453 5473 537 5544 Vos..
564 5472 644 5540 XV.
1406 5506 1413 5520 ·
1584 5465 1608 5541 8
1694 5540 1695 5543 ,
1729 5524 1736 5537 .
