4522 5782
52 201 129 279 000
428 183 513 272 Xll.
562 128 1403 278 mauutrtotuuvauu.1uattuta
1462 199 1567 279 CAP.
1593 202 1734 277 XVlll.
2026 205 2106 317 800

154 372 294 445 Pinalis
315 395 440 456 caum,
472 385 514 445 ut
537 395 684 462 magnae
709 374 801 462 parti
825 373 964 464 generis
985 369 1055 445 hu·
1108 387 1171 444 aut
1192 375 1238 443 ad
1254 374 1514 455 obedientiam,
1539 378 1659 447 autad
1678 401 1840 470 poenam.
1890 374 2103 452 Deindesess

53 477 152 549 mani
168 475 307 548 iusticia
323 475 642 566 etgloriaaeterna
658 477 884 557 redderetur,
912 473 1053 548 etDeus
1107 489 1270 570 quantur
1296 477 1360 546 alii
1383 477 1489 548 multi
1512 478 1676 561 effectus,
1709 483 1953 552 reconciliatio
1976 483 2043 554 Dei
2068 497 2103 555 et
2231 550 2240 561 .

52 577 201 655 heberet
224 594 406 652 aeternam
422 574 638 663 Ecclesiam,
664 602 684 647 a
709 604 779 674 qua
804 594 1053 670 agnosceretur
1106 575 1316 666 hominum,
1348 581 1496 651 donatio
1530 582 1709 664 iusticias,
1743 583 1899 677 Spiritus
1929 589 2043 658 sancti
2066 602 2102 658 et

54 697 88 755 et
118 682 377 768 celebraretur,
408 696 448 754 ut
470 679 601 756 Psalm.
619 684 681 755 22
704 683 854 754 dicitur:
888 683 994 773 Apud
1018 694 1053 753 te
1106 683 1199 752 vitae
1222 699 1404 769 aeternae,
1438 686 1632 756 destructio
1659 709 1808 778 operum
1830 688 1985 775 diaboli,
2018 714 2101 782 pec·

54 787 129 858 laus
143 809 241 865 mea,
268 787 306 855 in
324 772 482 855 Echlesia
499 808 625 874 magua
642 785 838 855 confitebor
854 787 942 865 tibi,
970 800 1050 856 vota
1076 866 1079 883 Ι
1104 786 1174 855 cati
1191 800 1225 856 et
1242 788 1378 858 mortis.

54 913 128 959 mea
141 889 291 960 reddam
309 889 347 957 in
364 902 554 980 conspectu
571 889 776 957 timentium
793 885 921 963 Deum.
1076 890 1079 979 l
1208 891 1412 980 Applicatio
1442 892 1602 963 continet
1632 893 1831 962 doctrinam
1860 895 2101 984 poenitentiae

151 988 267 1064 canu
283 991 440 1061 efficiens
455 1003 602 1089 propter
615 991 752 1061 bonum
767 993 893 1075 linem,
916 991 1049 1062 volun·
1075 988 1079 1051 l
1103 1004 1138 1062 et
1161 993 1256 1064 fidei.
1309 989 1472 1063 Primum
1498 1018 1580 1064 vera
1605 1006 1640 1065 et
1664 991 1848 1066 horribilis
1868 995 1920 1064 ira
1941 997 2013 1068 Dei
2036 999 2100 1068 ad-

54 1108 104 1168 tas
124 1093 192 1165 tilii
205 1090 274 1164 Dei
291 1109 324 1165 et
341 1118 487 1185 persona
507 1094 603 1172 eius,
629 1094 754 1163 volens
768 1090 861 1164 hanc
878 1095 1049 1166 obedien·
1075 1080 1079 1245 ἱ
1104 1119 1226 1164 versus
1250 1110 1389 1184 peccata
1413 1110 1533 1167 nostra
1556 1098 1740 1187 cogitetur.
1801 1096 1892 1170 Cum
1915 1099 2010 1168 enim
2035 1125 2099 1171 vo-

54 1199 155 1281 fiam,
181 1212 329 1290 propter
359 1221 527 1266 arcanum
555 1197 746 1267 consilium
771 1198 906 1268 aeterni
929 1199 1050 1290 patris,
1103 1198 1210 1268 luerit
1241 1198 1355 1266 filium
1388 1201 1463 1270 lieri
1487 1200 1666 1269 victimam
1693 1225 1757 1288 pro
1781 1224 1908 1292 genere
1928 1197 2100 1288 humano,

55 1301 151 1372 cuius
178 1301 233 1371 ira
265 1324 340 1372 nou
364 1313 502 1391 poterat
524 1299 593 1368 alia
621 1296 736 1369 hostia
760 1301 903 1392 placari.
973 1298 1050 1371 Hac
1103 1313 1241 1370 constat
1277 1301 1457 1388 ingentem
1490 1318 1524 1372 ct
1557 1325 1631 1371 non
1663 1303 1866 1375 simulatam
1894 1305 1985 1375 iram
2014 1327 2099 1375 esse.

53 1404 234 1475 voluntate
248 1398 414 1475 Christus
437 1402 512 1495 ipse
528 1418 580 1476 est
596 1405 778 1488 sacerdos,
803 1428 878 1474 sese
893 1404 1049 1475 offerens
1074 1434 1076 1441 ·
1102 1402 1220 1473 Multa
1244 1418 1328 1473 sunt
1353 1405 1552 1474 tristissima
1577 1405 1779 1477 testimonia
1797 1409 1871 1476 irae
1887 1403 1954 1477 Dei
1970 1409 2099 1477 adrer-

55 1521 192 1577 aeterno
209 1507 302 1604 patri
317 1531 383 1598 pro
399 1506 516 1580 nobis.
1101 1530 1161 1576 sus
1183 1521 1340 1597 peccata,
1368 1522 1408 1576 ut
1431 1531 1527 1577 mors
1548 1520 1583 1577 et
1599 1507 1759 1579 infinitae
1775 1510 1864 1581 aliae
1880 1511 2098 1581 calamitates

148 1605 303 1679 Materia
327 1633 410 1681 vero
428 1607 621 1700 passionis,
645 1609 792 1703 inqua,
819 1609 938 1694 idest,
962 1611 1049 1681 sub-
1102 1604 1303 1678 hominum.
1370 1609 1441 1682 Sed
1468 1605 1536 1680 hoc
1558 1611 1800 1683 testimonium
1826 1612 1931 1703 longe
1955 1626 2098 1705 superat

10 1744 12 1755 ·
53 1711 198 1795 icctum,
225 1725 278 1783 est
298 1712 373 1803 ipse
392 1707 592 1796 filiusDei,
620 1727 655 1784 et
669 1713 932 1783 distribuantur
946 1737 1048 1804 prae·
1102 1713 1241 1795 omnia,
1276 1713 1372 1804 quod
1407 1714 1446 1781 in
1468 1713 1533 1782 illo
1554 1736 1684 1784 arcano
1709 1716 1861 1785 consilio
1886 1716 2010 1785 divino
2034 1717 2097 1785 de·

53 1813 171 1903 cipuae
204 1828 344 1907 partes,
386 1838 477 1909 quae
506 1815 666 1885 dolorem
695 1829 902 1898 senserunt,
946 1817 1049 1885 nervi
1101 1827 1237 1886 cretum
1254 1829 1323 1898 est,
1350 1828 1390 1885 ut
1404 1816 1499 1886 filius
1515 1814 1580 1886 Dei
1596 1818 1694 1887 fieret
1711 1819 1864 1888 victima.

52 1915 209 2007 corporis
231 1931 419 1988 senserunt
440 1917 634 2004 cruciatus,
661 1941 751 2012 quos
769 1917 939 1988 afferebat
955 1918 1048 1988 lace·
1204 1914 1411 2009 Applicatio
1431 1932 1484 1989 est
1499 1919 1609 2009 igitur
1625 1920 1815 2010 passionis,
1840 1922 1995 2014 primum
2016 1945 2096 1991 vere

49 2022 158 2105 ratio,
194 2044 257 2090 cor
275 2020 434 2111 fugiebat
458 2033 631 2106 mortem,
663 2035 697 2093 et
719 2044 800 2111 pars
824 2021 1046 2092 cruciatuum
1100 2044 1327 2109 expavescere
1358 2021 1539 2112 agnitione
1570 2021 1645 2092 irae
1675 2018 1742 2091 Dei
1774 2026 1945 2094 adversus
1975 2037 2096 2095 nostra

52 2123 209 2216 corporis
231 2126 441 2215 penetrabat
456 2125 501 2193 ad
518 2148 597 2214 cor,
623 2126 685 2193 sed
701 2126 854 2194 maiores
871 2124 1047 2194 cruciatus
1100 2137 1261 2216 peccata,
1296 2124 1389 2195 sicut
1415 2125 1490 2214 ipse
1514 2123 1618 2210 dicit,
1654 2123 1740 2194 Luc.
1757 2127 1838 2202 aa:
1871 2125 1925 2196 Ne
1948 2126 2096 2218 ploretis
2209 2176 2215 2204 ,

51 2239 145 2295 erant
168 2226 329 2312 animae,
355 2228 418 2321 qui
440 2227 545 2296 etiam
562 2252 624 2298 cor
640 2241 672 2295 et
686 2240 802 2297 totum
821 2251 950 2319 corpus
967 2228 1046 2296 lau·
1100 2249 1208 2318 super
1227 2224 1303 2311 me,
1330 2228 1391 2296 sed
1415 2229 1551 2319 plorate
1574 2250 1682 2326 super
1705 2253 1768 2299 vos
1788 2244 1822 2300 et
1838 2228 1930 2298 lilios
1948 2224 2096 2300 rastros.
2220 2240 2224 2257 ¹

49 2327 304 2419 guelaciebant.
368 2328 459 2400 Nam
486 2330 606 2401 anima
635 2329 790 2399 naturali
814 2329 1047 2401 inclinatione
1099 2326 1242 2400 Deinde
1259 2332 1399 2400 accedat
1415 2343 1449 2400 ct
1464 2331 1573 2401 altera
1587 2330 1777 2422 applicatio
1793 2331 1893 2411 fidei,
1920 2353 2010 2423 quae
2024 2344 2095 2400 sta-

50 2427 264 2503 abhorrebat
286 2457 307 2501 a
331 2446 463 2517 morte,
489 2445 524 2502 et
547 2446 589 2502 ut
611 2433 650 2500 in
673 2432 755 2502 aliis
777 2431 932 2504 fortibus
947 2433 1047 2517 viris,
1099 2446 1178 2503 tuat
1201 2433 1409 2502 mandatum
1432 2445 1618 2503 aeternum
1633 2429 1701 2501 Dei
1723 2448 1754 2503 et
1772 2433 1995 2504 immutabile
2010 2456 2096 2519 esse,

49 2556 184 2628 semper
225 2537 335 2624 magis
370 2556 472 2606 causa
509 2559 760 2607 aerumnarum
800 2534 1047 2606 excruciantur
1098 2549 1140 2606 ut
1169 2537 1355 2607 credamus
1383 2550 1529 2627 propter
1552 2559 1618 2604 nos
1641 2535 1755 2604 filium
1778 2532 1845 2606 Dei
1864 2536 1997 2606 factum
2021 2558 2095 2605 esse

48 2637 170 2722 animi,
197 2662 305 2731 quam
322 2639 407 2729 ipsis
423 2637 616 2723 aerumnis,
640 2639 730 2709 sicut
740 2637 914 2709 Davidem
931 2639 1046 2710 multu
1099 2638 1300 2723 victimam,
1326 2653 1360 2709 et
1377 2661 1442 2708 nos
1456 2637 1568 2729 recipi
1584 2662 1603 2706 a
1619 2634 1714 2717 Deo,
1742 2662 1823 2709 cum
1838 2639 2015 2709 credimus
2028 2660 2095 2708 no·

10 2758 12 2765 '
48 2740 158 2829 magis
197 2740 365 2830 cogitatio
398 2740 522 2832 culpae
552 2743 754 2825 exercebat,
796 2764 904 2834 quam
934 2740 1045 2833 ipsius
1098 2741 1155 2811 bis
1178 2741 1310 2813 remitti
1338 2755 1478 2833 peccata
1501 2753 1647 2832 propter
1669 2741 1798 2831 ipsum.
1849 2738 1927 2811 Hac
1947 2741 2016 2811 fide
2037 2740 2096 2810 in-

49 2842 143 2913 exilii
164 2842 319 2918 miseria.
373 2841 424 2914 lta
446 2845 485 2913 iu
504 2838 638 2915 Christi
650 2845 770 2914 anima
788 2865 892 2914 causa
910 2845 1045 2933 passio·
1099 2856 1222 2914 coatur
1244 2845 1316 2913 vita
1341 2858 1482 2916 aeterna
1507 2844 1546 2912 in
1571 2842 1762 2927 cordibus,
1792 2845 1876 2936 qnia
1901 2839 1986 2914 haec
2009 2866 2096 2914 con·

47 2946 101 3017 nis
124 2945 289 3035 ingentes
310 2946 451 3017 dolores
470 2947 601 3032 ciebat,
623 2947 776 3032 scilicet,
799 2949 896 3041 quod
914 2946 1045 3019 sciebat
1098 2945 1225 3017 solatio
1247 2946 1376 3019 liberat
1391 2973 1430 3016 ea
1446 2971 1465 3017 a
1483 2946 1697 3040 pavoribus,
1725 2962 1758 3019 et
1775 2970 1904 3016 novam
1921 2947 2038 3018 lucem
2056 2970 2096 3017 ac
2152 2972 2157 2982 ¹

47 3043 214 3120 Christus
227 3046 344 3118 Deum
365 3049 469 3119 irasci
488 3051 639 3143 peccatis
654 3051 795 3139 generis
812 3047 984 3142 humani,
1011 3063 1046 3120 et
1098 3050 1207 3120 vitam
1226 3049 1354 3122 incoat

44 3151 570 3238 insederivatamesseiram,
594 3179 634 3225 ac
650 3154 681 3224 si
701 3154 776 3245 ipse
793 3179 829 3224 se
844 3152 953 3223 tantis
968 3176 1044 3222 sce·
1201 3151 1258 3221 Ad
1298 3150 1570 3251 paedagogicam
1603 3150 1872 3222 meditationem
1903 3149 2042 3219 deinde.
2061 3163 2096 3220 et

45 3254 181 3325 lctibus
204 3253 402 3345 polluisset.
454 3254 564 3327 Hunc
580 3281 751 3328 arcanum
767 3271 803 3329 et
820 3256 1046 3327 inenarrabi-
1098 3250 1185 3326 haec
1207 3255 1370 3325 doctrina
1394 3255 1565 3344 pertinet,
1592 3255 1687 3347 quod
1705 3253 1870 3323 videlicet
1886 3251 2096 3345 applicatio·

45 3356 114 3427 lem
138 3356 301 3433 dolorem
325 3383 367 3428 ex
392 3383 495 3431 causa
523 3360 698 3449 passionis
720 3372 860 3438 ortum,
887 3376 963 3429 nun
987 3359 1045 3427 in·
1098 3381 1181 3428 nem
1197 3357 1470 3450 nostramsequi
1487 3357 1847 3448 debeantgratiarum
1863 3356 1965 3436 actio,
1992 3379 2095 3446 prae-

46 3460 214 3551 telligunt
236 3454 412 3535 homines.
464 3459 534 3532 Hic
549 3463 667 3531 anima
685 3458 819 3533 Christi
835 3462 968 3532 luctata
983 3474 1046 3545 est,
1098 3461 1250 3543 dicatio,
1282 3461 1476 3545 confessio,
1511 3460 1663 3531 imitatio
1692 3462 1732 3531 in
1753 3484 1866 3533 cruce.
1926 3455 2008 3529 Huc
2029 3457 2095 3557 ad-

47 3586 118 3632 non
133 3562 254 3632 solum
271 3587 352 3633 cum
369 3565 583 3634 cruciatibus
599 3565 758 3655 corporis
772 3580 806 3635 et
822 3588 902 3634 cum
918 3578 1047 3648 morte,
1099 3565 1267 3654 iungatur
1283 3575 1317 3633 et
1330 3564 1493 3635 doctrina
1512 3565 1556 3633 de
1569 3563 1766 3634 sacerdotio
1780 3557 1936 3654 Christi,
1962 3563 2095 3654 dequo

48 3667 106 3755 sed
139 3665 259 3735 multo
283 3666 395 3757 magis
418 3691 500 3739 cum
524 3667 577 3736 ira
600 3664 700 3747 Dei‚·
722 3666 839 3738 doluit
862 3667 956 3736 filius
977 3663 1046 3737 Dei
1099 3668 1361 3758 scriptumest:
1388 3665 2095 3737 Tuessacerdosinacternumsecun·

47 3760 273 3841 horribiliter
308 3769 484 3840 offeusum
514 3792 589 3840 esse
616 3770 737 3841 Deum
767 3783 801 3842 et
829 3770 1045 3840 contumelia
1099 3772 1187 3840 dnm
1204 3769 1368 3840 ordinem
1385 3763 1666 3842 Melchisedech.
1717 3763 1884 3839 Christus
1900 3768 1997 3837 enim
2012 3789 2094 3835 vere

47 3871 237 3955 affectum,
270 3885 307 3942 et
328 3873 474 3961 agnovit
498 3873 537 3943 iu
562 3896 599 3942 se
620 3873 818 3944 derivatam
845 3872 936 3941 iram
960 3895 1046 3954 esse,
1099 3888 1153 3945 est
1174 3895 1333 3942 summus
1355 3872 1538 3957 sacerdos,
1564 3873 1622 3943 cui
1637 3867 1725 3941 haec
1740 3871 1899 3940 definitio
1914 3866 2096 3940 convenit·
2198 3918 2206 3925 -

47 3974 165 4046 doluit
188 3987 224 4043 et
244 3997 409 4065 magnam
423 3990 558 4067 partem
575 3976 715 4063 generis
731 3968 880 4044 humani
896 3999 971 4044 non
987 3975 1046 4045 in·
1099 3974 1271 4048 Sacerdos
1303 3988 1355 4045 est
1383 3996 1555 4066 persona,
1589 3998 1679 4069 quae
1705 3970 2096 4067 promissionemdivi-

48 4076 189 4147 tellecta
203 4091 265 4149 aut
279 4091 397 4171 spreto
412 4074 482 4149 hoc
499 4077 760 4160 beneficioDei,
785 4078 918 4149 scilicet
933 4093 1046 4150 morte
1099 4102 1182 4147 nam
1213 4072 1341 4163 habet,
1374 4091 1415 4149 ut
1433 4090 1528 4147 certo
1552 4090 1705 4149 statuere
1729 4076 1841 4168 possit
1864 4098 1900 4144 sc
1925 4070 2097 4152 exaudiri,

48 4178 109 4250 ttii
133 4162 225 4266 Dei,
260 4205 365 4251 ruere
395 4181 435 4251 in
464 4195 649 4251 aeternum
674 4181 832 4251 exitium.
885 4179 955 4251 Sed
979 4177 1047 4251 hos
1099 4193 1223 4251 vocata
1256 4181 1425 4251 mandato
1455 4181 1601 4264 divino,
1631 4194 1674 4251 ut
1699 4180 1824 4251 doceat
1845 4173 2096 4281 Evangelium,

50 4282 189 4354 dolores
210 4283 295 4355 vicit
310 4280 398 4355 haec
413 4283 631 4369 consolatio,
658 4284 754 4378 quod
774 4284 897 4353 volens
911 4284 1048 4355 obediit
1100 4297 1136 4355 et
1150 4294 1247 4374 oret,
1273 4307 1314 4354 ac
1328 4283 1497 4354 sacrificet
1515 4307 1579 4375 pro
1597 4281 1688 4355 aliis.
1739 4279 1836 4352 Haec
1851 4279 2095 4373 propriissime

51 4387 159 4478 petri,
185 4400 221 4457 et
242 4387 440 4478 expectavit
463 4387 635 4458 auxilium
651 4384 719 4457 Dei
735 4400 769 4458 et
783 4386 1048 4466 liberationem,
1100 4400 1134 4458 et
1152 4386 1309 4478 primum
1324 4398 1528 4478 competunt
1544 4384 1618 4454 lilio
1632 4380 1718 4465 Dei,
1746 4385 1808 4478 qui
1823 4384 2097 4477 promissionem

53 4503 87 4559 nt
105 4514 172 4560 suo
192 4487 273 4558 loco
296 4490 335 4558 in
360 4484 509 4560 historia
533 4491 690 4574 dicetur,
717 4505 751 4561 et
769 4489 1048 4582 supradiximus
1099 4484 1223 4574 habet,
1251 4512 1320 4582 qua
1337 4503 1432 4559 certo
1447 4489 1513 4559 scit
1529 4512 1565 4557 se
1579 4488 1751 4574 exaudiri,
1776 4488 1874 4558 iuxta
1891 4487 2000 4557 illud:
2026 4483 2097 4555 Hic

56 4594 223 4685 quaedam
241 4593 287 4661 de
302 4586 438 4665 Christi
454 4593 641 4667 doloribus
657 4608 690 4664 et
709 4593 814 4665 lucta.
1100 4605 1151 4662 cst
1176 4592 1273 4663 filius
1295 4615 1394 4661 meus
1418 4591 1588 4678 dilectus,
1614 4615 1686 4685 quo
1711 4591 1891 4675 delector,
1918 4603 1953 4659 et
1979 4589 2011 4660 1.
2029 4584 2097 4657 Ti-

150 4693 269 4767 Causa
298 4695 581 4777 instrumentalis
607 4709 643 4766 et
665 4711 829 4781 externa,
862 4718 937 4765 nou
961 4719 1049 4765 con·
1100 4689 1213 4768 moth.
1228 4697 1281 4768 2.:
1310 4691 1413 4765 Unus
1427 4695 1602 4765 mediator
1616 4690 1704 4780 Dei,
1730 4709 1764 4765 et
1781 4688 1970 4763 hominum
1986 4685 2097 4761 homo

56 4816 179 4884 genens
199 4821 283 4868 cum
309 4797 400 4884 fine,
434 4824 540 4893 quem
565 4794 663 4870 Deus
686 4801 937 4884 constituerat,
964 4812 1050 4870 sunt
1100 4794 1265 4870 Christus
1299 4796 1407 4870 Iesus.
1477 4793 1525 4868 Et
1552 4792 1612 4866 hic
1635 4796 1731 4868 filius
1754 4795 1905 4889 protulit
1928 4816 2097 4865 arcanum

57 4899 184 4973 diaboli
206 4914 241 4971 et
258 4897 398 4987 ludaei,
424 4927 464 4972 ac
485 4925 609 4972 eorum
627 4903 815 4986 satellites,
841 4902 905 4995 qui
918 4902 1050 4972 arden·
1101 4903 1281 4972 decretum
1305 4904 1349 4972 de
1368 4901 1659 4971 reconciliatione
1673 4925 1714 4970 ex
1728 4901 1812 4970 sinu
1826 4898 1960 4971 aeterni
1974 4895 2099 4988 patris,

56 5011 99 5072 tes
120 5003 244 5072 fertore
265 5019 302 5073 et
321 5006 407 5074 odio
424 5000 512 5089 Dei,
538 5018 573 5074 et
596 5005 758 5075 omniurn
776 4998 1048 5097 Prophetarum,
1102 5019 1141 5074 ut
1163 5005 1264 5090 loan,
1279 5008 1313 5080 1.
1334 5004 1483 5074 dicitur:
1516 5001 1729 5092 Unigenitus
1751 5004 1864 5087 filins,
1899 5001 1962 5094 qui
1985 4997 2098 5068 estin

55 5107 155 5177 etiam
170 5096 367 5176 Christum
384 5107 503 5177 delere
520 5107 639 5177 conati
655 5121 751 5182 suut.
1101 5107 1312 5198 sinupatris‚
1332 5108 1407 5199 ipse
1416 5107 1606 5190 enarravit,
1624 5104 1855 5179 etloan.1.7.:
1876 5101 1953 5191 Ego
1964 5099 2100 5170 tradidi
2198 5100 2201 5105 ’

150 5205 340 5293 Effectus,
353 5210 506 5300 placatio
530 5210 604 5280 irae
624 5206 720 5297 Dei,
736 5223 776 5280 ut
798 5209 959 5281 iusticiae
982 5207 1049 5280 Dei
1102 5209 1152 5279 eis
1169 5231 1370 5282 sermonem
1385 5223 1499 5284 tuum.
1552 5206 1659 5297 Quod
1675 5222 1792 5279 autem
1808 5216 1887 5277 oret
1901 5228 1965 5296 pru
1981 5202 2097 5282 nobis.

52 5311 247 5383 satisfieret.
298 5309 381 5383 Non
403 5314 500 5384 enim
523 5327 656 5384 temere
671 5314 807 5383 abiecta
824 5327 876 5383 est
892 5313 961 5396 ira,
986 5315 1050 5382 sed
1102 5313 1210 5383 rerba
1239 5326 1361 5406 aperte
1394 5325 1590 5396 testantur,
1623 5308 1819 5382 loan.17.:
1852 5306 1935 5379 Nou
1959 5331 2024 5398 pro
2048 5305 2099 5377 eis

48 5412 282 5500 ,soluitDeus
303 5416 406 5488 reddi
420 5409 579 5514 λύτρον,
607 5416 691 5512 quia
708 5415 828 5487 omnis
842 5414 1051 5510 lexobligat
1099 5429 1240 5488 tautum
1268 5440 1356 5503 oro,
1387 5415 1449 5485 sed
1472 5438 1538 5508 pro
1559 5413 1748 5501 omnibus,
1777 5412 1842 5507 qui
1866 5412 2011 5483 credent
2027 5432 2100 5501 ,per
2162 5422 2166 5431 '

1496 5511 1581 5593 as*
