4522 5782
19 283 22 288 Ι
108 194 188 279 m
329 246 335 257 .
563 224 567 233 -
619 242 622 247 .
687 178 816 257 rari.
843 180 961 266 stat.
986 176 1202 263 semera
1230 178 1532 265 marnoa.
1611 202 1614 207 ·

113 370 313 449 doctrinam
333 368 378 443 de
392 362 481 455 hde,
509 377 545 437 et
562 356 827 447 vociferantur,
851 354 1024 433 'homines
1045 359 1103 433 in·
1161 375 1196 434 et
1210 356 1314 455 impii
1328 358 1539 436 orationem.
1591 361 1703 450 Item,
1735 360 1878 459 qualem
1899 362 2008 435 hdem
2033 362 2076 435 ad

113 494 186 552 stos
209 500 283 548 esse
304 469 553 564 magnitudine
576 464 827 546 afflictionum,
870 477 905 535 et
931 465 1004 537 suis
1024 465 1106 562 qui·
1164 465 1240 558 pios
1270 466 1317 536 ad
1347 465 1587 539 invocandum
1613 480 1802 559 oporteat:
1844 490 1928 537 nam
1951 466 2077 538 ubicur

115 582 264 654 busdam
281 571 628 654 illuminationibus,
654 580 759 660 atque
775 567 824 639 ita
839 568 1014 641 abiiciunt
1028 591 1110 638 ver·
1164 569 1350 659 ignoratur
1364 570 1525 641 doctrina
1544 572 1588 640 de
1607 566 1673 640 hac
1689 570 1779 655 lide,
1811 571 1856 640 de
1870 592 1940 663 qna
1959 562 2021 638 hic
2038 569 2076 640 lo

115 687 204 756 bom
218 694 252 751 et
266 678 468 750 doctrinam
490 676 535 745 de
554 672 635 741 lide.
683 660 835 741 Prorsus
857 671 941 741 talia
964 671 1111 741 fuerunt
1162 693 1264 756 mur,
1284 670 1504 764 impossibile
1518 687 1569 744 est
1585 673 1733 743 existere
1747 694 1867 742 veram
1883 671 2076 743 invocatiot

118 786 205 857 olim
249 781 482 852 deliramenta
521 767 816 846 Manichaeorum
849 785 884 844 et
915 767 1113 844 Enthosia·
1163 769 1405 845 Confirmatur
1419 775 1514 845 enim
1532 775 1708 846 dubitatio
1728 786 1762 844 et
1781 773 2016 845 incredulitas
2023 799 2076 867 ,c

119 903 266 959 starum.
300 880 374 953 Nec
388 895 440 952 est
456 879 564 950 nnius
577 874 749 968 temporis
767 875 1001 961 error,facile
1016 876 1130 971 enim·
1164 871 1354 947 Deosuon
1370 878 1551 966 exandiat,
1578 891 1785 962 noncuret,
1818 877 1892 947 imo
1907 877 2076 947 abiecerit

120 978 517 1060 delabunturhomines
538 979 577 1047 in
601 978 689 1049 tales
710 977 999 1069 imaginationes,
1032 1001 1114 1050 curn
1167 991 1366 1053 vocantem.

121 1091 248 1163 leviter
261 1087 420 1156 sentiunt
434 1086 478 1155 de
493 1081 602 1152 verbo
618 1077 696 1149 Dei.
1267 1078 1342 1151 Nos
1364 1092 1482 1151 autem
1507 1074 1706 1153 Christiani
1729 1081 1907 1151 discamus
1926 1076 2022 1150 hanc
2048 1081 2076 1150 ir

225 1180 276 1261 Hi
297 1183 548 1258 Enthusiastae
566 1181 728 1272 fugiendi
753 1193 787 1251 et
809 1181 996 1253 execrandi
1020 1193 1115 1254 sont.
1166 1181 1352 1254 dnlitatem
1368 1197 1549 1273 peceatum
1566 1207 1659 1270 esse,
1675 1198 1709 1255 et
1725 1206 1964 1275 repugnemus
1978 1179 2067 1253 huie

124 1291 171 1367 Et
184 1291 386 1373 sciendum,
411 1288 507 1381 quod
526 1287 625 1357 Deus
643 1307 719 1353 non
735 1284 821 1355 velit
847 1285 951 1355 aliter
974 1283 1117 1376 agnosci
1167 1297 1264 1366 cato,
1290 1298 1326 1355 et
1338 1285 1515 1375 erigamus
1531 1311 1595 1357 nos
1611 1311 1693 1357 vera
1708 1288 1869 1356 doctrina
1884 1287 1928 1355 de
1951 1286 2043 1372 fide,
2070 1310 2076 1352 t

125 1409 161 1467 et
176 1388 396 1486 apprehendi
412 1413 512 1461 suam
536 1389 756 1459 voluntatem
780 1388 826 1456 de
848 1399 990 1477 peccato
1014 1400 1051 1458 et
1074 1387 1118 1456 de
1168 1410 1238 1479 qne
1252 1387 1404 1457 sciamus
1420 1389 1464 1456 ad
1480 1386 1742 1461 invocationem
1757 1389 1973 1458 afferendam
1988 1410 2076 1471 esse,

126 1497 256 1590 gratia,
289 1494 361 1566 niii
385 1493 423 1561 in
449 1493 581 1576 verbo,
622 1503 656 1560 et
677 1489 774 1581 quod
798 1486 953 1580 Spiritus
977 1501 1120 1560 sanctus
1169 1488 1314 1574 delicet,
1341 1503 1380 1559 ut
1395 1492 1581 1561 credamus
1596 1489 1713 1563 Deum
1731 1515 1813 1561 vere
1835 1489 1942 1561 nobis
1962 1490 2076 1589 propi·

120 1595 353 1693 perverbum
371 1595 417 1664 sit
433 1593 565 1666 efficax.
616 1589 721 1661 Hanc
739 1591 898 1682 regulam
924 1605 1120 1677 teneamus,
1169 1614 1262 1675 esse,
1282 1606 1323 1663 et
1340 1592 1497 1685 recipere
1511 1608 1651 1665 nostras
1674 1616 1816 1688 preces,
1851 1605 1999 1686 propter
2021 1616 2076 1686 poi

127 1716 160 1772 et
179 1711 327 1798 propter
344 1693 436 1766 hanc
451 1707 585 1764 tantam
601 1700 741 1764 cansam
757 1694 857 1763 omni
880 1689 1018 1765 honore
1042 1694 1120 1764 asb-
1170 1716 1245 1767 rem
1264 1689 1458 1766 Christum.

128 1805 286 1885 ciamus,
313 1811 347 1869 et
360 1798 596 1867 'defendamus
613 1795 851 1865 ministerium
873 1797 974 1867 verbi
999 1795 1121 1886 publi·
1712 1862 1720 1882 ‚
1917 1861 1925 1879 ,

129 1907 228 1975 eom·
268 1898 315 1972 Et
333 1896 605 1970 hassententias
618 1919 758 1991 semper
775 1893 966 1970 habeamus
979 1899 1018 1968 in
1034 1921 1122 1969 con·
1282 1855 1477 1960 Qu⁰m⁰d⁰
1494 1857 1657 1951 ‘'edm'’
1682 1889 1716 1935 ³⁸
1734 1887 1809 1935 '¹⁰⁰
1828 1857 2062 1935 mmm?

130 2017 270 2100 speetu:
297 2001 404 2073 Fides
418 2024 459 2070 ex
479 1994 604 2071 indito
620 2013 690 2083 est,
722 2000 867 2071 auditus
881 2025 944 2093 per
968 2002 1120 2076 verbum
1275 1997 1402 2071 Tertio
1418 2001 1520 2072 docet
1537 1996 1595 2071 hie
1611 2002 1730 2085 locus,
1750 2025 1824 2070 non
1842 2000 1983 2091 placere
1999 1997 2073 2072 Deo

130 2107 211 2181 net.
263 2105 369 2176 ltem:
397 2102 589 2194 Quomodo
604 2101 752 2173 audient
769 2103 847 2172 sine
875 2101 1125 2196 praedicante?
1170 2116 1229 2175 tus
1249 2101 1432 2173 institutos
1450 2103 1651 2175 sinererbo
1665 2100 1754 2184 Dei,
1780 2103 2076 2197 quiasineverbo

132 2210 239 2283 item:
273 2206 392 2298 Quam
418 2204 566 2297 speciosi
589 2206 697 2296 pedes
718 2205 1036 2296 evangelizantium
1060 2227 1125 2304 pa-
1171 2228 1249 2275 non
1266 2217 1382 2296 potest
1397 2204 1545 2275 existere
1562 2207 1657 2282 tides.
1710 2204 1794 2277 ldeo
1811 2200 1871 2276 hie
1885 2204 2076 2276 dicitnr:t

131 2328 221 2384 tem.
552 2394 555 2399 ¹
1174 2307 1283 2376 modo
1310 2309 1476 2394 credent,
1509 2308 1540 2378 si
1563 2331 1638 2380 non
1659 2308 1872 2380 audierint?
1902 2306 2076 2380 Continet

235 2409 400 2484 Secundo
425 2408 528 2480 docet
554 2402 615 2478 bic
637 2408 755 2488 locus,
789 2409 885 2501 qnod
908 2408 946 2479 in
978 2410 1124 2479 invoca-
1175 2424 1235 2482 tur
1263 2404 1322 2480 bic
1349 2410 1449 2480 locus
1477 2410 1709 2505 multiplicem
1740 2412 1962 2492 doctrinam,
1994 2411 2076 2481 vide

133 2515 235 2589 tione·
255 2513 457 2608 requiratur
475 2511 581 2596 fides,
614 2510 651 2579 id
675 2522 746 2595 est,
780 2505 866 2581 haec
889 2511 965 2602 ipsa
985 2511 1127 2596 fiducia,
1176 2513 1271 2606 quod
1289 2512 1497 2603 contingant
1512 2512 1681 2585 benelicia
1696 2509 1832 2585 Christi
1848 2537 1911 2605 per
1926 2513 2074 2586 ministe

135 2640 205 2710 qna
225 2616 401 2686 eredimus
416 2613 521 2687 nobis
535 2612 666 2682 remitti
684 2626 839 2702 peccata,
873 2627 905 2686 et
930 2635 995 2683 nos
1018 2637 1122 2684 exau·
1176 2615 1289 2685 verbi.
1344 2613 1451 2701 ltem,
1468 2631 1598 2709 quanta
1613 2618 1660 2687 sit
1676 2617 1862 2687 necessitas
1878 2629 1913 2686 et
1926 2616 2076 2706 dignitas

56 2720 66 2731 ”
133 2720 204 2790 diri
223 2710 995 2810 propterChristum,sicutinqnitChristus:
1013 2710 1125 2806 Quic'·
1177 2716 1327 2787 nisterii.
1381 2715 1486 2803 Item,
1513 2742 1601 2812 quae
1616 2719 1662 2791 sit
1677 2741 1759 2790 vera
1780 2718 1980 2804 invocatio,
2007 2718 2069 2812 qni

135 2823 221 2917 quid
237 2817 409 2912 petieritis
424 2832 558 2910 patrem
575 2817 613 2884 in
630 2819 775 2887 nomine
791 2842 887 2899 meo,
906 2819 1029 2904 idest,
1051 2842 1126 2887 non
1177 2833 1235 2890 tus
1250 2816 1326 2889 Deo
1341 2819 1513 2911 placeant.

136 2922 322 2995 afferentes
339 2933 489 2990 vestram
503 2919 730 3008 dignitatem,
744 2921 804 2989 sed
820 2923 1001 2991 credentes
1018 2920 1127 3011 recipi

137 3048 200 3095 vos
215 3036 250 3093 et
264 3022 422 3094 exaudiri
444 3034 588 3113 propter
605 3015 797 3093 Christum.
849 3020 901 3092 lta
922 3037 955 3093 et
979 3018 1038 3092 hii
1061 3023 1126 3093 do·

136 3140 207 3197 eet:
233 3123 425 3214 Quomodo
441 3123 676 3209 invocabunt,
701 3124 740 3192 iu
754 3146 858 3215 quem
876 3125 1127 3195 noncrsdide-
1280 3121 1393 3194 Addit
1436 3136 1552 3194 sutem
1595 3122 1834 3192 dulcissimam
1873 3123 2076 3195 sententian

137 3227 248 3300 runt?
279 3228 412 3311 idest,
444 3226 475 3294 si
499 3249 573 3295 non
600 3227 744 3296 credant
768 3223 885 3295 Deum
909 3250 984 3297 esse
1005 3227 1131 3318 propi·
1178 3221 1305 3304 Esaia,
1339 3248 1428 3318 quac
1444 3224 1614 3294 describit
1634 3245 1782 3313 regnum
1800 3218 1952 3304 Christi,
1988 3239 2024 3295 et
2043 3231 2076 3296 ac

138 3332 235 3400 cium
248 3327 354 3420 ipsis,
379 3340 413 3398 et
431 3327 598 3396 exaudire
614 3351 731 3419 preces
747 3327 925 3416 ipsorum,
950 3354 1025 3400 non
1043 3352 1127 3427 pos·
1180 3341 1240 3398 net
1270 3349 1420 3416 regnum
1443 3327 1532 3396 illud
1556 3326 1879 3398 administrandum
1902 3349 1979 3395 esse
2005 3352 2067 3418 per

1223 2979 1350 3081 Quam
1366 2982 1523 3081 speciosi
1534 2979 1643 3083 pedes
1661 2983 1976 3057 annunciantium
1990 3009 2076 3082 paca

7 3466 11 3474 ¹
140 3430 515 3502 sunteuminvocare.
566 3427 714 3500 Constat
729 3429 837 3519 igitur
851 3433 986 3524 requiri
1012 3433 1049 3501 in
1071 3433 1127 3498 in·
1181 3431 1288 3512 bum,
1314 3443 1348 3499 et
1364 3430 1508 3522 quidem
1523 3430 1785 3520 praedicatione
1803 3430 1886 3498 novi
1914 3430 2076 3515 verbi,s

76 3588 79 3597 .
140 3530 327 3603 vocatione
348 3531 466 3600 iidem.
527 3527 573 3601 Et
594 3526 680 3601 haec
704 3531 894 3601 discrimen
916 3534 1001 3604 facit
1033 3533 1129 3603 inter
1180 3545 1234 3602 cet
1249 3527 1457 3620 Evangelii,
1484 3532 1521 3599 iu
1540 3554 1610 3624 quo
1628 3533 1906 3602 annunciabitur
1924 3557 2013 3623 pax,
2046 3533 2076 3603 id

140 3631 403 3706 invocationem
419 3631 581 3724 piorum,
614 3648 648 3703 et
672 3628 849 3704 ethnicam
872 3657 934 3708 seu
959 3630 1128 3730 hypocri·
1179 3634 1275 3703 salus
1290 3655 1351 3704 seu
1368 3634 1514 3703 salvatio
1529 3635 1703 3703 divinitus
1721 3636 1865 3707 donata.
1918 3633 2076 3727 Estque:

140 3739 259 3810 ticam.
309 3728 456 3805 Ethnici
473 3734 577 3804 etiam
594 3735 782 3822 invocant,
805 3738 866 3806 sed
883 3761 962 3809 curn
979 3733 1045 3807 hac
1061 3741 1129 3808 du·
1180 3731 1463 3827 thesis‘opposita
1479 3736 1547 3825 legi
1564 3750 1597 3805 et
1615 3750 1776 3827 peccato,
1806 3750 1841 3808 et
1864 3736 2018 3807 miseriis
2044 3732 2076 3807 lu

141 3839 334 3923 bitatione,
365 3859 439 3907 non
454 3838 605 3908 credunt
626 3838 693 3908 sibi
710 3835 824 3908 Deum
850 3862 923 3911 esse
944 3840 1129 3929 placatum,
1181 3839 1257 3919 nis,
1283 3839 1385 3932 quasi
1400 3838 1510 3908 dicat:
1538 3837 1643 3908 Tunc
1661 3840 1807 3910 tolletur
1821 3853 2025 3930 peccatum,
2052 3856 2076 3910 et

142 3955 179 4013 et
200 3962 321 4034 preces
344 3961 424 4009 suas
448 3938 597 4031 respici,
628 3953 690 4010 ant
708 3941 880 4012 exaudiri.
939 3941 1000 4014 Sic
1022 3943 1127 4013 etiarn
1180 3941 1301 4009 lentur
1317 3956 1451 4011 caetera
1467 3941 1577 4020 mala,
1605 3964 1695 4034 quae
1710 3965 1784 4011 non
1803 3942 1919 4031 potuit
1940 3941 1996 4012 lex
2021 3944 2076 4014 aul

142 4044 313 4115 invocant
332 4062 475 4121 omnes,
516 4041 578 4133 qui
602 4064 676 4110 non
698 4042 907 4132 intelligunt
929 4046 1128 4118 doctrinam
1181 4057 1213 4113 et
1236 4043 1404 4113 afferetur
1425 4066 1508 4113 vera
1531 4044 1749 4129 consolatio,
1782 4056 1818 4114 et
1836 4044 1987 4115 donatio
2010 4047 2077 4116 iust

143 4141 331 4235 Evangelii
354 4145 399 4214 de
420 4142 669 4214 iustificatione
690 4158 724 4217 et
746 4145 825 4217 lide.
888 4144 988 4217 Talis
1010 4161 1128 4219 autem
1181 4161 1214 4216 et
1230 4144 1322 4215 vitae
1338 4161 1511 4220 aeternae.

116 4268 122 4274 ·
144 4247 326 4317 invocatio
340 4258 392 4317 est
406 4243 544 4316 inutilis
560 4258 594 4316 et
608 4248 787 4320 damnata.
1281 4245 1387 4337 Quod
1403 4248 1452 4319 ait
1465 4250 1572 4339 pedes
1586 4271 1660 4319 esse
1674 4249 1861 4332 amabiles,
1895 4243 2077 4340 metaphot

182 4349 185 4356 '
246 4344 340 4417 Hinc
355 4347 507 4439 intelligi
524 4360 657 4439 potest,
691 4362 845 4443 quantae
867 4350 1035 4420 tenebrae
1059 4348 1131 4421 sint
1180 4351 1224 4419 de
1238 4350 1381 4420 nunciis
1394 4364 1430 4422 et
1445 4353 1490 4420 de
1504 4353 1632 4434 verbo,
1663 4349 1888 4445 quasidicat·:
1923 4347 2074 4421 Ministe

144 4449 312 4539 illorum,
345 4449 408 4544 qui
435 4450 596 4522 iactitant
616 4472 653 4520 se
673 4473 749 4521 esse
770 4452 933 4523 doctores
952 4452 1129 4523 bonorum
1180 4475 1242 4522 seu
1257 4454 1426 4538 verbum,
1452 4455 1549 4546 quod
1563 4454 1601 4521 in
1619 4454 1682 4523 illo
1699 4477 1794 4522 novo
1811 4474 1919 4539 regno
1944 4455 2076 4544 praedit

145 4574 314 4642 operum,
336 4564 505 4620 ettamen
527 4564 735 4622 aversantur
757 4555 957 4624 doctrinam
983 4557 1027 4625 de
1050 4556 1131 4627 tide.
1179 4569 1258 4645 tur,
1292 4556 1477 4625 mirumin
1501 4554 1648 4625 modum
1667 4557 1819 4625 amabile
1844 4556 1929 4639 erit,
1960 4557 2076 4650 quias

144 4649 304 4723 Abolent
318 4652 414 4722 enim
431 4652 617 4744 praecipua
636 4678 742 4746 opera
757 4668 792 4726 et
810 4657 952 4746 propria
978 4657 1132 4751 pionnn,
1178 4678 1235 4726 res
1259 4657 1430 4747 optimas,
1467 4659 1685 4746 agnitionem
1710 4657 1976 4727 misericordiae
1995 4658 2076 4744 Dei,

144 4753 276 4825 seilicet
291 4754 570 4840 invocationem,
601 4751 697 4844 Ergo
712 4781 787 4827 non
800 4759 916 4828 solnm
931 4759 1014 4830 illae
1035 4783 1130 4829 cere-
1179 4758 1316 4830 sticiam
1334 4773 1369 4829 et
1384 4759 1493 4827 vitam
1516 4773 1706 4831 aeternam.
1760 4756 1925 4851 Opponit
1946 4773 2066 4831 autem

143 4856 286 4927 maniae
310 4870 344 4927 et
368 4856 547 4933 orationes
570 4857 734 4948 publicae
756 4854 912 4929 hostium
935 4859 1132 4952 Evangelii,
1181 4855 1284 4952 pheta
1302 4855 1394 4930 hanc
1408 4883 1506 4930 suam
1523 4861 1763 4933 laudationem
1783 4862 1925 4933 iudiciis
1940 4864 2076 4938 mnndi

144 4961 204 5029 sed
221 4980 345 5029 omnes
360 4982 482 5031 eorum
501 4959 658 5048 privatae
673 4982 795 5051 preces
817 4962 922 5031 etiarn
945 4965 1132 5036 damnatae
1180 4963 1274 5032 enirn
1297 4987 1433 5033 summa
1455 4965 1628 5057 acerbitas
1653 4967 1728 5035 odii
1751 4966 1919 5034 adversus
1936 4961 2076 5056 Evange

143 5074 244 5147 sunt,
267 5060 399 5133 similes
415 5054 567 5133 ethnicis
581 5061 887 5148 invocationibus,
912 5066 1035 5159 quales
1051 5089 1132 5158 pas-
1179 5078 1213 5135 et
1237 5060 1422 5154 Evangelii
1460 5067 1661 5150 ministros,
1707 5069 1797 5137 sicut
1825 5065 1959 5137 Paulus
1997 5067 2076 5158 sign

143 5165 210 5232 sim
227 5178 345 5237 extant
358 5164 397 5233 in
417 5163 603 5255 poir'matis.
656 5160 737 5234 Hoc
759 5166 948 5253 diligenter
968 5169 1131 5238 conside·
1180 5167 1371 5259 Apostolos
1388 5162 1513 5239 haberi
1532 5194 1595 5261 pro
1617 5162 1896 5265 καθαρμάτοις,
1929 5192 2076 5262 quater

142 5263 294 5334 randum
311 5280 383 5352 est,
413 5265 664 5347 utdiscamus,
697 5266 901 5360 qualisesse
924 5271 1049 5339 debeat
1073 5271 1132 5339 in·
1179 5277 1246 5341 dus
1260 5293 1483 5364 nequaquam
1501 5267 1566 5343 hos
1579 5277 1703 5364 pedes,
1737 5276 1860 5359 idest,
1892 5273 2076 5341 nunciosi

141 5368 281 5438 roratio
299 5390 362 5440 seu
385 5369 513 5442 oratio.
573 5366 681 5457 item,
708 5370 796 5466 quid
814 5371 955 5443 intersit
969 5373 1065 5463 inter
1078 5373 1130 5466 pii
1179 5386 1233 5475 cat
1262 5392 1336 5444 esse
1363 5374 1535 5448 salutares
1565 5391 1600 5447 et
1629 5377 1809 5451 amabiles.
1868 5371 2053 5446 Adversus

928 5609 945 5656 h
