4522 5782
107 174 189 263 sss
299 276 303 283 ¹
369 264 374 273 ,
713 167 844 255 emt.
868 170 988 256 Mat.
1011 167 1228 251 scatere
1251 136 1556 249 mneurtca'.
1914 126 1934 197 s
2060 164 2132 247 ssa

108 380 168 433 sus
191 355 324 429 tollunt
345 364 525 447 peccatum
544 346 717 438 originis,
741 344 818 416 Alii
834 348 993 438 fingunt.
1015 360 1095 441 post
1147 349 1318 419 donatum
1335 359 1481 438 propter
1495 340 1694 429 Christum,
1720 339 1882 415 remissie
1897 348 2124 437 peccatorum,
2166 386 2175 398 ·

108 458 401 534 resurrectionem
437 449 574 523 Christi
607 471 751 542 prorsus
787 450 968 520 neminem
1000 450 1097 521 nasci
1149 449 1336 540 imputatio
1364 448 1551 534 iusticiae,
1589 444 1736 516 donatio
1769 445 1928 540 Spiritus
1959 446 2071 518 sancti
2095 462 2124 521 ct

110 585 192 636 cum
220 573 361 652 peccato
387 554 551 644 originis.
616 550 798 621 Adversus
824 552 903 621 illas
930 553 1099 623 fanaticas
1149 554 1242 623 vitae
1257 563 1430 621 aeternae.

110 662 299 756 opiniones
322 659 493 730 muniunt
517 678 583 725 nos
600 653 670 723 loci
685 651 781 722 citati
796 678 836 721 ex
854 653 1000 729 loanne.
1047 654 1100 723 Ac
1254 651 1379 724 Gratia
1401 674 1523 722 sumus
1545 649 1646 735 iusti,
1676 646 1803 721 Gratia
1824 662 1879 721 est
1904 661 2028 722 nostra
2047 649 2125 721 dile·

111 767 195 838 vide
210 775 341 858 quanta
357 762 403 832 sit
418 757 555 829 insania
571 752 897 845 Auahaptistarnm.
963 755 1102 828 Sinul-
1151 756 1338 840 utiocto,
1388 752 1483 842 Ergo
1513 766 1634 823 nostra
1667 752 1858 824 dilectione
1890 774 2016 824 sumus
2045 752 2127 827 iusti.

111 868 191 947 lum
205 880 295 935 esset
310 878 490 955 peccatum
504 858 664 947 originis,
690 880 814 926 omnes
829 851 990 928 homines
1006 857 1103 926 vive-
1152 856 1366 948 Respondeo
1390 857 1435 925 ad
1465 855 1657 924 minorem:
1696 850 1850 927 Etiamsi
1877 854 2061 926 interdum
2087 855 2128 927 sle

115 980 197 1041 rent
221 966 298 1036 sine
320 970 460 1057 peccato
485 972 521 1032 et
545 960 622 1028 sine
647 971 771 1027 morte.
823 957 931 1048 Quod
954 984 1034 1029 cum
1060 957 1105 1027 sit
1154 959 1325 1049 accipitur
1351 957 1561 1026 vocabulum
1584 954 1735 1045 gratiae,
1764 969 1884 1027 tamen
1906 953 2011 1027 id'lit
2027 980 2129 1029 κατα·

117 1069 302 1142 manileste
334 1066 491 1143 salsum,
532 1083 668 1131 necesse
698 1072 749 1131 est
777 1083 917 1130 causam
949 1084 1105 1146 manere,
1151 1063 1376 1156 χρηστικῶς,
1401 1060 1461 1129 sed
1477 1054 1774 1149 significatgratia
1792 1057 2039 1130 remissionem
2061 1081 2129 1154 pec·

119 1171 253 1244 scilicet
270 1180 451 1260 peccatum
467 1162 628 1251 originis.
1156 1178 1324 1234 catorum.

224 1269 346 1341 Tertia
368 1265 622 1337 dissimilitudo
653 1276 705 1333 est
728 1262 917 1352 diligenter
942 1263 1108 1335 conside·
1259 1261 1400 1335 lusticia
1417 1284 1539 1333 sumus
1554 1261 1659 1348 iusti,
1684 1259 1827 1333 lustitia
1845 1275 1899 1333 est
1915 1274 2131 1355 nostraque·

78 1454 82 1458 ,
121 1375 253 1458 randa,
278 1392 384 1466 quam
402 1380 437 1439 et
451 1361 510 1436 hic
525 1365 564 1434 in
583 1379 679 1436 textu
696 1362 829 1436 Paulus
846 1380 971 1439 tractat
985 1380 1020 1437 et
1033 1390 1109 1436 am·
1158 1365 1256 1450 litas,
1295 1363 1390 1455 Ergo
1422 1376 1542 1435 nostra
1571 1363 1740 1457 qualitate
1761 1386 1883 1435 sumus
1905 1363 2005 1436 iusti.
2067 1358 2131 1435 tte-

121 1474 272 1569 plificat:
294 1468 421 1542 Gratia
436 1482 578 1561 superat
595 1480 785 1559 peccatum.
836 1465 940 1539 Hanc
955 1465 1109 1540 dissimi·
1158 1469 1315 1559 spondeo
1337 1468 1381 1535 ad
1406 1466 1596 1536 minorem:
1626 1462 1768 1536 lusticia
1796 1462 1909 1536 inhia
1933 1464 2141 1557 disputaris.

122 1575 313 1650 titudinem
347 1571 534 1665 praecipue
568 1582 707 1660 oportet
739 1569 925 1640 inculcari:
966 1570 1049 1663 quia
1081 1568 1110 1638 si
1159 1571 1288 1651 nibus,
1321 1567 1494 1658 significat
1514 1567 1810 1663 acceptationem,
1845 1581 1879 1641 et
1902 1567 2037 1640 iustum
2059 1587 2133 1654 esse,

124 1700 247 1773 parem
263 1676 336 1743 vim
351 1670 523 1744 haherent
539 1685 719 1762 peccatum
735 1685 769 1741 et
782 1671 905 1761 gratia,
932 1673 1111 1766 quomodo
1161 1686 1212 1744 est
1228 1693 1302 1742 esse
1317 1683 1512 1760 acceptum.

72 1832 79 1837 -
125 1779 238 1873 gratia
263 1778 433 1859 salvaret,
459 1773 663 1865 praesertim
686 1796 767 1843 eum
794 1788 976 1863 peccatum
1002 1773 1112 1862 magis
1265 1770 1407 1841 lusticia
1430 1771 1543 1842 estin
1565 1772 1767 1853 voluntate,
1792 1770 1899 1844 Fides
1913 1785 1968 1844 est
1987 1770 2136 1843 inintel-

126 1880 323 1953 sentiatur:
364 1874 415 1946 lta
446 1874 655 1945 heneficium
685 1869 873 1965 Evangelii
895 1870 988 1945 nihil
1013 1889 1114 1957 esset,
1162 1876 1276 1962 lectu,
1302 1870 1398 1963 Ergo
1423 1873 1493 1942 tide
1519 1896 1593 1942 non
1618 1896 1804 1964 possumus
1826 1896 1902 1944 esse
1924 1874 2025 1950 iusti.-
2068 1869 2137 1946 Re·

128 1983 228 2055 nulla
244 1993 334 2050 esset
348 1977 447 2047 firma
465 1976 674 2047 consolatio.
871 2029 878 2043 ,
1161 1978 1338 2069 spondeo:
1367 1973 1507 2046 lusticia
1524 1998 1612 2067 quae
1630 1989 1681 2047 est
1696 1990 1816 2048 nostra
1840 1976 2011 2071 qualitas,
2036 1990 2086 2048 cst
2105 1976 2138 2045 in

233 2079 353 2171 Quare
369 2075 454 2148 haec
469 2077 723 2148 dissimilitudo
747 2077 957 2150 illustranda
981 2092 1049 2159 est,
1076 2089 1115 2148 ut
1164 2081 1356 2150 voluntate.
1415 2074 1485 2147 Sed
1508 2075 1663 2162 iusticia,
1689 2077 1819 2163 idest,
1852 2078 2065 2169 acceptatio,
2097 2092 2139 2150 est
2168 2110 2174 2175 r

129 2198 252 2279 postea
273 2182 359 2254 lacit
373 2178 526 2264 Paulus,
561 2177 667 2267 Quod
698 2180 808 2268 gratia
831 2195 974 2272 superat
993 2203 1115 2273 pecca·
1165 2181 1307 2260 relatio,
1333 2201 1406 2249 non
1422 2202 1512 2272 quae
1529 2173 1650 2248 haeret
1663 2178 1702 2247 in
1723 2178 1877 2274 aliquo.
1907 2179 2053 2252 Deinde
2067 2181 2140 2251 tides
2162 2180 2174 2275 ,j

131 2301 220 2360 tum.
271 2282 424 2376 Superat
441 2296 558 2351 autem
583 2281 791 2371 dupliciter,
824 2296 857 2353 et
885 2283 1118 2374 imputatione
1165 2298 1339 2375 quatenus
1359 2293 1414 2351 est
1436 2280 1599 2350 voluntas
1624 2280 1818 2370 accipiens,
1844 2304 1919 2352 non
1942 2294 2139 2356 esttantum
2166 2298 2174 2381 t

118 2376 168 2459 net
192 2387 330 2459 ellectu.
383 2381 621 2473 lmputatione
646 2397 807 2473 superat,
841 2385 1022 2477 quiaeos,
1056 2383 1116 2477 qui
1166 2387 1202 2455 in
1221 2383 1423 2467 intellectu,
1446 2384 1507 2450 sed
1525 2394 1578 2452 est
1591 2381 1696 2452 etiam
1710 2383 1749 2452 iu
1765 2384 1961 2460 voluntate.

125 2483 404 2581 ‚apprehendunt
414 2485 572 2573 gratiam,
588 2483 682 2554 Deus
692 2498 832 2573 reputat
844 2487 965 2573 iustos,
981 2484 1117 2556 etiamsi
1264 2481 1381 2573 Vulgo
1397 2482 1545 2572 gratiam
1559 2483 1763 2574 intelligunt
1777 2480 1979 2557 scholastici
1992 2486 2143 2559 domaret

123 2579 251 2681 'reipsa
273 2583 389 2657 adhuc
412 2581 545 2655 habent
579 2584 747 2678 reliquias
772 2588 913 2676 peccati.
977 2588 1119 2659 Deinde
1166 2587 1278 2678 ipsam
1296 2585 1499 2679 qualitatem
1519 2583 1556 2654 in
1575 2584 1697 2671 nohis,
1729 2599 1765 2656 ct
1788 2600 1917 2658 vocant
1933 2581 2142 2661 charitatem.

135 2692 241 2762 etiam
256 2688 383 2758 effectu
397 2699 548 2778 superat,
563 2687 646 2779 quia
662 2687 699 2754 in
719 2687 790 2756 illis
804 2688 900 2779 ipsis,
915 2713 1118 2784 quanquam
1167 2687 1305 2758 Deinde
1326 2690 1469 2780 quando
1488 2687 1638 2773 dicitur,
1661 2686 1793 2760 Sumus
1807 2689 1891 2760 iusti
1913 2712 1978 2779 per
1994 2690 2143 2781 gratiam,

112 2776 116 2785 ¹
136 2791 299 2876 infirmis,
326 2803 443 2861 tamen
459 2787 614 2861 existunt
626 2788 711 2859 novi
727 2803 854 2876 motus,
872 2792 935 2885 qui
952 2792 1122 2864 resistunt
1168 2791 1407 2879 imaginantur
1421 2783 1586 2859 homines
1601 2789 1712 2861 iustos
1725 2812 1799 2860 esse
1814 2804 1962 2883 propter
1972 2791 2144 2885 proprian

135 2908 291 2989 peccato.
350 2888 456 2975 ltem,
490 2890 544 2959 illi
560 2889 646 2980 ipsi,
666 2913 869 2984 quanquam
896 2895 934 2962 in
960 2889 1027 2964 hac
1049 2895 1121 2964 vita
1168 2893 1391 2987 qualitatem,
1417 2891 1552 2962 scilicet
1571 2905 1715 2982 propter
1736 2886 1964 2981 charitatem,
1996 2888 2067 2965 hoc
2091 2907 2144 2981 est,

138 2990 255 3067 adhuc
282 2994 428 3064 fuerunt
456 2992 611 3077 infirmi,
646 3005 765 3063 tamen
798 2996 1052 3067 resuscitantur
1077 2996 1120 3066 ad
1169 3018 1299 3063 novam
1325 2993 1573 3063 obedientiam.
1628 2990 1681 3063 lta
1706 3017 1780 3064 non
1804 2995 1933 3066 docent
1954 2991 2144 3088 apprehen-

136 3097 248 3167 vitam
269 3106 461 3166 aeternam.
514 3090 611 3163 Haec
632 3094 715 3163 sciri
740 3119 880 3166 necesse
904 3110 974 3176 est,
998 3110 1039 3167 ut
1061 3098 1123 3168 be·
1169 3098 1253 3166 dere
1282 3095 1516 3164 mediatorem
1538 3089 1742 3180 Christum,
1775 3111 1809 3167 et
1832 3097 2045 3191 relinquunt
2071 3084 2175 3191 con}

125 3179 304 3269 'neficium
329 3191 464 3266 Christi
496 3193 734 3284 intelligatur,
773 3213 807 3268 et
838 3211 999 3268 teneatur
1023 3200 1122 3271 tirma
1169 3197 1332 3268 scientias
1355 3196 1492 3270 dubias.
1544 3193 1707 3290 Denique
1722 3197 1771 3268 sic
1788 3198 1936 3282 docere,
1960 3202 2059 3293 quod
2073 3212 2175 3270 serv

139 3298 346 3371 consolatio.
399 3294 451 3365 Ac
472 3294 604 3366 Paulus
628 3297 701 3387 ipse
721 3298 1045 3374 deiudetractatet
1064 3326 1123 3374 er·
1172 3301 1330 3371 tiendum
1353 3298 1418 3378 sit,
1459 3319 1525 3367 nos
1555 3321 1629 3367 esse
1659 3300 1769 3370 iustos
1798 3314 1944 3391 propter
1972 3303 2142 3394 propriso

138 3413 278 3491 aggerat
295 3394 387 3468 hanc
407 3396 746 3470 dissimilitudinem.
1172 3402 1397 3495 qualitatem,
1430 3411 1481 3471 est
1512 3400 1674 3472 doctrina
1697 3399 1803 3490 legis,
1843 3413 1879 3473 et
1907 3403 2023 3476 multa
2050 3398 2143 3477 hahet

1173 3504 1410 3574 incommoda.
2056 3562 2060 3567 .

1291 3602 1375 3673 ldeo
1407 3602 1517 3693 gratia
1548 3602 1768 3693 intelligatur
1796 3604 1963 3688 relative,
2003 3629 2071 3699 pro
2097 3629 2145 3677 as·

242 3696 387 3793 Repetit
408 3697 634 3769 collationem
652 3702 845 3790 perspicuis
864 3704 998 3779 verbis:
1026 3704 1127 3781 Sicut
1173 3706 1369 3797 captatione
1399 3706 1573 3796 gratuita,
1614 3721 1653 3777 ut
1681 3706 1726 3777 sit
1756 3709 1872 3792 idem,
1911 3708 2048 3781 Sumus
2075 3706 2148 3779 iusti

142 3816 288 3898 propter
311 3800 419 3872 unius
441 3800 608 3871 delictum
632 3802 695 3870 alii
718 3803 800 3874 facti
825 3820 908 3876 sunt
930 3807 1001 3891 rei,
1035 3808 1126 3880 itae
1174 3809 1437 3900 pergratiam,
1478 3809 1576 3900 quod
1610 3809 1721 3894 illud,
1764 3808 1895 3880 Sumus
1919 3813 2060 3904 accepti·
2082 3808 2148 3880 Des

142 3907 288 3997 regione
308 3918 454 3995 propter
474 3926 586 3971 unum
604 3896 786 3973 Christum
809 3907 868 3976 alii
892 3910 1127 3980 reconcilian-
1175 3932 1240 3979 nos
1269 3909 1376 3997 gratis
1411 3924 1556 4007 propter
1584 3906 1768 3981 Christum
1804 3926 2034 4006 acceptante,
2063 3906 2149 3983 iusta

143 4023 203 4079 tur
219 4006 315 4087 Deo,
340 4019 374 4074 et
389 4004 479 4073 fiunt
503 4004 632 4093 accepti
651 3998 738 4074 Deo.
773 4004 869 4078 Haec
890 4010 1032 4081 collatio
1047 4036 1128 4102 per·
1175 4012 1464 4104 promissionem,
1504 4010 1542 4079 in
1569 4036 1638 4105 qua
1664 4006 1751 4081 haec
1772 4014 1901 4103 gratia,
1933 4015 2070 4097 idest,
2099 4037 2148 4084 ac·

142 4110 263 4202 spicue
278 4106 446 4189 ostendit,
472 4128 537 4175 nos
555 4129 628 4174 non
644 4121 764 4177 nostro
780 4109 918 4191 merito,
932 4115 992 4181 sed
1009 4113 1127 4186 alieno
1176 4114 1338 4204 reptatio,
1354 4112 1532 4204 proposita
1549 4128 1609 4187 est.
1643 4111 1691 4185 Et
1704 4116 1918 4188 couscientia
1942 4129 2076 4189 statuat
2094 4137 2151 4186 nos

144 4208 366 4282 reconciliari
383 4204 458 4277 Deo
480 4220 515 4277 et
531 4220 689 4296 acceptos
704 4232 786 4284 esse.
1045 4300 1051 4307 Ι
1176 4215 1304 4299 iustos,
1345 4216 1382 4283 id
1406 4227 1475 4299 est,
1515 4228 1674 4307 acceptos
1700 4238 1772 4286 esse
1799 4234 1944 4311 propter
1962 4215 2151 4301 Christum,

244 4306 315 4380 Hic
332 4308 464 4379 Paulus
479 4310 550 4378 duo
570 4309 772 4399 coniungit,
799 4308 982 4399 Gratiam,
1008 4328 1042 4385 et
1062 4315 1129 4383 do-
1176 4340 1242 4386 nec
1259 4317 1455 4387 intuebitur
1469 4318 1649 4408 propriam
1670 4318 1897 4407 dignitatem,
1923 4323 1984 4391 sed
2010 4320 2154 4395 verbum

144 4435 232 4484 num
247 4411 484 4502 pergratiam,
538 4406 663 4480 Gratia
678 4412 852 4502 signifieat
868 4417 1054 4503 gratuitam
1071 4440 1130 4486 ae-
1178 4441 1238 4487 seu
1259 4418 1549 4509 promissionem,
1583 4432 1617 4489 et
1641 4419 1736 4490 iuxta
1762 4414 1853 4490 hanc
1877 4434 2008 4495 statuet
2029 4427 2075 4494 de
2096 4446 2152 4492 vo·

146 4514 381 4604 ceptationem
404 4526 548 4602 propter
573 4506 776 4599 Christum,
810 4509 968 4601 horest,
1004 4521 1128 4587 remis·
1178 4520 1313 4590 luntate
1329 4515 1394 4589 Dei
1418 4541 1497 4608 erga
1521 4543 1606 4606 nos,
1631 4535 1736 4615 atque
1757 4522 1806 4593 ita
1824 4517 2070 4615 apprehendet
2093 4523 2153 4593 fida

145 4617 281 4688 sionem
304 4626 525 4707 peccatorum
551 4615 766 4701 gratuitam,
798 4633 833 4687 et
859 4619 1128 4709 imputationem
1176 4617 1358 4690 Christum
1383 4621 1625 4697 mediatorem.
1698 4623 1780 4693 Hoc
1805 4648 1884 4694 cum
1910 4625 1967 4711 tit,
2004 4629 2154 4698 donatur

146 4717 304 4789 iusticiae
330 4714 519 4805 gratuitam
550 4729 695 4807 propter
724 4712 916 4790 Christum.
945 4786 950 4795 ,
984 4718 1129 4793 Donum
1177 4721 1333 4816 Spiritus
1348 4737 1507 4804 sanctus,
1533 4739 1565 4794 et
1581 4725 1671 4796 frunt
1690 4724 1847 4795 innubis
1865 4726 1950 4797 novi
1967 4734 2098 4800 motus.

144 4842 207 4912 per
230 4817 376 4909 gratiam
398 4816 571 4906 significat
593 4818 822 4890 donationem
839 4819 994 4911 Spiritus
1017 4824 1128 4896 saneti
1279 4822 1491 4896 Retineatur
1511 4849 1592 4915 crgo
1611 4841 1785 4921 utrunqe,
1812 4841 1846 4911 et
1866 4831 1962 4921 quod
1988 4832 2066 4901 lieri
2093 4854 2153 4900 no·

144 4936 181 4992 et
194 4921 286 4993 vitae
302 4931 472 4990 aeternae.
518 4916 609 4988 Nam
623 4920 662 4987 in
679 4922 885 4993 remissione
908 4940 1128 5014 peccatorum
1177 4949 1242 4996 vos
1258 4942 1376 4998 motus
1392 4928 1430 4995 in
1448 4927 1552 4996 nobis
1568 4942 1725 5019 oportet,
1751 4942 1785 4999 et
1808 4933 1904 5023 quod
1928 4944 2051 5003 tamen
2077 4956 2156 5004 con·

143 5018 378 5113 Evangelium
393 5019 500 5088 simul
516 5020 619 5089 oflert
634 5021 807 5112 Spiritum
824 5039 996 5107 sanctum,
1023 5050 1128 5121 quem
1175 5029 1321 5101 scientia
1336 5030 1462 5098 debeat
1479 5043 1574 5098 extra
1589 5053 1654 5099 nos
1669 5031 1801 5100 intueri
1816 5032 2049 5106 mediatorem
2057 5030 2156 5109 Chri·

143 5127 288 5219 quidem
305 5123 375 5192 fide
395 5121 605 5210 accipimus,
631 5147 710 5192 cum
732 5127 838 5194 corda
866 5127 1069 5216 eriguntur,
1095 5145 1129 5202 et
1176 5144 1291 5211 stum,
1317 5146 1351 5201 et
1365 5144 1526 5215 statuere,
1544 5135 1640 5223 quod
1659 5145 1803 5224 propter
1817 5132 1919 5204 illum
1937 5136 2051 5207 simus
2066 5136 2156 5217 iusti,

143 5222 348 5317 concipiunt
371 5222 647 5293 consolationem
680 5247 742 5312 per
768 5228 927 5298 verbum.
1009 5230 1127 5322 Atque
1175 5232 1300 5317 idest,
1326 5233 1476 5322 accepti,
1499 5246 1533 5302 et
1557 5229 1624 5303 hoc
1647 5247 1699 5303 est
1721 5234 1837 5304 dicere
1863 5230 2031 5307 homines
2048 5239 2157 5309 iustos

142 5321 212 5397 hoc
228 5340 279 5397 est
295 5316 505 5401 heneficium
527 5322 614 5395 novi
629 5329 826 5400 testamenti
851 5352 911 5402 seu
925 5326 1126 5437 Evangelii,
1175 5358 1248 5406 esse
1277 5358 1339 5429 per
1361 5335 1528 5426 gratiam,
1563 5336 1747 5425 videlicet,
1772 5338 1870 5434 quod
1894 5336 1969 5414 sint
1984 5339 2093 5430 iusti,
2117 5340 2153 5411 id

402 3558 451 3634 Ss'
472 3560 566 3634 enim
590 3561 699 3634 unius
720 3559 862 3642 delicto.
