4522 5782
123 186 224 266 taos
327 186 430 268 xttt.
481 187 517 269 r.
552 184 854 265 auauuarto
876 182 1035 264 uetsr.
1062 177 1270 287 rutoats
1295 178 1367 257 au
1392 182 1721 275 ttutorttuust.
1771 196 1878 280 cat.
1905 203 1971 287 tva
2073 198 2172 299 ttae

124 365 205 457 ligi,
221 375 255 434 et
273 361 312 433 in
327 356 455 435 harum
472 362 628 455 ipsansm
645 386 765 435 rerum
780 385 850 435 usu
865 362 983 436 lucere
999 364 1116 455 iidem,
1171 363 1258 433 dum
1275 384 1416 453 corpus.
1467 358 1520 437 Ac
1537 390 1676 462 semper
1691 372 1729 444 in
1743 369 1897 452 Ecclesia
1917 400 2079 462 externae
2095 394 2162 465 ob-

124 466 407 549 invocationem,
434 480 469 538 et
484 466 571 537 alias
587 466 746 538 virtutes.
1024 536 1027 541 ,
1170 465 1388 536 servationes
1425 470 1576 541 multum
1613 474 1895 568 disputationum
1927 512 2160 584 pepererunt,

232 567 304 639 Sed
349 563 555 639 manichaea
590 582 623 640 et
655 567 909 659 anabaptistica
943 568 1114 641 colluvies
1168 567 1251 661 quia
1275 568 1330 638 vel
1354 582 1499 661 propter
1523 574 1707 661 ordinem,
1740 584 1796 653 vel
1819 602 1964 680 propter
1983 598 2158 686 exercitia,

122 670 292 741 lascinata
318 694 337 739 a
360 672 505 741 diabolo
529 683 682 743 ostentat
710 694 840 741 novam
874 670 1115 758 sanctitatem,
1166 684 1331 741 externae
1360 670 1502 767 aliquae
1523 678 1786 755 observationes
1817 682 1975 764 humano
2005 702 2154 773 consilio

121 771 224 866 quasi
249 772 460 867 reliquerint
483 786 635 855 terram,
662 787 696 844 et
712 774 862 843 volitent
882 772 920 842 in
938 773 1036 844 coelo
1052 797 1113 845 ex.
1165 772 1404 845 instituuntur
1420 790 1481 847 aut
1496 781 1758 873 suscipiuntur,
1786 814 1876 883 quae
1892 809 2009 886 postea
2028 822 2153 893 super·

120 888 176 945 tra
196 868 288 943 hanc
305 874 397 946 vitae
415 875 637 962 societatem,
665 889 700 947 et
714 874 820 946 iactat
835 875 970 946 interea
992 898 1029 946 se
1047 870 1112 947 ha·
1163 875 1308 977 stitione
1330 879 1586 969 depravantur,
1623 908 1703 954 cum
1728 889 1910 981 affingitur
1931 900 2054 990 opinio
2076 928 2152 974 me·

121 976 206 1047 bere
231 976 413 1046 mirandos
435 977 589 1054 afflatus.
636 972 684 1049 Et
706 978 789 1071 quia
811 972 898 1048 haec
914 971 1111 1072 hypocrisis
1162 976 1244 1062 riti,
1269 978 1386 1050 cultus
1405 996 1467 1051 aut
1486 985 1713 1064 necessitatis.
1763 989 1847 1064 Ideo
1864 997 1968 1067 etiam
1995 1018 2150 1077 vetustas

65 1094 69 1101 .
120 1077 346 1148 mendam
363 1093 436 1164 m,
464 1073 1030 1161 neccarenmbmfnhgtvig„
1055 1080 1108 1149 fa.
1161 1079 1294 1151 taxavit
1315 1083 1624 1172 superstitionem,
1648 1088 1745 1162 iusta
1766 1095 1900 1165 dictum
1919 1108 2149 1178 memorabile

118 1179 220 1251 ciunt
245 1193 364 1268 postea
390 1180 616 1252 confusiones
638 1182 855 1265 libidinum,
901 1196 936 1253 et
962 1196 1107 1257 movent
1159 1175 1366 1253 Αίιιᾶῐιὸῑῑῑῑ
1395 1180 1548 1281 satiri
1564 1185 1847 1285 ⁰7⁰²l⁰⁸⁶l²⁸⁰iw
1861 1195 2029 1295 ἀληθοῦς
2048 1201 2149 1305 7γώ·

119 1282 332 1362 seditiones,
359 1296 392 1355 et
412 1284 538 1353 volunt
556 1307 684 1353 novam
704 1282 956 1379 lerosolymam
973 1285 1100 1355 consti·
1160 1302 1272 1369 deute,
1297 1278 1363 1355 ml
1379 1284 1618 1384 ovpperps'ae.

119 1398 236 1464 tuere,
270 1384 360 1455 sicut
383 1406 485 1475 saepe
507 1386 647 1457 accidit.
699 1382 789 1456 Nam
813 1401 848 1459 et
868 1385 956 1455 olim
979 1385 1106 1455 similis
1262 1382 1310 1457 Ut
1325 1400 1442 1459 autem
1463 1403 1557 1461 recte
1573 1392 1751 1467 iudicetur
1765 1401 1811 1470 de
1827 1402 1956 1476 ritibus
1969 1402 2146 1499 humanis,

118 1482 320 1574 Tragoedia
353 1484 630 1557 Monasteriensi
659 1487 787 1558 accidit
811 1487 848 1555 in
875 1482 1030 1581 Phrygia
1065 1488 1104 1557 in
1158 1496 1272 1556 totum
1296 1510 1424 1579 corpus
1444 1491 1627 1565 doctrinae
1647 1503 1842 1572 tenendum
1866 1519 1935 1588 est,
1969 1510 2057 1583 sicut
2083 1510 2144 1587 hic

116 1588 251 1679 oppido
274 1584 433 1679 pepuza,
460 1612 566 1681 quam
589 1589 824 1660 nominabant
852 1613 986 1659 novam
1007 1586 1105 1661 lero-
1157 1611 1299 1681 quoque
1322 1587 1455 1662 Paulus
1484 1593 1569 1666 lacit
1589 1594 1784 1672 antithesin
1808 1611 2086 1693 necessariorum
2108 1630 2142 1687 et

114 1688 312 1785 solymam,
337 1701 372 1759 et
392 1685 571 1761 habebant
587 1689 638 1760 ibi
655 1690 826 1763 lunaticos
843 1704 950 1763 vates.
1156 1712 1230 1758 non
1255 1692 1547 1770 necessariorum.
1606 1695 1723 1771 Pietas
1744 1705 1844 1777 utilis
1866 1723 1918 1781 est
1939 1714 1985 1783 ad
2008 1717 2141 1791 omnia.

216 1786 314 1861 Hm
335 1790 532 1862 admonitio
550 1806 672 1862 eom„
687 1792 939 1883 Anabgpfigg„
953 1804 989 1863 ,a
1004 1791 1103 1862 qimi.
1155 1787 1326 1863 Nominat
1348 1807 1467 1865 autem
1490 1797 1655 1887 pietatem
1681 1803 1788 1879 simul
1817 1808 1922 1883 fidem
1954 1829 1989 1887 et
2018 1840 2142 1891 omnes

115 1891 170 1962 les
188 1891 334 1983 spiritus
347 1893 538 1974 fanaticos,
566 1892 754 1984 diligenter
770 1894 1026 1965 consideranda
1040 1907 1104 1971 est.
1155 1893 1368 1965 necessarias
1390 1896 1557 1981 virtutes,
1581 1923 1643 1971 seu
1659 1906 1780 1977 omnia
1798 1933 1905 2002 opera
1920 1917 2025 1987 nobis
2038 1943 2142 1993 man·

116 1993 171 2069 Ac
194 1992 326 2065 Paulus
354 1993 435 2065 ideo
465 1995 601 2090 iuquit:
644 1995 891 2068 Sanctificatus
916 1996 1016 2067 cibus
1040 2020 1104 2087 per
1155 1995 1236 2065 data
1264 1995 1449 2069 divinitus.
1496 1994 1545 2071 Et
1574 2002 1676 2074 valde
1696 2006 1848 2099 inriguis
1876 2020 2049 2091 sententia
2079 2038 2142 2111 est,

116 2096 266 2167 verbum
290 2093 376 2176 Dei,
415 2110 457 2169 ut
480 2098 605 2169 doceat
635 2111 774 2169 utentes
801 2101 982 2193 quomodo
1006 2100 1101 2169 bona
1154 2097 1250 2189 quod
1267 2096 1318 2171 ait
1336 2100 1589 2190 promissiones
1608 2112 1802 2196 praesentis
1825 2130 1860 2185 et
1883 2117 2024 2190 luturae
2047 2123 2140 2197 vitae

113 2198 329 2270 couscientia
352 2198 459 2269 rebus
480 2199 533 2270 uti
558 2199 713 2291 possint,
740 2200 831 2275 sicut
853 2200 940 2271 alibi
965 2200 1100 2295 inquil:
1154 2197 1276 2289 Pleiai
1291 2202 1490 2293 Pf⁰li⁰⁸3i³⁸
1504 2228 1597 2287 Μ’
1624 2221 1659 2280 ⁰⁸
1674 2212 1776 2285 ³ddil
1791 2238 1987 2309 “primm
2002 2245 2139 2297 ³⁸⁸²*

112 2298 296 2472 guicquid
312 2314 450 2371 nonest
467 2302 602 2387 exfide,
619 2315 798 2394 peccatum
816 2317 880 2473 est(i
899 2299 1100 2478 Rotspaipd.
1152 2299 1502 2474 ratiqnepsstcrtus
1531 2319 1585 2383 est
1618 2332 1733 2427 sermo
1753 2328 1788 2389 ct
1811 2318 1912 2391 lirma
1934 2326 2138 2399 assensione

132 2398 202 2471 'ius
244 2402 305 2475 icti
318 2401 490 2473 sententia
507 2405 628 2475 nativa
645 2418 737 2477 recte
752 2418 856 2475 tenen
884 2427 955 2474 aes
1050 2428 1099 2474 ou
1151 2424 1233 2494 amp
1249 2425 1287 2473 ec
1303 2426 1349 2474 en
1376 2427 1428 2476 us·

112 2514 253 2577 uotum
276 2518 329 2576 eat
350 2504 462 2594 legale
484 2506 638 2592 dictum,
685 2507 776 2578 sicut
798 2508 903 2580 multi
926 2505 1100 2597 interpre-
1251 2501 1355 2577 Hauc
1382 2506 1625 2585 dulcissimam
1655 2528 1689 2587 et
1720 2517 1871 2593 maxime
1906 2530 2137 2603 necessariam

111 2616 234 2677 ungu,
253 2601 322 2679 hoc
340 2608 463 2677 modo:
490 2604 672 2701 Quicquid
690 2603 913 2700 prohibitum
927 2621 980 2680 ert
996 2630 1100 2678 man·
1150 2604 1369 2694 doctrinam,
1416 2610 1461 2679 de
1483 2612 1625 2687 duobus
1646 2620 1835 2707 generibus
1858 2629 2137 2717 promissionum

111 2706 206 2779 datis
220 2708 355 2780 divinis
370 2709 415 2777 ad
432 2731 497 2779 nos
512 2710 772 2801 pertinentibus
788 2724 967 2802 peccatum
985 2722 1047 2785 est.
1150 2720 1290 2799 oportet
1309 2708 1584 2785 familiaristlme
1605 2732 1725 2791 n⁰l³m
1753 2746 1839 2800 ⁶⁸⁸⁹·
1896 2726 1953 2801 Ae
1981 2733 2137 2823 primum

213 2807 427 2905 ngnqmm
448 2824 569 2881 ,utem
593 2808 651 2882 hic
674 2811 795 2901 legalia
817 2812 1016 2885 intellectus
1038 2834 1098 2881 ve·
1150 2808 1246 2902 quod
1266 2809 1311 2878 ad
1326 2804 1561 2903 Evangelium
1582 2819 1730 2907 attinet,
1755 2827 1911 2900 continet
1926 2836 2136 2923 promissio·

108 2932 171 2983 m,
188 2925 260 2993 m,
285 2926 402 2983 ,amen
421 2915 581 2983 nondum
599 2914 715 2985 reddit
740 2927 849 2986 totam
874 2913 1097 2994 sententiam,
1150 2934 1232 2979 nem
1263 2912 1483 2985 remissionis
1517 2932 1761 3010 peccatorum,
1806 2942 1839 2998 et
1873 2934 2135 3009 restitutionem

110 3012 198 3084 ,130st
220 3010 383 3085 Paulini:
418 3015 580 3109 aedquia
601 3015 640 3087 fit
666 3016 799 3086 mentio
822 3014 923 3098 fidei,
957 3026 1097 3113 oportet
1149 3011 1243 3083 vitae
1272 3027 1434 3085 aeternae
1457 3040 1521 3108 per
1544 3019 1657 3091 lilium
1682 3021 1767 3107 Dei,
1809 3041 1843 3099 et
1866 3047 2011 3125 propter
2035 3063 2135 3126 nam,

109 3115 300 3207 complecti
320 3113 571 3205 Evangelium.
622 3115 697 3189 Nee
717 3131 854 3190 tantum
878 3116 1099 3206 intelligatur
1149 3114 1246 3209 quod
1277 3115 1600 3213 manifestissimum
1625 3137 1688 3199 est.
1746 3126 1893 3203 Constat
1922 3138 2018 3206 enim
2041 3134 2133 3214 hanc
2190 3130 2198 3151 ¹

107 3216 198 3287 fides
219 3218 265 3287 de
290 3218 419 3289 noticia
446 3214 635 3301 historiae,
661 3218 909 3292 sicutdicunt:
937 3214 1096 3290 Honesta
1149 3238 1223 3286 esse
1245 3216 1476 3310 prlnssllffil‘m
1498 3245 1618 3293 V⁰⁰⁶¹¹¹
1644 3221 1853 3321 E'ffld‘iils
1887 3235 2034 3309 mlmlm
2058 3264 2133 3313 ΕΜ

107 3340 220 3411 opera
242 3314 399 3390 hominis
430 3317 564 3391 ethnici
593 3346 668 3391 non
698 3318 840 3413 place'nt
866 3320 969 3402 Deo,
1011 3318 1096 3413 quia
1148 3317 1262 3387 lilium
1283 3318 1372 3405 Dei,
1402 3335 1442 3394 ut
1464 3322 1603 3396 aboleat
1625 3344 1807 3417 peccatum
1829 3346 1865 3405 et
1887 3354 2058 3430 mortem,
2097 3358 2133 3417 et

107 3430 261 3492 nonest
287 3422 326 3491 in
355 3422 573 3515 professione
594 3418 816 3495 Christiana:
858 3423 918 3493 sed
944 3421 1097 3512 intelligi
1148 3420 1312 3493 restituat
1334 3423 1442 3494 vitam
1464 3437 1656 3499 aeternam.

107 3536 253 3615 mm
267 3547 386 3597 mam
404 3523 528 3605 fidem,
554 3548 644 3619 quae
660 3526 794 3598 ,cadit
810 3526 855 3596 ,d
871 3520 987 3595 neum
1003 3523 1097 3593 fidu.
1248 3518 1319 3595 Sed
1337 3547 1400 3595 cur
1414 3525 1521 3611 dicit,
1537 3520 1772 3623 Evangelium
1790 3527 1921 3611 habere
1938 3548 2132 3635 praesentis

106 3623 164 3695 cia
185 3624 409 3706 mediatoris,
444 3638 479 3697 et
499 3627 639 3698 invocat
661 3650 754 3701 eum.
811 3624 881 3700 Ubi
906 3626 987 3697 talis
1009 3626 1096 3695 fides
1148 3621 1240 3695 sitae
1276 3625 1566 3717 promissionem,
1603 3654 1684 3702 cusu
1711 3632 1869 3711 Ecclesia
1901 3642 1947 3716 sit
1972 3648 2132 3725 subiecta

108 3748 187 3797 non
208 3738 280 3808 est,
323 3731 384 3797 sed
408 3750 470 3797 cor
493 3731 563 3817 agit
586 3742 709 3800 eontra
729 3728 1000 3808 conscientiam,
1034 3738 1096 3798 aut
1148 3724 1269 3795 cruci?
1319 3724 1408 3798 Item
1422 3752 1502 3800 eum
1518 3731 1604 3804 dicit
1617 3726 1796 3823 Dominus
1810 3738 1939 3819 Matth.
1952 3748 2034 3822 24:
2058 3738 2131 3825 ln·

107 3840 233 3900 manet
253 3831 294 3899 in
317 3830 558 3914 dubitatione,
595 3844 637 3902 ut
657 3834 876 3920 suspendens
896 3830 1032 3915 iurem,
1062 3840 1097 3899 et
1148 3824 1319 3898 terficient
1342 3848 1406 3899 vos
1429 3831 1583 3905 eteritis
1615 3835 1699 3907 odio
1728 3841 1894 3914 omnibns
1924 3842 2132 3927 hominibus

106 3943 231 4003 tamen
259 3931 463 4003 existimans
487 3954 525 4001 se
547 3946 670 4003 contra
700 3930 817 4003 Deum
844 3932 981 4012 lacere.
1020 3952 1097 4001 ¹¹0ss
1148 3940 1294 4019 l’ffll’ier
1314 3952 1448 4001 ⁰⁰¹⁰⁸¹¹
1471 3956 1603 4010 mium·
1653 3934 1833 4014 ElLu‘st
1849 3944 1902 4023 ⁹⁰³
1928 3946 2043 4024 mim
2064 3949 2132 4029 ¹¹⁰·

104 4045 225 4125 potest
255 4034 421 4107 invocare
452 4031 590 4121 Deum,
631 4048 667 4107 et
700 4034 773 4127 agit
800 4058 881 4106 curn
914 4046 1096 4105 contemtu
1149 4029 1257 4100 minis
1275 4054 1350 4101 non
1367 4024 1474 4105 habet
1490 4036 1553 4107 ubi
1573 4036 1720 4113 reclinet
1745 4047 1875 4137 caput?
1924 4048 2022 4127 Haec
2045 4074 2131 4134 ιιιιιι

101 4130 185 4210 Μ.
1148 4132 1405 4225 praedictiones
1421 4137 1563 4221 mortis,
1590 4164 1666 4212 non
1681 4144 1775 4215 vitae
1789 4154 2007 4239 praesentis?
2055 4156 2129 4233 Sed

211 4233 269 4308 Sit
291 4237 402 4329 igitur
424 4251 508 4311 nota
533 4232 619 4310 baec
641 4240 764 4328 regula
786 4236 908 4318 Pauli,
944 4250 979 4309 et
1001 4248 1096 4307 reete
1146 4236 1364 4325 respondeo:
1390 4232 1548 4335 Utraque
1570 4244 1767 4337 propositio
1786 4250 1968 4325 verissima
1989 4273 2060 4346 est,
2092 4274 2128 4335 et

107 4336 331 4428 intelligatur
352 4356 387 4413 et
410 4342 609 4440 praeluceat
627 4342 796 4413 omnibus
817 4341 1036 4421 actionibus,
1063 4349 1097 4410 et
1147 4336 1304 4409 subiecta
1327 4348 1378 4407 est
1402 4333 1558 4413 Ecclesia
1578 4345 1696 4433 cruci,
1729 4362 1763 4420 et
1783 4362 1902 4425 tamen
1917 4350 2023 4432 habet
2045 4386 2129 4451 pro-

108 4460 159 4509 ne
173 4442 262 4533 qnid
276 4442 448 4515 iaciamus
463 4457 585 4514 contra
603 4443 874 4525 conscientiam,
901 4458 936 4515 et
950 4456 993 4513 ut
1008 4464 1097 4513 con·
1147 4437 1352 4509 ῐιιὶῑιῖθῠθῐῦ
1375 4440 1553 4512 b⁰¹¹⁰¹¹¹m
1575 4449 1833 4539 willmlfu'n,
1865 4459 1955 4529 ⁸5⁶¹st
1977 4464 2131 4537 θῡΰῖΰῐι·

107 4540 258 4614 κίωιὴ
273 4559 415 4635 regam
437 4546 545 4616 mbo
560 4544 646 4626 nep,
673 4568 714 4615 ,c
732 4546 843 4636 ΡΜ
858 4547 1023 4616 medere
1039 4544 1097 4612 in.
1147 4539 1198 4630 git
1214 4535 1300 4611 haec
1315 4538 1491 4614 Dominus
1505 4542 1616 4622 Marc.
1634 4549 1708 4620 100:
1733 4549 1896 4648 Recipiet
1911 4568 2131 4657 centuplum,

108 4646 271 4726 enutio,
312 4647 479 4722 videlicet
508 4668 616 4717 omne
642 4648 741 4740 quod
766 4670 841 4718 non
870 4661 920 4720 est
947 4672 989 4717 ex
1010 4647 1096 4726 lide,
1147 4643 1208 4711 sed
1241 4666 1323 4711 curu
1357 4644 1598 4717 tribulatione.
1655 4648 1705 4741 Et
1731 4649 1857 4731 Esaiae
1878 4662 1956 4734 8οα
1996 4662 2130 4743 Audiet

104 4758 291 4838 mmm
318 4752 390 4825 m:
1147 4744 1337 4813 clamorem
1358 4757 1480 4832 tuum,
1513 4760 1549 4819 et
1569 4750 1783 4828 dabitrobis
1796 4783 1923 4852 panem
1946 4780 1982 4837 et
2000 4788 2128 4864 squam

1149 4844 1188 4914 in
1207 4844 1368 4934 angustia
1393 4861 1428 4919 et
1448 4849 1585 4923 dolore.

1249 4944 1341 5019 Cum
1357 4949 1452 5019 enim
1471 4950 1566 5023 Deus
1584 4954 1669 5027 velit
1684 4955 1723 5028 in
1738 4954 1805 5032 bac
1825 4963 1968 5036 mortali
1983 4968 2055 5043 vita
2079 4974 2127 5049 ita

1148 5047 1285 5119 incoari
1303 5062 1339 5121 et
1351 5050 1472 5142 colligi
1487 5047 1702 5144 Ecclesiam,
1725 5075 1841 5134 servat
1862 5087 1959 5154 eam,
1983 5077 2128 5163 praebet

216 5149 325 5225 Utilis
348 5153 530 5225 distinctio
557 5165 610 5223 est
631 5152 726 5223 inter
747 5149 942 5221 necessarie
964 5161 1001 5219 et
1023 5170 1098 5220 uon
1150 5149 1184 5219 ei
1206 5146 1376 5243 hospitia,
1400 5154 1537 5245 fruges,
1561 5162 1803 5247 oeconomias,
1827 5166 1989 5257 politias,
2014 5175 2129 5251 lacul-

108 5255 311 5327 necessaria
326 5280 451 5347 opera,
479 5256 586 5325 electa
603 5253 761 5324 exercitii
778 5252 891 5323 nostri
911 5272 1034 5337 causa,
1059 5264 1101 5322 ut
1151 5265 1258 5322 tatem
1282 5257 1500 5344 propagandi
1524 5260 1702 5340 sobolem,
1737 5277 1771 5336 el
1791 5259 2006 5361 Ecclesiam,
2038 5280 2131 5357 sieut

102 5371 197 5431 sunt
224 5357 377 5444 ieiunia,
402 5360 459 5428 sel
480 5357 545 5428 alii
564 5357 705 5427 labores
727 5353 879 5449 suscepti
893 5353 940 5425 ad
953 5353 1101 5425 irenen·
1151 5353 1228 5448 ipse
1249 5355 1424 5427 Dominus
1451 5357 1570 5454 iuquit
1591 5354 1721 5441 Matth.
1735 5362 1788 5444 E:
1812 5363 1889 5444 Scit
1900 5386 2003 5465 pater
2018 5395 2134 5457 vester

160 5456 350 5533 Messene.
378 5464 481 5534 osu„
505 5462 589 5531 Vos..
617 5460 697 5530 XV.
1396 5456 1446 5530 86

106 4901 333 5011 Corporalis
367 4911 580 4987 exercitatio
609 4908 666 4985 ad
692 4906 875 4984 modicum
906 4919 958 4983 est
981 4906 1098 4998 utilis,

370 5015 490 5115 pietas
517 5011 574 5089 ad
596 5014 741 5105 omnia,
778 5023 837 5085 etc.
