4522 5782
124 241 127 245 -
186 203 260 275 su
776 194 918 271 vura
945 188 1304 272 transumere
1331 136 1643 275 manauco
2160 201 2240 278 are

191 398 277 447 ress
318 369 403 443 ldeo
427 369 532 442 toties
552 367 680 438 clamat
702 365 819 440 David
845 366 973 440 Psalm.
999 369 1105 444 118.:
1137 369 1188 440 Da
1242 365 1389 450 Simon,
1431 362 1644 454 Matbatias,
1674 363 1885 456 Zacharias,
1918 367 2098 462 Baptista,
2132 365 2240 441 Chri-

192 472 282 547 mibi
303 473 533 544 intellectum.
586 469 690 541 ltem:
724 470 795 542 Fac
817 496 896 542 cum
921 496 1025 542 servo
1051 488 1112 544 tuo
1134 496 1188 541 se·
1242 485 1333 549 stus,
1361 469 1539 561 Apostoli.

197 580 353 648 cundum
381 575 662 645 misericordiam
698 587 816 660 tuam,
863 589 898 645 et
927 575 1190 645 iustificationes

198 683 284 750 doce
301 702 375 762 me,
400 691 435 747 ct
448 679 485 750 2.
502 674 618 749 Paral.
635 675 698 748 20.
713 675 861 747 dicitur:
880 673 971 746 Cum
989 678 1191 766 ignoramus

199 782 287 874 quid
318 803 420 871 agere
448 779 658 862 debeamus,
691 780 784 848 oculi
812 779 924 849 nostri
947 781 990 849 acl
1017 794 1052 850 te
1079 778 1190 868 respi·
1343 770 1459 842 Antea
1487 773 1632 842 recitata
1654 786 1706 843 est
1726 775 1913 863 promissio
1938 775 2094 867 Spiritus
2118 779 2241 858 macti,

201 884 312 954 ciunt.
368 879 470 950 Hanc
502 879 700 950 doctrinam
731 903 949 949 exerceamus
986 881 1024 949 in
1062 880 1191 951 nostris
1244 877 1398 943 nuncde
1415 897 1477 943 sua
1494 871 1823 973 persouaChristus
1842 879 2020 971 loquitur,
2052 902 2094 949 ac
2117 903 2241 952 occur·

203 983 367 1074 periculis
382 981 616 1076 quotidianis,
649 984 845 1074 quodcum
869 982 1055 1066 faciemus,
1088 1006 1190 1073 erpe·
1246 977 1291 1046 rit
1306 976 1431 1046 tacitae
1448 977 1645 1069 quaestioni
1657 977 1930 1068 Apostolorum,
1962 981 2027 1074 qui
2052 975 2151 1053 haud
2174 985 2238 1051 do·

202 1087 331 1157 rientia
346 1085 489 1155 docebit
505 1106 588 1162 uos,
623 1077 687 1152 has
709 1084 960 1176 promissiones
984 1108 1084 1153 veras
1108 1106 1193 1172 esse,
1247 1080 1302 1148 bie
1319 1079 1412 1167 apud
1428 1101 1502 1147 sese
1525 1079 1773 1175 disputabant,
1805 1081 1871 1152 etsi
1894 1081 2115 1172 promittitur
2138 1085 2238 1154 nobis

203 1213 243 1256 ac
268 1211 348 1256 vere
368 1210 434 1256 nos
455 1186 532 1275 regi
554 1184 723 1267 consilio,
762 1198 797 1254 et
817 1187 930 1255 iuvari
954 1186 1193 1257 consolatione
1246 1181 1588 1266 aliusgubernator,
1621 1183 1846 1252 tamenscire
1867 1184 2064 1282 cupimus,
2086 1186 2176 1278 quid
2198 1187 2237 1254 de

203 1289 359 1385 Spiritus
375 1287 609 1371 sancti,sicut
623 1287 740 1379 inquit
757 1283 934 1356 Christus:
958 1287 1102 1376 Quanto
1118 1310 1194 1356 ma·
1246 1281 1571 1371 ipsoiuturumsit.
1621 1279 1847 1372 Respondet:
1884 1283 1959 1355 lmo
1977 1286 2041 1356 etsi
2062 1287 2237 1384 paulisper

203 1392 256 1479 gis
278 1406 379 1484 pater
400 1403 514 1462 vester
533 1388 692 1458 coelestis
716 1389 814 1459 dabit
837 1389 1011 1480 Spiritum
1035 1404 1194 1461 sanctum
1247 1383 1443 1469 discedam,
1468 1383 1619 1468 moriar,
1651 1384 1802 1456 videbor
1824 1410 1845 1456 a
1866 1389 1966 1459 vobis
1990 1388 2158 1473 avulsus,
2189 1386 2238 1459 ta·

1426 629 1517 708 Nors
1539 630 1748 735 relinquam
1775 661 1836 711 vos
1863 632 2064 738 orphanos.

203 1493 414 1581 petentibus·
481 1490 588 1561 ltem:
627 1488 709 1560 Non
743 1491 942 1584 relinquam
972 1515 1034 1561 vos
1063 1489 1194 1583 orpha·

202 1616 289 1678 nos,
315 1605 378 1667 etc.

547 1753 750 1834 Vobiscum
783 1757 863 1835 erit.

304 1892 367 1963 Est
383 1907 418 1964 et
434 1894 619 1984 promissio
644 1896 688 1963 de
712 1898 944 1986 perpetuitate
964 1894 1195 1974 observanda,

203 1997 357 2069 affirmat
385 2010 553 2088 perpetuo
578 1995 752 2087 Spiritum
785 2010 944 2066 sanctum
977 1996 1016 2064 in
1040 1993 1195 2065 Ecclesia

202 2121 409 2168 mansurum
434 2121 539 2177 esse„
563 2098 653 2169 sicut
678 2094 810 2172 Matth.
833 2099 896 2169 ult.
918 2098 1064 2168 dicitur:
1104 2095 1195 2168 Ecce

202 2224 266 2287 ego
285 2200 465 2271 vobiscum
482 2208 559 2268 'sum
574 2223 685 2291 usque
708 2202 752 2269 ad
775 2202 1116 2270 consummationem
1139 2222 1195 2268 se-

111 2293 114 2297 ’
202 2303 292 2384 culi,
325 2312 357 2370 et
377 2304 408 2371 l.
427 2300 521 2373 Tim.
542 2302 576 2368 8.
605 2297 761 2370 Ecclesia
785 2301 917 2371 dicitur
940 2304 1039 2371 sedes
1064 2303 1193 2370 verita-

202 2404 258 2474 tis.
311 2401 512 2472 Hicautem
528 2418 708 2494 utrunque
727 2402 907 2472 sciendum
932 2417 1000 2474 est:
1036 2417 1071 2473 et
1093 2427 1175 2471 man

202 2528 325 2572 siarum
345 2527 418 2572 esse
435 2503 472 2571 in
488 2499 644 2572 Ecclesia
660 2492 833 2594 Spiritum
850 2518 1028 2590 sanctum,
1056 2528 1100 2574 ne
1118 2505 1193 2574 ullo

203 2621 360 2694 tempore
384 2609 569 2696 desperent
594 2599 774 2690 homiues,
812 2620 874 2677 aut
896 2607 1014 2698 aliqua
1040 2620 1135 2676 aetas
1156 2630 1192 2676 se

203 2707 373 2795 abiectam
390 2729 463 2775 esse
479 2719 595 2797 putot,
623 2719 794 2776 ettamen
817 2731 891 2776 non
913 2708 1095 2797 alligatum
1120 2730 1193 2776 esse

201 2811 245 2877 ad
262 2809 517 2878 successionem
536 2807 771 2893 ordinariam,
795 2821 836 2879 ut
851 2825 996 2893 vocant,
1023 2824 1085 2879 aut
1105 2811 1191 2880 titu-

201 2909 255 2977 los
270 2910 500 2997 dignitatum,
525 2910 586 2977 sed
608 2909 659 2979 ibi
681 2910 758 2979 sine
780 2909 852 2980 ulla
871 2911 1095 2982 dubitatione
1109 2911 1191 3003 Spi-

200 3011 292 3079 ritus
306 3026 449 3082 sauctus
463 3013 578 3094 adest,
603 3024 637 3080 et
654 3024 706 3081 est
723 3011 862 3096 cilicas,
895 3013 959 3081 ubi
977 3019 1191 3083 trecasenae

201 3137 269 3181 voa
284 3111 498 3202 Evangelii,
532 3125 593 3181 aut
615 3127 709 3181 certe
734 3113 797 3182 ubi
816 3114 1088 3183 fundamentum
1109 3116 1189 3183 tidei

201 3216 385 3287 retinetur.
445 3213 568 3284 Manet
609 3214 704 3282 euim
736 3214 798 3282 illa
830 3216 1003 3286 sententia
1035 3217 1191 3300 immota,

201 3321 237 3387 2.
258 3309 422 3383 Corinth.
450 3315 484 3383 8.
512 3310 746 3405 Evangelium
762 3338 835 3385 esse
851 3316 1090 3388 ministerium
1109 3317 1192 3407 Spi-

201 3418 292 3485 ritus
314 3415 437 3487 sancti.
500 3413 607 3500 ltem,
641 3415 874 3505 Evangelium
895 3440 969 3487 esse
998 3419 1192 3509 potentiam

111 3518 119 3535 ⁸
201 3514 269 3587 Dei
283 3517 325 3584 ad
344 3517 492 3585 salutem
508 3517 607 3586 omni
629 3519 797 3587 credenti.
850 3516 1063 3613 Ubicunque
1082 3522 1193 3609 igitur

201 3632 303 3688 sonat
320 3643 386 3686 vor
402 3613 601 3706 Evangelii,
617 3620 666 3687 ibi
676 3616 831 3709 Spiritus
844 3635 984 3690 sauctus
1000 3636 1050 3692 est
1062 3624 1192 3696 ellicus.

305 3717 375 3788 Hic
390 3721 598 3789 observetur
613 3735 646 3790 et
662 3715 730 3789 hoc
746 3721 870 3810 iugens
889 3723 1097 3794 beneficium
1114 3722 1193 3808 Dei,

201 3822 299 3914 quod
329 3845 531 3914 quanquam
563 3821 624 3892 lux
645 3817 831 3910 Evangelii
852 3826 1082 3909 obscuratur,
1116 3829 1193 3895 dia-

1246 1508 1328 1555 men
1341 1508 1424 1554 mox
1440 1486 1643 1555 reviviscam
1660 1509 1702 1556 er
1717 1501 1849 1573 morte,
1883 1491 1928 1559 ad
1945 1512 2006 1559 vos
2030 1491 2179 1579 redibo,
2208 1504 2237 1561 et

1247 1609 1383 1677 semper
1401 1586 1580 1657 vobiscum
1606 1610 1678 1656 ero.
1729 1584 1794 1659 Est
1815 1603 1932 1660 autem
1956 1591 2107 1680 insignis
2131 1591 2236 1682 parti·

1247 1688 1326 1759 cula
1342 1688 1381 1756 in
1399 1701 1513 1778 textu,
1540 1689 1742 1758 describens
1757 1691 1871 1782 qualis
1886 1693 1933 1762 sit
1945 1691 2104 1763 Ecclesia
2119 1693 2160 1762 in
2175 1687 2236 1762 hoc

1246 1793 1400 1875 mundo,
1440 1793 1537 1881 quod
1567 1792 1612 1858 ael
1636 1791 1808 1880 praesidia
1831 1787 1986 1863 humana
2008 1792 2155 1874 attinet,
2191 1795 2236 1865 sic

1247 1910 1370 1960 omnes
1401 1886 1563 1962 homines
1599 1892 1871 1964 ratiocinantur:
1912 1893 2063 1965 Nullum
2103 1909 2236 1967 coetum

1245 1993 1445 2062 durabilem
1474 2017 1565 2071 esse,
1607 1994 1676 2061 nisi
1704 1990 1831 2069 babeat
1850 2010 1979 2066 certam
2006 1996 2166 2088 aliquam
2186 2019 2235 2067 se-

1246 2096 1325 2163 dem
1342 2108 1375 2164 et
1391 2095 1552 2164 ordinata
1568 2095 1732 2185 imperia,
1749 2097 1912 2190 aquibus
1926 2099 2158 2184 defendatur,
2171 2094 2235 2169 Ec·

1246 2197 1349 2265 clesia
1366 2219 1429 2266 nec
1443 2202 1561 2267 sedem
1577 2212 1707 2267 certam
1725 2193 1842 2285 habet,
1858 2222 1923 2269 nec
1937 2200 2145 2271 detenditur
2157 2224 2236 2271 con·

1245 2320 1350 2368 seusu
1371 2321 1511 2386 regum,
1543 2301 1604 2368 sed
1625 2299 1741 2390 potius
1765 2300 1979 2392 opprimitur
1999 2313 2035 2371 et
2055 2300 2235 2387 laceratur,

1246 2414 1279 2471 et
1296 2400 1362 2490 ipsi
1377 2400 1470 2469 inter
1483 2422 1556 2468 sese
1573 2403 1735 2471 doctores
1749 2403 1839 2473 male
1854 2397 2060 2487 cohaerent,
2086 2427 2163 2475 nnn
2178 2397 2234 2473 hs·

1246 2503 1331 2570 beut
1353 2503 1627 2589 gubernatores,
1661 2527 1813 2595 quorum
1837 2505 2026 2575 autoritate
2050 2503 2234 2577 concordis

1247 2603 1339 2673 inter
1354 2626 1414 2672 eos
1430 2603 1642 2686 retineatur,
1675 2629 1748 2674 uon
1774 2601 1908 2677 habent
1929 2619 2100 2697 patronos
2120 2630 2163 2677 ac
2179 2607 2233 2675 de·

1244 2705 1400 2774 fensores
1415 2707 1581 2773 adversus
1595 2706 1839 2798 tyrannidem,
1874 2722 1932 2778 ant
1948 2707 2030 2778 odia
2056 2709 2181 2799 populi
2200 2728 2234 2777 as

1245 2830 1403 2876 suorum.
1453 2803 1617 2897 Denique
1632 2808 1843 2877 miserabilis
1858 2822 1976 2879 coetus
1991 2821 2062 2893 est,
2085 2823 2129 2881 ut
2142 2811 2232 2900 Apo-

1245 2908 1416 2977 stolorum
1433 2930 1641 2992 aerumnae,
1673 2923 1708 2978 et
1724 2923 1863 2979 nostrae
1885 2907 2115 3002 quotidianae
2137 2910 2232 2979 miss-

1246 3009 1318 3079 riae
1347 3011 1550 3083 ostendunt.
1616 3009 1707 3098 Quis
1735 3011 1831 3079 enim
1864 3036 1930 3081 nos
1953 3011 2111 3103 respicit,
2144 3034 2231 3081 com·

1247 3112 1430 3202 plectitur,
1456 3111 1573 3195 fovet,
1597 3126 1658 3182 aut
1672 3113 1856 3181 defendit?
1890 3111 2040 3187 Plurimi
2058 3135 2181 3202 regum
2202 3123 2230 3181 et

1247 3213 1446 3304 principum
1463 3214 1674 3304 prcsbtentur
1692 3235 1728 3281 se
1744 3236 1817 3282 esse
1833 3209 1950 3285 hostes
1959 3212 2230 3287 nostraedoesri

1247 3338 1334 3398 nae,
1348 3328 1381 3383 et
1398 3338 1462 3383 nos
1480 3328 1645 3405 tauquam
1664 3315 1823 3384 victimas
1836 3317 1881 3385 ad
1896 3316 2069 3407 supplicia
2085 3317 2231 3406 raptant.

1247 3416 1308 3485 ubi
1327 3429 1484 3506 possunt.
1535 3414 1709 3505 Populus,
1736 3418 1797 3509 qui
1816 3417 2015 3502 nosaudit,
2049 3430 2084 3487 et
2106 3415 2230 3508 prioci-

1247 3540 1305 3607 pes
1320 3518 1407 3608 ipsi,
1422 3518 1481 3608 qui
1500 3517 1612 3586 videri
1629 3518 1755 3589 volunt
1773 3542 1846 3588 non
1859 3514 2053 3590 abhorrere
2067 3516 2230 3589 abEvaa·

1246 3619 1357 3707 gelio,
1388 3632 1451 3689 aut
1472 3619 1599 3688 leviter
1620 3635 1746 3691 curant
1768 3644 1852 3700 uos,
1885 3636 1948 3691 aut
1968 3633 2042 3691 arte
2066 3620 2230 3708 premunt·

1246 3721 1407 3811 Dareique
1424 3715 1577 3792 humana
1595 3723 1767 3812 praesidia
1784 3745 1928 3812 prorsus
1944 3723 2044 3793 nulla
2059 3717 2231 3807 habemas,

1245 3823 1336 3892 sicut
1352 3822 1389 3889 iu
1405 3820 1554 3891 Psalmis
1571 3822 1739 3913 scriptum
1763 3838 1830 3893 est:
1867 3822 1970 3895 Pater
1989 3838 2023 3896 et
2045 3837 2158 3895 mater
2176 3823 2231 3903 de-

202 3925 286 3992 bnlo
304 3924 475 3993 excitante
492 3945 645 4008 remees,
666 3936 699 3993 et
714 3918 919 3995 hominibus
934 3927 1193 4015 negligentibus
1246 3924 1466 4015 reliquerunt
1491 3949 1556 3993 me.
1613 3923 1744 3995 Sumus
1760 3925 1888 4015 igitur,
1913 3928 2008 4019 quod
2024 3928 2069 3994 ad
2085 3920 2231 3999 humana

204 4026 259 4114 pia
276 4026 412 4105 studia,
436 4039 558 4094 tamen
574 4025 668 4095 lilius
678 4024 742 4094 Dei
758 4029 883 4095 sedens
897 4030 939 4095 ad
955 4030 1112 4097 dextram
1128 4052 1192 4120 pa-
1245 4025 1418 4116 praesidia
1433 4027 1576 4106 attinet,
1603 4021 1766 4115 orphani.

202 4131 284 4204 tris,
318 4150 358 4195 ac
373 4132 468 4195 dona
486 4127 575 4195 dans
590 4121 814 4206 hominibus,
846 4130 998 4197 subinde
1020 4129 1193 4200 instaurat
1347 4124 1415 4196 Sed
1433 4128 1600 4195 adversus
1616 4123 1707 4196 bane
1724 4127 1874 4216 speciem
1891 4121 2053 4198 Christus
2068 4151 2134 4196 uos
2154 4148 2231 4195 con-

202 4228 437 4296 ministerium
463 4224 670 4316 Evangelii,
710 4240 751 4298 ut
772 4227 904 4297 Paulus
934 4231 977 4298 ad
1005 4227 1134 4319 Ephes.
1158 4229 1192 4302 4.
1246 4227 1397 4311 solatur,
1421 4227 1603 4319 inquiens:
1632 4228 1706 4297 lmo
1724 4254 1796 4296 uon
1813 4228 2009 4320 relinquam
2028 4252 2092 4303 voa
2106 4210 2232 4319 orpha·

202 4329 336 4420 iuquit:
365 4325 574 4398 Et‘causam
597 4325 703 4399 huius
726 4329 932 4420 amplissimi
956 4334 1114 4402 muneris
1137 4359 1192 4404 re·
1246 4352 1330 4414 nos,
1355 4330 1511 4412 etiamsi,
1541 4352 1659 4419 reges,
1701 4331 1895 4420 principes,
1926 4330 2094 4419 imperia,
2126 4353 2232 4421 popa·

76 4523 80 4529 ι
123 4514 127 4521 ,
204 4431 306 4515 citat,
342 4455 387 4498 ne
401 4425 577 4499 Ecclesiae
593 4431 756 4521 procellis
773 4431 939 4519 agitatae,
971 4434 1069 4503 velut
1092 4437 1191 4525 pueri
1245 4431 1320 4510 lus,
1346 4430 1673 4501 doctorcsvosnon
1691 4445 1832 4519 tegunt,
1855 4443 2053 4519 egotamen
2071 4455 2137 4503 vos
2157 4456 2233 4523 pro·

203 4535 299 4600 varia
316 4533 498 4602 doctrinae
513 4553 642 4618 genera
666 4533 943 4623 amplectantur,
968 4552 1001 4604 et
1024 4549 1191 4629 tauquam
1245 4546 1358 4618 tegam
1373 4557 1412 4600 ac
1429 4535 1587 4605 servabo.
1639 4532 1714 4602 Hae
1729 4531 1969 4605 consolatione
1990 4556 2080 4625 opus
2103 4528 2234 4605 estEo·

202 4634 314 4706 ventis
329 4634 571 4702 doctrinarum
593 4633 888 4705 circumferantur
911 4639 953 4703 ad
979 4636 1068 4705 alios
1088 4653 1193 4731 atque
1244 4634 1367 4703 clesiae
1390 4631 1477 4719 Dei„
1509 4650 1549 4704 ut
1576 4634 1728 4704 sciamus
1751 4657 1954 4704 mansuram
1976 4657 2071 4719 ease,
2101 4630 2234 4709 etiamsi

202 4736 290 4804 alios
301 4736 457 4819 terrores,
481 4748 522 4806 ut
538 4728 684 4806 Ethnici
706 4758 802 4805 nunc
815 4732 1067 4823 Bacchanalia,
1095 4764 1191 4810 nunc
1245 4732 1442 4805 nonhabet
1462 4750 1591 4805 certam
1614 4737 1751 4816 sedem,
1782 4749 1845 4807 aut
1864 4735 2095 4825 imperiorum
2116 4736 2235 4807 delens

202 4836 332 4908 Martis
350 4835 483 4921 Salios,
510 4861 607 4907 nunc
622 4834 862 4930 Corybantes,
895 4862 991 4909 nunc
1014 4842 1081 4910 alia
1107 4867 1190 4933 por·
1243 4838 1392 4909 sionem.
1443 4835 1528 4906 ldeo
1539 4860 1641 4928 saepe
1654 4837 1801 4928 repetita
1815 4850 1867 4907 est
1881 4830 1967 4907 haec
1980 4836 2188 4922 consolatio,
2201 4848 2238 4910 ot

203 4953 299 5010 tenta
324 4939 577 5028 excogitabant.
636 4933 818 5009 Omnibus
846 4941 971 5011 seculis
995 4967 1108 5012 novae
1132 4943 1191 5012 in·
1242 4935 1367 5007 Esaiae
1379 4938 1586 5028 capite51.2
1621 4937 1729 5009 Posui
1746 4940 1854 5009 verba
1869 4961 1945 5007 maa
1960 4938 1997 5006 in
2014 4963 2076 5007 ore
2097 4951 2183 5020 tuo,
2204 4949 2238 5011 et

202 5043 435 5111 staurationes
454 5036 632 5111 Ecclesiae
648 5040 775 5110 -iactae
804 5054 900 5115 sunt.
944 5040 1039 5114 'Post
1062 5043 1188 5116 Mosen
1243 5042 1369 5109 umbra
1384 5063 1509 5109 manus
1524 5064 1619 5110 meae
1637 5054 1784 5137 protego
1807 5054 1859 5124 te,
1891 5051 1932 5109 ut
1954 5039 2093 5129 plantes
2113 5039 2238 5125 coelos,

203 5144 370 5212 excitatus
412 5155 465 5212 est
499 5141 661 5224 Samuel,
710 5153 788 5231 post
827 5141 1027 5214 Samuelem
1059 5143 1190 5233 David,
1242 5142 1365 5211 idest:
1395 5139 1800 5213 lostituomiuisterium
1812 5138 2019 5229 Evangelii,
2054 5143 2090 5209 id
2110 5142 2239 5212 abiro·

201 5257 278 5330 post
302 5242 474 5312 Davidem
498 5239 616 5328 Elias,
653 5243 784 5312 deinde
806 5238 984 5330 Elisaeus,
1021 5263 1099 5338 post
1124 5244 1190 5318 bos
1243 5243 1348 5332 perlis
1378 5268 1451 5312 non
1478 5246 1707 5329 defendetur,
1743 5245 1804 5312 sed
1834 5243 1952 5333 potius
1981 5246 2150 5314 atrociter
2176 5266 2241 5335 op-

201 5337 345 5432 Esaias,
386 5345 571 5422 Ieremias,
613 5343 761 5432 Daniel,
797 5339 1003 5435 Zacharias,
1047 5347 1188 5437 Esdras,
1241 5348 1474 5436 pugnabitur,
1499 5345 2238 5439 ideopolliceoripsedclensioucm,·pro-
