4522 5782
122 200 203 287 ιιι
431 201 539 333 xiie
584 206 622 281 a
653 198 1022 283 conururaau
1044 201 1098 281 ιιι
1121 201 1280 282 arur.
1303 201 1454 285 rann
1478 204 1549 287 sn
1572 180 1890 295 nouenos
2070 176 2158 301 ιη’

109 377 232 453 lilium
247 374 327 455 Dei.
375 373 528 451 Etcum
550 378 717 450 voluntas
732 378 783 450 sic
805 376 1014 472 acquiescit,
1046 402 1109 450 cnr
1161 376 1269 461 toris,
1308 380 1370 452 sed
1393 377 1434 453 ιιι
1453 397 1681 457 eonvertatur
1706 400 1740 459 et
1766 386 1874 462 vivat.
1937 384 2157 480 Quomodo?

107 478 152 555 fit
167 481 427 575 tranquillum,
452 494 486 551 et
503 482 658 572 concipit
672 480 952 552 consulationem
978 503 1018 551 ae
1034 481 1105 552 lae-
1160 506 1224 573 pes
1239 482 1373 573 lilium,
1397 497 1438 554 ut
1462 483 1521 556 hic
1543 487 1609 558 ait:
1643 488 1745 561 Haec
1767 503 1820 563 est
1840 491 2006 565 voluntas
2029 498 2153 589 patris,

110 583 252 664 titiam,
276 608 367 677 quae
388 597 440 656 est
457 584 613 656 incoatio
631 607 745 654 novae
768 584 874 654 vitae.
927 581 1004 653 Hos
1027 608 1105 654 mo·
1157 597 1198 654 ut
1213 584 1330 655 omnis
1347 585 1408 678 qui
1425 587 1539 659 credit
1560 588 1598 658 in
1614 589 1747 679 lilium,
1770 587 1896 666 habeat
1911 594 2021 667 vitam
2037 613 2151 671 aeter-

113 698 172 757 tos
195 700 394 778 sequuntur
415 709 514 780 spes,
538 700 572 758 et
596 686 752 762 dilectio.
803 684 901 775 Quia
922 686 1009 755 lides
1032 699 1103 757 sta·
1156 708 1253 761 nam.
1330 685 1545 782 Quanquam
1586 706 1705 764 autem
1736 697 1859 765 adesse
1883 698 2149 788 poenitentiam

108 790 180 863 tuit
202 784 320 861 Deum
348 789 454 859 nobis
483 788 683 881 propicium
715 810 812 874 esse,
850 789 955 858 audet
986 802 1103 879 petere
1156 801 1316 879 oportet,
1340 802 1459 861 manen
1476 816 1550 862 non
1566 808 1617 866 eat
1637 797 1836 889 allingenda
1852 799 2012 870 conditio
2026 802 2146 892 digni-

115 906 145 959 et
170 904 372 983 expectaree
402 891 571 961 beneficia
610 903 757 964 caetera.
821 886 867 962 Et
896 891 1012 961 oritur
1044 890 1101 961 di·
1155 890 1236 961 tatis
1253 904 1406 965 nostrae.
1459 891 1536 964 lmo
1554 919 1634 964 cum
1652 899 1869 990 poenitentis
1894 916 2028 993 pugnet
2050 904 2145 976 fidu·

115 992 246 1078 lectio,
292 993 375 1088 quia
411 994 480 1063 iam
513 993 735 1082 agnoscimus
763 993 882 1063 Deum
919 1017 993 1062 nou
1027 1014 1101 1062 esse
1154 992 1365 1079 demeriti,
1403 995 1495 1067 sicut
1519 1013 1639 1071 monet
1669 1003 1822 1076 dictum:
1862 1001 1935 1093 Qui
1958 1004 2147 1095 gloriatur,

117 1094 286 1181 otiosum,
312 1108 352 1165 ut
373 1096 465 1165 ratio
488 1094 606 1184 fingit,
638 1118 702 1166 nec
727 1118 800 1165 esse
822 1090 978 1178 hostem,
1011 1118 1099 1188 qua·
1153 1094 1191 1163 iu
1206 1092 1364 1167 Domino
1381 1098 1563 1186 glorietur.
1630 1154 1633 1159 .

117 1196 252 1267 lernles
266 1198 494 1282 ostendebat,
518 1199 579 1267 sed
598 1219 672 1266 esse
691 1208 845 1288 patrem,
872 1197 935 1293 qui
953 1195 1099 1265 calami·
1254 1195 1328 1269 Cur
1364 1199 1473 1289 igitur
1512 1214 1660 1273 vocatur
1698 1205 1860 1277 merces?
1909 1204 2142 1301 Respondeas

118 1299 193 1371 tatis
208 1312 351 1372 nostrae
365 1300 612 1391 magnitudine
628 1298 793 1380 allicitur,
818 1312 853 1371 et
866 1323 932 1370 nos
947 1298 1100 1402 liberare
1151 1295 1301 1370 Etiamsi
1335 1303 1491 1373 donatur
1514 1316 1660 1396 propter
1682 1300 1865 1379 Christum
1893 1311 1965 1383 vita
1989 1318 2144 1400 aeterna,

117 1402 225 1494 rupit,
252 1403 314 1496 qui
331 1401 441 1473 iurat:
468 1399 563 1472 Vivo
587 1424 670 1492 ego,
695 1403 782 1471 nolo
804 1416 953 1473 mortem
975 1423 1098 1494 pecca·
1151 1412 1269 1471 tamen
1292 1400 1398 1473 simul
1422 1419 1624 1496 compensat
1648 1405 1787 1480 labores
1808 1423 1842 1482 et
1861 1432 2050 1486 aerumnas
2074 1439 2142 1487 no·

118 1504 276 1577 toriaetc.
328 1501 627 1603 llucmodocum
649 1502 873 1593 agnoscimus
896 1525 962 1573 nos
987 1502 1097 1595 recipi
1150 1517 1251 1579 atras.
1319 1502 1359 1574 ld
1382 1509 1426 1576 ad
1452 1507 1616 1578 vocabuli
1639 1509 1811 1581 rationem
1832 1514 1917 1585 satis
1939 1529 2010 1603 est,
2049 1517 2140 1595 sicut

117 1605 341 1697 ingratiam,
366 1622 400 1679 et
423 1606 602 1692 exaudiri,
625 1604 779 1677 vicissim
805 1606 926 1675 nosci
949 1605 1098 1676 subiici·
1150 1598 1464 1679 haereditassimul
1479 1609 1985 1704 compensatoilicishaeredis,
2002 1618 2139 1691 etiamsi

119 1730 209 1792 mus,
232 1724 269 1782 et
286 1711 491 1780 accenditur
514 1710 686 1803 quaedam
709 1709 926 1790 reverentia,
951 1730 1013 1777 seu
1034 1708 1096 1777 de·
1150 1720 1294 1809 propter
1312 1708 1418 1779 aliam
1436 1732 1576 1781 causam
1593 1713 1781 1805 contingit.
1831 1715 1900 1789 Sed
1926 1733 1978 1790 est
1996 1720 2137 1792 aliare·

115 1810 278 1879 siderium
302 1812 499 1905 quoddam,
526 1835 598 1905 quo
624 1810 854 1882 anteierimus
875 1807 991 1882 Deum
1017 1832 1095 1881 cae·
1149 1811 1293 1897 sponsio
1308 1812 1507 1904 simplicior
1523 1815 1708 1888 severior.
1761 1811 1911 1890 Phrases
1927 1820 2016 1911 legis
2034 1836 2136 1893 sons:

114 1913 192 1983 teris
216 1915 334 1987 rebus.
394 1912 494 1984 Talis
518 1912 729 1985 estdilectio
753 1913 791 1982 io
814 1908 880 1985 hac
903 1912 997 1999 vita,
1020 1934 1095 1981 non
1147 1907 1291 1984 Reddet
1311 1915 1504 2008 unicuique
1529 1916 1624 1988 iuxta
1648 1940 1755 2009 opera
1778 1940 1854 1992 sua.
1889 1919 2032 1995 ·ltem:
2063 1922 2136 1996 Co-

113 2018 234 2085 ardens
249 2031 289 2088 ιιι
303 2017 471 2103 debebat,
494 2017 555 2086 sed
571 2014 772 2091 imbecillis.
1147 2014 1246 2103 piosa
1259 2015 1327 2085 erit
1340 2038 1473 2105 merces
1499 2016 1536 2086 in
1558 2018 1676 2090 coelis.
1729 2017 1907 2115 Loquitur
1928 2025 2025 2095 enim
2045 2027 2135 2098 scri·

537 2183 662 2258 stud·
1148 2129 1250 2289 illm
1270 2141 1367 2288 'itt
1383 2119 1525 2291 ltili
1538 2120 2136 2318 1¹:323:dtt‘lltt⁰⁸'·tt.l{⁸”t

1215 2272 1224 2291 ·
1927 2253 1962 2296 Vl
2065 2283 2076 2314 ,

205 2316 398 2392 Obiiciunt
411 2334 443 2393 et
461 2343 591 2391 nomen
610 2318 793 2393 mercedis.
846 2315 929 2390 Vita
952 2331 1092 2390 aeterna
1147 2320 1233 2391 dicit
1256 2323 1388 2394 uostris
1412 2322 1606 2396 virtutibus
1626 2326 1704 2395 dari
1729 2329 1938 2403 mercedem.
2003 2330 2050 2401 At
2076 2331 2134 2400 in·

113 2437 256 2497 coeatur
268 2445 412 2505 merces,
438 2420 533 2514 Ergo
550 2424 643 2492 bona
660 2446 767 2515 opera
786 2434 969 2492 merentur
983 2421 1091 2491 vitam
1145 2424 1247 2491 terim
1267 2447 1307 2492 es
1324 2419 1520 2514 Evangelio
1543 2428 1727 2497 sciendum
1744 2443 1814 2510 est,
1840 2454 1908 2501 nos
1929 2453 2004 2501 esse
2022 2432 2133 2503 iustos

114 2541 300 2600 aeternam.
346 2523 427 2594 Non
445 2549 611 2619 quaeram
628 2538 769 2614 argutas
784 2522 1092 2615 interpretationes
1146 2547 1218 2592 noo
1249 2540 1367 2596 nostra
1400 2528 1592 2617 dignitate,
1632 2532 1692 2599 secl
1719 2530 1971 2622 imputatione:
2005 2548 2039 2605 et
2063 2534 2133 2605 lide

116 2628 292 2707 vocabuli,
318 2627 433 2697 iontes
449 2651 573 2698 causae
590 2628 870 2699 considerentur.
929 2622 1091 2694 Psalmus
1144 2627 1257 2718 accipi
1280 2628 1449 2697 beneficia
1472 2625 1628 2717 Christi,
1661 2656 1734 2700 nou
1760 2649 1904 2725 propter
1927 2635 2036 2726 ipsius
2057 2635 2131 2705 rir-

116 2730 241 2823 inquit:
275 2726 357 2797 Non
382 2729 492 2798 intres
514 2730 553 2797 in
577 2728 749 2798 iudicium
781 2750 862 2798 cum
888 2738 1091 2811 servo-tuo,
1145 2729 1229 2798 tutis
1249 2729 1476 2818 dignitatem,
1509 2735 1568 2802 sed
1596 2734 1679 2827 quia
1702 2734 1830 2804 nititur
1852 2735 1969 2806 alieno
1991 2736 2131 2819 merito,

117 2832 189 2927 quia
204 2854 278 2900 non
295 2828 543 2901 iustificabitur
558 2830 597 2900 in
612 2843 801 2922 conspectu
819 2839 882 2899 tuo
902 2826 1018 2898 omnis
1035 2826 1090 2895 vi·
1142 2830 1275 2900 scilicet
1294 2826 1440 2904 Christi.
1511 2831 1607 2904 Haec
1642 2849 1694 2907 est
1722 2837 1883 2928 expedita
1907 2850 1941 2909 et
1967 2862 2049 2908 vera
2072 2862 2130 2910 re-

116 2955 203 3010 eens.
262 2929 366 3001 ltem:
391 2929 529 3004 Delicta
549 2932 629 3024 quis
648 2929 841 3020 intelligit?
873 2927 995 3019 Quare
1015 2952 1087 2998 non
1142 2933 1305 3023 sponsio,
1332 2949 1366 3004 et
1382 2935 1460 3004 sine
1474 2931 1675 3029 sophistica.

116 3055 293 3128 possumus
316 3044 485 3119 statuere,
509 3056 575 3104 uos
599 3033 726 3104 mereri
749 3031 880 3102 uostris
897 3031 1089 3102 virtutibus
1626 3102 1635 3119 ‚
1689 3115 1694 3122 Ι

114 3140 212 3208 sitam
226 3150 425 3216 aeternam,
451 3158 514 3205 seu
530 3151 668 3207 nostras
682 3136 829 3205 virtutes
847 3154 921 3203 esse
935 3132 1087 3225 pretium
1575 3100 1698 3173 Alm‘l·

115 3242 196 3313 sitae
213 3252 387 3309 aeternae.
440 3234 492 3309 Ar
517 3260 623 3331 supra
649 3236 774 3329 collegi
793 3235 905 3308 multa
927 3235 1088 3306 testimo·
1241 3229 1384 3306 Addam
1408 3250 1441 3307 et
1465 3231 1688 3308 scholasticas
1712 3238 1881 3330 quasdam
1901 3241 2130 3330 obiectioues,

112 3343 181 3428 aia,
204 3364 297 3435 quae
310 3340 503 3412 ostendunt
516 3364 660 3411 manere
681 3339 720 3409 in
743 3337 875 3410 renatis
896 3352 1090 3430 peccatum,
1141 3358 1231 3430 quae
1247 3336 1437 3429 explicatae
1452 3339 1604 3409 mssltnm
1627 3339 1717 3409 lucis
1739 3341 1878 3412 addunt
1901 3338 1985 3414 huie
2004 3345 2131 3437 dispu-

114 3466 195 3539 quse
206 3437 402 3512 hicanimo
417 3441 587 3513 intuenda
603 3457 696 3514 sunt·
747 3437 793 3513 Et
816 3462 915 3511 suam
939 3439 1089 3533 quisque
1140 3438 1289 3524 tationi,
1319 3454 1353 3512 et
1376 3442 1554 3512 interdurn
1575 3454 1738 3513 exercent
1765 3457 1942 3527 argutos·
1985 3442 2129 3518 luaticis

113 3543 354 3617 eonsdeotiam
372 3545 553 3626 consulat,
581 3559 703 3615 astrum
720 3542 820 3614 malit
836 3541 964 3613 donari
979 3541 1088 3613 vitam
1140 3554 1192 3611 est
1208 3541 1410 3614 obedientia
1427 3566 1507 3633 erga
1524 3556 1632 3614 totam
1647 3545 1778 3635 legem:
1805 3542 1907 3615 Bona
1921 3570 2028 3638 opera
2045 3562 2128 3619 sunt
2165 3548 2169 3553 ’

113 3662 282 3720 aeternam
312 3659 457 3736 propter
480 3641 682 3730 Christum,
721 3668 769 3715 au
792 3668 878 3715 vero
902 3642 993 3714 solvi
1020 3666 1087 3735 pro
1140 3643 1342 3714 obedientia
1363 3667 1442 3734 erga
1465 3658 1577 3717 totam
1601 3647 1733 3736 legem,
1765 3642 1861 3735 Ergo
1884 3649 2128 3742 honisopeci·

114 3748 250 3823 neritis.
301 3746 512 3837 Languescit
533 3749 690 3819 studium
715 3763 810 3819 recte
831 3744 1002 3832 faciendi,
1028 3744 1086 3814 in·
1140 3744 1463 3820 buaiustibcamur.
1513 3745 1747 3839 Respondent
1780 3745 1943 3821 Primum
1965 3752 2127 3840 neganda

112 3852 217 3947 quies,
250 3849 279 3921 si
302 3850 409 3940 gratis
426 3851 553 3920 donari
572 3849 643 3921 vita
660 3848 957 3920 aeternadicitur.
1008 3843 1086 3918 lmo
1140 3861 1191 3916 est
1211 3847 1341 3922 minor.
1406 3847 1497 3918 Nam
1522 3849 1616 3920 bona
1637 3872 1745 3942 opera
1768 3874 1841 3919 non
1867 3865 1951 3923 srsnt
1972 3853 2126 3943 perfecta

113 3952 300 4048 desperatio
323 3952 433 4043 magis
455 3953 617 4024 debilitat
641 3953 798 4023 studium
815 3948 1085 4023 rectel'aeieudi.
1140 3948 1341 4019 obedientia
1364 3972 1444 4040 erga
1467 3951 1602 4041 legem,
1632 3953 1715 4046 quia
1740 3967 1865 4022 natura
1889 3949 2044 4023 humana
2069 3954 2127 4024 re·'

112 4050 247 4127 Necesse
269 4067 321 4125 est
341 4054 436 4123 e'nim
458 4055 739 4153 desperareeos,
765 4052 825 4147 qui
845 4051 1087 4141 imaginantur
1137 4063 1272 4141 pugnat
1286 4050 1354 4142 legi
1371 4050 1448 4126 Dei.
1497 4051 1639 4123 Deinde
1658 4055 1702 4124 ad
1721 4054 1890 4125 maiorem
1907 4058 2125 4147 respondent

111 4180 164 4248 pro
184 4156 324 4229 meritis
345 4156 424 4227 dari
445 4156 553 4228 vitam
575 4167 766 4226 aeternam.
824 4152 866 4226 ld
889 4153 1084 4245 periculum
1137 4151 1260 4222 Maior
1280 4168 1332 4224 est
1352 4178 1453 4244 vera,
1479 4156 1524 4224 de
1547 4155 1684 4226 iusticia
1706 4156 1806 4247 legis.
1871 4155 1961 4226 Nam
1984 4156 2125 4229 iusticia
2212 4238 2219 4249 g

111 4256 396 4355 etprudentinres
412 4272 526 4348 patres
542 4259 721 4332 videmnt.
773 4254 859 4328 ldeo
877 4256 1007 4326 diserte
1026 4254 1084 4323 di·
1136 4253 1224 4344 legis
1245 4268 1297 4325 est
1313 4256 1513 4327 obedientia
1539 4280 1619 4347 erga
1642 4270 1750 4328 totam
1775 4257 1899 4347 legem.
1951 4257 2124 4352 Sed-quis

108 4376 181 4434 sort
202 4361 428 4453 Augustinus
450 4373 484 4430 et
508 4354 756 4431 Bernhardus:
797 4355 919 4429 Gratis
940 4368 1085 4449 propter
1137 4350 1229 4425 hanc
1260 4379 1335 4428 nun
1370 4373 1607 4449 praestamus,
1639 4359 1720 4428 ideo
1748 4356 1984 4449 Evangelium
2018 4361 2124 4432 offert

106 4460 279 4537 Christum
296 4463 373 4533 dari
392 4462 500 4532 vitam
517 4476 694 4532 aeternam
710 4460 878 4534 credenti.
930 4457 1032 4531 Sicut
1050 4471 1083 4528 et
1134 4458 1322 4547 gratuitam
1338 4460 1609 4552 imputationem
1631 4460 1810 4547 iusticiae,
1834 4461 1926 4533 sicut
1941 4475 1975 4532 et
1991 4461 2124 4532 Paulus

105 4560 228 4637 Paculus
253 4563 388 4656 inquit:
422 4560 567 4633 Donum
591 4560 657 4635 Dei
683 4576 735 4635 est
762 4565 834 4634 vita
857 4575 998 4632 seterna
1019 4584 1084 4652 per
1135 4561 1300 4630 admonet
1324 4585 1389 4631 ιιοι
1418 4565 1461 4631 de
1487 4563 1595 4633 verbo
1618 4563 1873 4654 imputationis.
1933 4560 2030 4632 Haec
2057 4567 2122 4634 ob-

105 4664 277 4741 Chcistum
298 4665 410 4735 lesum
426 4663 622 4736 Dominum
638 4680 810 4737 nostrum.
862 4662 936 4734 Ner
951 4677 1002 4732 est
1024 4663 1081 4731 in·
1135 4662 1239 4732 iectio
1254 4664 1447 4734 admodum
1465 4663 1562 4734 utilis
1586 4677 1655 4750 cst,
1679 4679 1852 4736 monstrat
1875 4664 1971 4736 enim
1996 4667 2123 4735 discri-

104 4785 231 4844 tectum
255 4769 403 4841 donum.
462 4765 533 4840 Sed
555 4768 655 4839 Deus
682 4766 868 4861 praecipit,
894 4779 935 4836 ut
960 4766 1081 4836 creda·
1135 4786 1215 4832 men
1242 4764 1400 4837 iustitiae
1425 4765 1513 4855 legis
1535 4778 1570 4837 et
1590 4764 1789 4855 Evangelii.
1840 4763 2013 4839 Ostendit
2034 4766 2122 4837 alibi

103 4897 171 4945 nus
185 4893 255 4942 noa
270 4882 367 4940 certo
382 4884 585 4960 accepturos
597 4894 669 4941 esse
679 4870 788 4940 vitam
803 4881 980 4938 aeternam
997 4890 1081 4959 prn-
1133 4865 1237 4935 aliter
1258 4865 1423 4958 usurpari
1445 4868 1658 4940 vocabulum
1682 4870 1852 4940 iusticias.
1928 4868 1969 4939 ld
1996 4870 2122 4940 ieiellit

101 4990 171 5066 pter
191 4970 399 5064 Christum,
429 4970 527 5043 iusta
550 4973 640 5043 illud
663 4970 807 5042 loannis
824 4970 877 5044 6.:
911 4966 1009 5039 Haec
1029 4981 1080 5040 eat
1132 4965 1411 5040 Sententiarins:
1452 4969 1623 5064 quicum
1655 4972 1694 5039 in
1723 4971 1913 5043 Aristotele
1944 4971 2122 5062 legissent,

99 5079 259 5151 voluntas
284 5074 412 5168 patris,
453 5088 493 5146 ut
514 5075 633 5146 omnis
665 5075 726 5168 qui
751 5073 863 5144 credit
892 5074 930 5141 in
953 5070 1080 5157 blium,
1132 5069 1305 5141 iusticiam
1346 5072 1544 5161 significare
1582 5073 1817 5143 universalem
1861 5073 2121 5159 obedientiam,

99 5175 219 5255 habest
235 5179 346 5249 vitam
366 5189 559 5248 aeternam.
609 5175 693 5246 Non
713 5187 830 5245 autem
853 5172 969 5244 existit
993 5168 1080 5243 haee
1130 5172 1353 5245 somniansnt
1369 5175 1463 5243 idem
1480 5175 1517 5243 in
1532 5170 1720 5268 Prophetis
1734 5187 1769 5246 et
1785 5174 1968 5265 Apostolis
1983 5175 2120 5270 ubique

95 5282 270 5356 idessioe
292 5279 527 5371 poenitentia,
552 5303 593 5349 ac
613 5278 700 5348 bdes
723 5278 884 5349 intuetur
900 5289 1079 5370 utranque
1131 5272 1332 5363 significari.
1390 5273 1700 5371 Psalmuainquit:
1734 5274 1876 5347 Iusticia
1896 5290 1958 5347 tua
1980 5278 2118 5350 exulta

92 5408 231 5474 vom,
257 5382 439 5455 videlicet:
464 5379 557 5454 Vivo
574 5404 658 5474 ego,
682 5380 769 5452 nolo
786 5393 935 5477 mortem
951 5400 1074 5471 pecca·
1129 5375 1232 5449 bunt.
1296 5374 1367 5449 llic
1387 5401 1462 5450 nou
1496 5378 1668 5470 signifieat
1692 5377 1939 5452 Aristotelicas
1961 5379 2121 5470 virtutes,
