4522 5782
113 176 223 265 md
345 180 449 275 xltt
499 181 535 258 6.
561 180 864 265 ENARPthlO
890 188 1045 269 aetat.
1072 188 1223 267 PAULI
1242 191 1319 267 AD
1345 186 1699 268 COLOSSENSES.
1751 191 1858 267 CAP.
1886 191 1934 271 ll.
2059 200 2155 275 nso

113 388 122 417 ι
222 351 294 425 Sed
312 378 376 425 cnr
397 356 517 450 inquit
531 355 683 445 Paulus,
708 363 921 435 traditiones
944 362 1118 440 humanas
1273 364 1452 456 Opportet
1476 366 1513 436 in
1531 360 1686 435 Ecclesia
1712 386 1791 451 esse,
1801 366 1984 453 ordinem,
2010 384 2049 439 nt
2064 369 2157 442 Pau-

113 454 272 545 speciem
298 452 429 529 habere
451 461 644 552 sapientiae
674 460 851 536 humanae
873 491 935 538 seu
958 484 1119 556 praeter·
1170 469 1224 538 lus
1245 471 1382 564 iuquit:
1410 464 1545 538 Omnia
1571 468 1696 534 decore
1718 480 1751 537 ει
1775 471 1901 536 ordine
1926 470 2013 543 fiant
2035 472 2074 543 in
2089 470 2160 546 Ec·

115 570 199 643 tus,
224 560 287 653 qui
302 560 479 652 sapienter
494 565 637 654 cogitati
657 568 844 652 videntur,
871 595 952 639 eum
970 572 1008 640 in
1023 574 1117 642 mol-
1155 573 1281 644 alesia.
1334 568 1430 657 Ergo
1450 585 1606 660 pastores
1623 583 1769 658 possunt
1786 572 1936 641 condere
1951 575 2099 647 decreta.

115 657 328 731 sterilibus
349 663 534 736 manifesta
556 667 602 738 sit
623 670 813 739 crudelitas
837 695 896 742 seu
920 675 1116 762 turpitudo,
1266 674 1479 767 Respondeo
1501 675 1544 741 ad
1562 694 1795 760 cottsequens:
1823 668 1974 744 Possunt
1992 680 2078 747 boni
2095 704 2154 749 or-

114 761 215 830 utin
231 764 441 834 mactatione
458 762 665 852 homiuum,
692 772 731 839 in
748 768 1049 863 Bacchanalibus,
1075 778 1112 846 in
1165 778 1261 848 dinis
1289 802 1389 847 causa
1426 776 1667 845 consentiente
1690 768 1846 841 Ecclesia
1882 774 2000 866 aliqua
2031 781 2155 850 lectio-

116 865 274 953 stupris,
313 864 425 937 multa
450 869 535 939 item
561 872 746 944 manifesta
770 878 972 962 mendacia,
1014 892 1054 950 ut
1077 880 1113 947 in
1166 905 1250 950 num
1269 896 1328 950 aut
1344 884 1512 950 festorum
1528 873 1733 945 discrimina
1750 876 1966 959 lacere,·sed
1983 881 2058 949 sine
2074 884 2155 971 opi-

114 966 329 1037 adoratione
345 981 559 1051 statuarum,
585 975 700 1045 autin
718 977 924 1048 adoratione
950 982 1051 1071 panis
1075 983 1112 1050 in
1163 985 1271 1054 nione
1296 984 1412 1053 cultus
1435 999 1467 1048 et
1490 982 1566 1049 sine
1583 977 1753 1063 opinione
1770 978 1995 1048 ”²⁰⁰⁸⁸5¹³¹5⁸·
2047 980 2153 1074 ΡθΡῑ·

113 1067 469 1169 nirtttmgestatione,
496 1098 600 1167 quern
618 1077 754 1165 fingunt
770 1078 883 1148 Deum
904 1082 1002 1151 esse?
1039 1082 1114 1155 Rr-
1162 1101 1234 1156 stae
1258 1099 1373 1155 autem
1397 1085 1532 1152 addunt
1559 1082 1663 1151 falsas
1688 1078 1876 1164 opiniones
1898 1082 2014 1151 cultus
2039 1099 2070 1153 ot
2088 1110 2152 1155 ne·

114 1173 298 1261 spondeo:
335 1171 510 1249 Paulatim
540 1178 584 1244 ad
608 1180 816 1250 absurdiora
846 1185 977 1271 gradus
1010 1185 1112 1265 lirant,
1162 1189 1339 1260 cessitati's.
1393 1182 1467 1255 Has
1489 1186 1592 1253 falsas
1615 1181 1801 1269 opiniones
1829 1194 2002 1254 laxasset
2028 1188 2152 1257 tollere

116 1269 224 1343 initia
245 1287 362 1343 autern
389 1291 423 1345 et
445 1278 581 1350 semina
609 1282 727 1350 miuus
753 1284 1040 1373 conspiciuntur,
1073 1301 1110 1356 ut
1161 1313 1300 1360 necesse
1325 1304 1393 1375 est,
1420 1311 1509 1382 qtrae
1532 1289 1715 1355 adduntur
1736 1283 1829 1352 dicto
1852 1281 2004 1353 Petelino
2026 1303 2151 1359 eontra

115 1373 270 1446 dicitur:
296 1374 388 1447 Dato
404 1402 477 1447 arno
494 1380 758 1454 inconvenienti
776 1386 886 1455 multa
902 1403 1110 1477 sequuntur.
1161 1394 1330 1482 regulam,
1349 1416 1439 1483 qtrae
1455 1403 1548 1460 vetat
1565 1390 1644 1480 plus
1659 1407 1732 1452 εδει·
1744 1385 1782 1452 fn
1799 1386 2027 1485 ron-elusione
2042 1415 2149 1483 quam

113 1473 262 1565 Augent
278 1480 372 1546 enim
390 1481 523 1550 diaboli
543 1484 679 1552 furores
696 1484 734 1553 in
753 1489 882 1576 impiis.
934 1487 1111 1585 Loquitur
1161 1496 1198 1563 in
1224 1496 1435 1586 praemissis.

113 1596 203 1675 ergo
229 1574 361 1649 Paulus
384 1583 428 1650 de
454 1584 591 1663 mttltis,
634 1610 724 1679 quae
747 1589 865 1659 minos
891 1585 1022 1664 habeut
1047 1597 1107 1661 ab·
1261 1596 1402 1686 Species
1422 1590 1614 1680 sapientiae
1637 1599 1688 1655 0⁸1
1711 1600 1745 1658 ‘l
1769 1584 1940 1659 Ossiflndrl
1966 1594 2150 1685 grandilo-

114 1679 320 1763 aurditatis,
359 1697 399 1752 ut
422 1683 525 1756 initio
553 1688 715 1758 utilitatis
742 1714 845 1760 causa
877 1695 1108 1766 constitutum
1159 1701 1324 1791 quentia,
1352 1721 1441 1792 quae
1459 1692 1577 1762 obruit
1595 1690 1793 1759 doctrinam
1815 1687 2001 1782 Evangelii
2024 1699 2068 1765 de
2091 1699 2148 1767 iu·

115 1795 192 1861 est,
215 1795 256 1851 ut
280 1796 349 1852 tres
374 1799 490 1857 esseut
506 1789 684 1881 praecipui
700 1786 886 1884 Episcopi,
911 1792 1110 1880 Romanus,
1158 1802 1255 1869 stiria
1278 1802 1370 1871 fidei.
1423 1796 1495 1866 Nos
1512 1794 1728 1862 affirmamus
1745 1792 1781 1859 in
1799 1786 1865 1861 bae
1881 1796 2006 1863 misera
2030 1793 2148 1867 homi.

112 1879 536 1977 Constantinopolitanus
578 1906 611 1961 et
644 1893 915 1981 Alexandinus,
956 1922 1107 1990 quorum
1158 1927 1244 1971 utrm
1274 1916 1400 1972 natura
1432 1919 1559 1984 magna
1591 1907 1767 1982 peccata,
1789 1907 1823 1963 et
1851 1918 1994 1985 magnas
2024 1903 2147 1973 sordes

114 1985 250 2072 singuli
273 1983 444 2060 haberent
466 1994 690 2064 autoritatem
714 2000 936 2068 convocandi
953 2003 1108 2093 synodos
1158 2027 1321 2088 manere,
1348 1995 1484 2073 etiamsi
1506 2011 1648 2065 renatus
1672 2010 1811 2083 accepta
1834 1998 2042 2068 remissione
2064 2010 2159 2094 per-'

115 2087 331 2168 vicinorum,
356 2104 389 2160 et
406 2106 444 2163 ut
461 2095 503 2162 ad
522 2119 580 2164 eos
597 2098 691 2166 fieret
709 2102 1106 2191 provocatioavicinis.
1158 2120 1315 2176 catorum
1345 2103 1536 2195 perfidem
1566 2100 1677 2168 lactus
1703 2110 1754 2166 est
1785 2099 1956 2187 templum
1980 2099 2070 2187 Dei,
2113 2119 2147 2177 ει

112 2188 189 2261 Hic
218 2189 463 2263 triumviratus
500 2191 655 2269 humano
689 2200 767 2269 iure
801 2204 1012 2274 constitutus
1045 2218 1106 2289 est,
1158 2233 1238 2277 vere
1254 2209 1293 2277 in
1310 2231 1351 2276 co
1368 2203 1526 2275 accendit
1542 2203 1634 2270 lilius
1651 2223 1780 2267 novam
1795 2200 1908 2269 lucem
1926 2226 2012 2271 voce
2025 2202 2146 2275 Evan-

112 2305 150 2360 et
171 2302 256 2360 tunc
277 2293 413 2364 utilitas
435 2301 547 2369 movit
570 2302 735 2392 synodos.
787 2300 912 2374 Postea
930 2329 1014 2374 vero
1030 2303 1106 2377 Ro·
1157 2310 1260 2397 gatti,
1287 2323 1320 2378 et
1338 2311 1419 2377 dato
1435 2304 1569 2389 Spiritu
1586 2315 1966 2372 sanc10n⁰v⁰⁸m⁰l¹¹⁸
1983 2304 2020 2372 5¹¹
2039 2311 2145 2379 corde

112 2415 245 2463 mantas
259 2391 354 2487 Papa
377 2398 488 2468 multa
507 2404 687 2492 tyrannice
712 2404 869 2490 affinxit,
897 2430 933 2476 se
954 2406 1031 2476 iure
1050 2407 1107 2475 di·
1156 2413 1234 2482 ciet.
1286 2410 1435 2501 Semper
1456 2408 1565 2497 igitur
1582 2405 1619 2472 iu
1646 2399 1712 2472 har
1731 2404 1802 2473 vita
1820 2408 1970 2474 tenenda
1987 2422 2038 2478 est
2056 2435 2143 2480 con·

114 2492 206 2564 vino
223 2518 400 2567 stimmum
418 2523 490 2569 esse
507 2497 785 2596 Episcoporum,
807 2502 936 2577 babere
954 2523 1106 2598 potesta·
1155 2512 1302 2597 solatio,
1330 2524 1472 2582 renatos
1488 2508 1598 2577 iustos
1615 2528 1709 2580 esse,
1736 2506 1772 2572 id
1796 2519 1864 2590 est,
1891 2522 2051 2598 acceptos
2066 2510 2142 2583 Deo

111 2610 190 2665 tem
208 2599 385 2668 condendi
401 2604 562 2691 dogmata
579 2619 610 2675 et
629 2610 756 2689 cultus,
772 2604 950 2681 sehabere
966 2625 1106 2681 utrum·
1156 2629 1302 2706 propter
1324 2614 1553 2683 mediatorem
1577 2633 1640 2698 per
1662 2607 1938 2677 misericordiam
1964 2612 2038 2680 sola
2063 2615 2142 2696 lide,

113 2722 190 2791 qne
203 2699 380 2789 gladium,
406 2705 561 2798 denique
580 2723 619 2780 ut
641 2710 679 2782 lit
697 2713 733 2780 in
750 2712 860 2793 aulis,
886 2713 988 2782 multi
1006 2738 1105 2802 prae·
1155 2719 1245 2801 sicut
1261 2716 1376 2789 David
1401 2714 1534 2807 inquit:
1559 2709 1640 2780 Non
1665 2709 1913 2779 iustificabitur
1935 2712 1973 2779 in
1995 2737 2144 2806 conspe-

111 2800 317 2889 stigiatores
352 2804 428 2874 siue
462 2811 569 2880 modo
597 2814 899 2903 amplificaverunt
934 2815 1105 2886 autorita-
1155 2819 1427 2891 ctutuoomuis
1449 2816 1583 2884 vivens.
1633 2808 1900 2881 HicOsiander
1921 2817 2141 2902 magnificam

111 2914 188 2973 tesn
212 2905 440 2992 pontificiam.
491 2910 585 2979 Ante
602 2938 732 3003 paucos
755 2937 867 2984 anuos
890 2917 1106 3006 scripserunt
1155 2923 1304 3009 speeiem
1323 2918 1516 3006 sapientiae
1532 2914 1692 3005 opponit.
1744 2911 2142 2991 SolosDeusestiusti-

112 3000 306 3090 mouachi‚
339 3009 556 3080 oblationem
580 3013 619 3082 in
638 3014 750 3084 Missa
773 3019 900 3086 mereri
925 3019 1106 3090 remissio·
1154 3024 1226 3108 cia,
1251 3018 1347 3111 Ergo
1364 3018 1498 3090 babens
1513 3015 1642 3099 Deum,
1665 3010 1772 3085 habet
1789 3015 1974 3089 iusticiam.
2011 3016 2061 3089 lta
2079 3025 2142 3089 ab·

112 3129 201 3175 nem
228 3122 450 3196 peecatorum
475 3137 516 3182 ex
538 3139 642 3203 opere
664 3132 821 3208 operato.
894 3119 932 3189 ld
959 3144 1037 3189 cum
1060 3120 1106 3190 sit
1153 3127 1253 3197 ducit
1278 3120 1443 3194 homines
1466 3146 1484 3188 a
1510 3131 1698 3207 conspectu
1730 3117 1953 3200 mediatoris,
1992 3133 2026 3191 et
2048 3123 2141 3195 delet

112 3207 305 3278 manifeste
325 3214 537 3300 absurdum,
581 3242 676 3287 nunc
699 3235 774 3290 arte
801 3235 923 3310 tegunt
947 3237 980 3310 et
1005 3246 1104 3291 vere·
1153 3229 1278 3310 fidem,
1310 3227 1444 3305 idest,
1482 3221 1646 3290 fiduciam
1668 3219 1948 3303 misericordiae,
1983 3235 2016 3292 et
2039 3223 2143 3297 docet

111 3309 271 3379 cundius
291 3310 508 3406 loquuntur,
541 3333 574 3389 et
599 3333 717 3389 tamen
747 3346 895 3393 nervum
920 3323 1106 3393 idolatriae
1154 3325 1507 3399 bominesconlidere
1526 3323 1563 3390 in
1584 3321 1726 3413 propria
1744 3321 1914 3407 novitate,
1940 3345 2047 3415 quam
2063 3326 2139 3395 etli-
2169 3370 2176 3383 ·

116 3410 298 3493 retinent,
332 3432 365 3485 et
381 3417 490 3487 multa
507 3421 655 3491 alienas
680 3426 779 3493 rede
805 3425 983 3495 sacrificiis
1007 3439 1040 3495 et
1063 3428 1107 3494 dc
1152 3430 1199 3503 cit
1213 3426 1321 3503 Deus.
2043 3504 2047 3512 .

107 3508 315 3611 κακοζηλίᾳ
347 3517 585 3590 Leviticorum
627 3527 877 3597 sacrificiorum
913 3527 1106 3609 cumulant,
1252 3528 1318 3602 Est
1334 3529 1441 3618 igitur
1455 3524 1660 3615 imaginatio
1677 3518 1849 3593 Osiandri
1866 3529 2086 3617 corruptela,
2106 3545 2141 3604 et

110 3638 208 3711 quae
225 3634 399 3688 ornantur
416 3625 551 3704 verbis,
578 3641 613 3695 ut
633 3630 677 3694 de
693 3623 882 3716 sophistica
901 3652 1023 3697 verum
1041 3649 1104 3708 est,
1126 3646 1131 3657 '
1152 3659 1226 3704 non
1251 3646 1301 3703 est
1330 3624 1556 3726 λογομαχία,
1591 3628 1650 3694 sed
1682 3626 1796 3716 reipsa
1827 3626 1965 3725 tollitur
1988 3654 2029 3698 ex
2054 3655 2140 3701 rou-

112 3721 214 3813 quod
233 3721 318 3791 dicit
336 3718 526 3811 Euripides
543 3729 578 3795 in
599 3728 814 3825 Hippolyto:
842 3727 878 3804 οἱ
895 3726 1001 3803 καλοὶ
1021 3726 1106 3802 λίαν
1153 3749 1270 3821 speetu
1289 3733 1449 3802 doctriua
1468 3726 1662 3821 Evangelii.
1688 3741 1723 3797 ‘t
1739 3741 1880 3794 ’ΜΕΝ
1899 3724 2061 3800 immin&
2079 3734 2139 3804 3¹¹³

111 3813 221 3919 λόγοι
242 3837 403 3896 evertunt
427 3827 514 3894 bruc
538 3831 720 3901 ordinatas
745 3835 860 3906 urbes.
914 3834 995 3903 ldeo
1015 3831 1106 3901 Pau·
1127 3790 1132 3911 i
1153 3829 1338 3927 θαύματα
1358 3825 1553 3927 ῥημάτων,
1591 3830 1730 3901 lautitia
1756 3829 1968 3907 essentialis.
1996 3846 2027 3900 et
2053 3828 2139 3905 baec

114 3927 174 3995 los
205 3918 262 3992 bic
294 3926 434 4018 inquit,
474 3924 603 4001 habere
633 3935 841 4004 traditiones
864 3939 1014 4025 speciem
1044 3958 1105 4003 seu
1127 3917 1132 3947 ¹
1154 3939 1287 4031 species
1303 3935 1514 4029 sapientiae:
1541 3933 1647 4005 Solos
1663 3931 1758 4000 Deus
1781 3945 1831 4000 est
1856 3929 2010 4018 iusticia,
2045 3940 2140 4027 qttod

113 4040 334 4118 praetextum
354 4030 556 4117 sapientiae.
608 4034 668 4108 Sic
690 4039 783 4105 enim
810 4041 1022 4128 interpretor
1044 4028 1104 4106 λό·
1155 4066 1276 4111 verum
1295 4051 1346 4108 est
1362 4039 1406 4106 de
1422 4060 1482 4105 sua
1501 4036 1638 4105 iusticia
1653 4050 1812 4115 aeterna,
1838 4046 1870 4101 el
1888 4032 2058 4106 immensa
2081 4038 2140 4109 in·

111 4153 208 4226 year,
245 4132 343 4219 quasi
372 4133 490 4221 dicas,
533 4134 649 4206 Verba
675 4164 748 4208 uon
779 4165 871 4219 rem,
914 4156 954 4211 ot
977 4136 1104 4207 Graeci
1155 4144 1314 4228 dicante,
1341 4153 1502 4208 servante
1525 4151 1558 4207 et
1582 4138 1792 4218 damuante,
1819 4135 2035 4209 detonteet
2058 4165 2139 4232 per-

114 4231 246 4301 usitate
268 4235 313 4299 de
331 4234 427 4302 falsis
456 4240 692 4326 praetextibus
721 4244 862 4312 dicunt:
896 4237 1004 4336 λόγος
1029 4235 1106 4311 ἐστὶ
1155 4241 1496 4314 fectiooeiusticiae.
1548 4235 1595 4307 Et
1619 4236 1724 4305 simul
1749 4238 1943 4327 propositio
1968 4265 2048 4309 vera
2071 4256 2138 4315 est:

113 4327 182 4405 καὶ
204 4327 407 4427 πρόφασις,
435 4337 470 4405 id
495 4354 564 4424 est,
588 4345 694 4412 verba
713 4359 793 4415 sunt
816 4344 889 4413 non
910 4368 982 4427 res,
1007 4343 1104 4410 aliud
1155 4342 1372 4415 Obedientia
1396 4342 1460 4410 lilii
1485 4354 1536 4410 est
1559 4341 1716 4421 iusticia,
1751 4362 1839 4429 quae
1863 4362 1927 4429 pro
1959 4344 2063 4413 nobis
2089 4360 2140 4417 est

115 4437 339 4519 ostenditur,
366 4440 461 4507 aliud
486 4443 619 4527 agitur,
652 4460 689 4514 ut
715 4471 794 4517 cum
817 4446 966 4515 Carolus
990 4444 1105 4536 impe·
1155 4449 1324 4538 pretium,
1369 4459 1402 4514 et
1427 4459 1478 4513 est
1501 4444 1710 4523 constituta,
1747 4452 1787 4509 ¹¹²
1817 4440 1861 4511 ⁸3¹
1889 4442 2140 4534 'illaillsslcits

116 4551 216 4607 rator
231 4537 419 4611 simulabat
436 4565 473 4611 se
489 4543 621 4612 bellum
644 4547 774 4617 inferre
798 4549 929 4618 uostris
951 4571 1023 4616 nou
1048 4569 1104 4613 re·
1155 4564 1428 4640 propterquam
1451 4569 1517 4613 nos
1538 4545 1620 4612 iusti
1646 4557 1679 4612 et
1700 4542 1830 4630 accepti
1859 4542 1980 4619 simus,
2047 4545 2139 4618 Cum

115 4639 262 4729 ligiouis
293 4665 412 4727 causa,
452 4637 560 4743 λόγος
585 4638 633 4739 ἦν
659 4645 723 4720 καὶ
753 4643 955 4746 πρόφασις,
998 4649 1103 4718 verba
1155 4675 1236 4738 ergo
1269 4651 1430 4720 additur:
1462 4646 1605 4716 Habens
1637 4641 1772 4724 Deum,
1812 4640 1918 4714 habet
1952 4649 2140 4736 iusticiam,

117 4756 221 4811 erant
245 4754 278 4811 et
305 4759 511 4833 praetextus.
564 4748 625 4818 Sic
647 4751 805 4846 loquitur
831 4748 1040 4822 Plutarchus
1067 4751 1104 4817 iu
1155 4754 1330 4841 intelligas
1346 4764 1519 4844 quatenus
1535 4744 1657 4830 babet,
1678 4760 1717 4815 ut
1733 4746 1762 4813 si
1780 4747 1890 4814 dicas:
1918 4747 2023 4821 Solus
2039 4752 2139 4821 Deus

114 4840 292 4914 Eumene.
358 4844 406 4917 Ut
437 4863 553 4919 autem
584 4853 626 4919 ad
663 4855 863 4943 praestigias
897 4852 1104 4945 sophisticas
1155 4855 1414 4932 estfortitudo,
1449 4848 1545 4939 Etg⁰
1571 4845 1705 4937 habant
1727 4849 1996 4931 f⁰rlll⁰dlss⁰ffls
2033 4847 2139 4924 habel

116 4959 199 5036 apte
221 4962 253 5017 et
276 4949 460 5038 perspicue
484 4955 758 5042 respondeatur,
784 4972 964 5049 utrunque
985 4978 1104 5025 neces·
1154 4956 1281 5028 Deum.
1341 4953 1506 5024 Concedo
1531 4965 1705 5041 quatenus
1726 4945 1852 5035 habet,
1878 4963 1918 5020 ¹¹¹
1940 4947 2141 5025 Alexander

118 5049 253 5120 sarium
278 5063 348 5131 est,
378 5076 482 5121 nosse
505 5057 621 5123 sontes
639 5080 757 5125 earum
775 5060 1039 5142 doctrinarum,
1064 5083 1105 5126 ex
1154 5059 1291 5128 sortiter
1309 5055 1485 5146 praelians
1500 5050 1798 5136 armaturaDeo,
1822 5052 1883 5119 sed
1906 5076 1978 5122 nun
1996 5068 2140 5148 propte·
2216 5122 2223 5131 .

113 5151 247 5247 quibus
263 5154 407 5220 materia
427 5156 675 5247 disputationis
697 5160 864 5239 sumitur,
892 5173 926 5230 et
943 5183 1016 5230 nou
1032 5183 1106 5231 esse
1153 5184 1212 5229 rea
1233 5161 1347 5229 iustus
1368 5170 1430 5231 est.
1483 5155 1533 5227 lta
1548 5158 1688 5227 novitas
1702 5167 1753 5223 est
1770 5173 1859 5242 opus
1875 5148 1960 5240 Dei,
1986 5170 2020 5227 et
2036 5180 2141 5229 rena-

116 5257 246 5325 rudem
264 5253 474 5340 dialectices,
491 5273 530 5328 ut
547 5284 626 5328 cum
642 5261 838 5331 defendunt
854 5259 1017 5352 Papistae
1032 5275 1106 5333 tra·
1153 5276 1210 5332 tus
1226 5258 1332 5333 habet
1349 5257 1484 5343 Deum,
1509 5260 1567 5328 sed
1586 5259 1654 5337 ita,
1678 5267 1718 5324 ut
1741 5255 1840 5344 prius
1860 5256 2006 5351 arripiat
2021 5259 2142 5357 impu·

113 5356 269 5428 ditiones
285 5352 473 5444 humanas,
500 5354 608 5460 λόγος
625 5357 690 5433 καὶ
709 5356 894 5461 πρόφασις
909 5376 972 5440 εει.
1154 5375 1260 5436 tatam
1276 5360 1611 5455 iusticiam'propter
1627 5357 1740 5428 lilium
1756 5355 1836 5428 fide.

170 5461 358 5535 Meum.
378 5463 481 5532 Orsa.
510 5462 596 5538 Vos..
614 5466 695 5542 XV.
1306 5463 1356 5539 80
