4522 5782
107 216 185 295 m
489 200 493 209 ’
696 188 1537 275 entussunscmerauxnouuot.
1807 190 1832 209 ¹·
2071 196 2145 275 seo

113 387 271 482 exempla
296 379 448 457 studiosi
469 369 737 471 deprehendent
764 369 805 442 in
837 370 991 446 lectione
1014 369 1107 445 Pro·
1161 398 1241 448 mus
1253 370 1395 459 Deum,
1419 373 1481 446 sed
1496 372 1603 445 etiam
1618 395 1685 447 nos
1700 373 1835 469 abipso
1849 372 1952 469 diligi
1965 373 2150 463 credimus,

113 489 314 589 phetarum.
372 484 461 557 Non
490 482 618 572 ignoro
649 490 788 564 autem,
825 499 927 568 posse
960 473 1111 572 reperiri
1163 500 1370 575 quanquam
1401 476 1651 572 multipliciter
1682 500 1781 566 reos,
1823 491 1857 551 et
1882 478 1988 551 nobis
2014 482 2148 573 peccata

114 591 319 690 praestigias
337 590 380 659 ad
399 585 574 658 eludenda
591 577 678 652 haec
694 580 907 652 testimonia.
960 579 1006 652 Et
1020 581 1112 651 mira
1161 580 1320 668 remitti,
1345 593 1380 652 et
1400 573 1460 652 hic
1477 581 1595 652 cultus
1609 581 1845 671 praestantior
1858 596 1910 656 est
1923 581 2090 667 caeteris,
2112 603 2148 653 ae

115 719 213 768 nune
236 706 289 763 est
319 689 544 782 ingeniorum
573 683 788 776 petulantia,
828 683 890 751 alii
917 679 1111 774 reprehen·
1162 683 1274 774 magis
1296 681 1470 774 glorificat
1485 677 1623 771 Deum,
1648 707 1756 778 quam
1777 684 1905 756 caeteri
1927 684 2046 755 cultus
2069 705 2147 775 opa-

118 801 205 869 dent
222 792 310 867 haec
326 791 541 873 ambitione,
567 785 628 857 alii
649 784 917 870 malevolentia,
941 786 1004 855 alii
1025 784 1109 855 odio
1162 810 1264 872 rum,
1285 799 1327 858 ut
1348 808 1424 857 non
1450 785 1586 871 iurari,
1618 808 1693 856 non
1715 785 1887 857 occidere.
1946 781 2029 857 Etsi
2051 807 2147 878 saepe

118 921 225 971 verae
247 895 398 988 pietatis.
453 889 525 963 Sed
546 912 610 959 oro
636 901 669 957 et
687 888 844 957 obtestor
859 886 936 978 pios
951 888 1112 973 lectores,
1163 885 1437 984 chrysostomus
1459 888 1672 959 extrariam
1697 888 1825 970 currit,
1859 901 1979 960 tamen
2005 882 2076 959 hoc
2097 888 2146 957 di·

118 1015 160 1074 nt
174 996 267 1071 hanc
280 993 606 1088 interpretationem
628 989 818 1079 diligenter
833 991 1051 1081 expendant,
1077 1000 1112 1060 et
1164 1005 1260 1064 ctum
1281 991 1359 1062 iure
1381 990 1594 1065 celebratur.
1660 987 1751 1060 Nam
1777 989 1859 1060 fidei
1883 1005 2049 1062 naturam
2072 1012 2146 1081 per·

120 1101 365 1183 considerent,
391 1120 431 1166 ea
448 1095 584 1175 deleta,
617 1091 718 1184 sequi
739 1090 898 1182 ingentia
912 1093 1112 1163 incommo-
1163 1093 1285 1188 spicue
1300 1104 1336 1164 et
1350 1105 1391 1164 ut
1404 1092 1452 1164 ita
1474 1093 1611 1179 dicam,
1635 1091 1728 1163 vivis
1748 1092 1929 1164 coloribus
1949 1090 2147 1177 illustrarit,

121 1208 179 1291 da,
204 1202 295 1294 eripi
310 1195 536 1271 conscientiis
551 1196 688 1263 firmam
706 1193 997 1274 consolationem,
1024 1194 1112 1266 abo·
1164 1195 1328 1283 sumsit,
1352 1195 1570 1266 credendum
1588 1217 1681 1276 esse,
1707 1200 1803 1290 quod
1818 1194 2014 1285 diligamur
2028 1218 2050 1263 a
2065 1189 2147 1281 Dan,

121 1305 191 1377 leri
215 1327 334 1375 veram
365 1297 648 1379 invocationem,
689 1295 872 1367 obscurari
901 1297 1111 1367 beneficium
1164 1320 1368 1393 quanquam
1384 1289 1608 1382 ὑπεύθυνοι,
1631 1310 1666 1369 et
1681 1296 1893 1388 accipiamus
1907 1294 2147 1366 remissionem

122 1403 269 1480 Christi.
337 1402 515 1474 Tollenda
544 1411 596 1470 est
623 1420 665 1467 es
688 1397 790 1468 omni
812 1397 885 1469 vita
911 1394 1114 1490 sophistica,
1165 1413 1409 1487 peecatorum,
1434 1402 1620 1491 καυχᾶται
1639 1393 1715 1498 yoip
1734 1392 1846 1471 πάλιν
1869 1392 2057 1483 ὅπιοτὸς,
2084 1392 2148 1491 οὐχ

69 1522 72 1527 ·
123 1511 186 1581 sed
218 1505 369 1576 maxime
401 1503 553 1573 arcenda
581 1499 627 1571 ab
648 1497 844 1585 Ecclesiis,
886 1522 951 1570 nec
973 1500 1113 1570 ferendi
1166 1497 1224 1574 ὅτι
1244 1496 1311 1575 τὸν
1332 1495 1429 1573 θεὸν
1452 1497 1603 1595 ἐφίλησε
1630 1493 1752 1595 μόνον
1776 1493 1959 1599 γνησίως,
1992 1496 2077 1572 ἀλλ’
2097 1495 2148 1572 iias

124 1624 208 1683 sunt
231 1608 456 1697 ingeniorum
480 1603 578 1687 ludi,
617 1602 893 1694 qnae-fingunt,
935 1601 1112 1694 pictorum
1164 1600 1229 1677 καὶ
1244 1607 1379 1697 πολλῆς
1398 1597 1488 1698 παρ’
1503 1600 1622 1676 αὐτοῦ
1641 1606 1750 1697 τιμῆς
1768 1596 2038 1697 dasilo-uocaui
2060 1594 2149 1701 ‹tyd-

123 1736 242 1797 more,
271 1707 448 1802 quidquid
471 1705 569 1776 libet.
620 1700 779 1793 Simplex
801 1703 931 1775 veritas
954 1726 1113 1776 necessa-
1165 1731 1253 1801 πης,
1287 1701 1411 1801 ὥσπερ
1426 1701 1501 1807 γὰρ
1523 1701 1636 1787 αὐτὸς
1653 1702 1773 1779 αὐτοῦ
1788 1698 1976 1804 ἠγάπησε,
2008 1699 2149 1803 peyoilo

124 1815 180 1885 ria
197 1809 375 1884 Ecclesiae
398 1807 612 1886 retineatur,
638 1817 672 1874 et
695 1799 787 1876 hanc
810 1829 973 1877 curemus
993 1803 1114 1876 incor·
1165 1804 1249 1906 napi
1263 1805 1381 1881 αὐτοῦ
1396 1802 1649 1905 φαντασθεὶς,
1672 1811 1786 1883 τοῦτο
1798 1802 1874 1906 γὰρ
1890 1800 2039 1906 ἀγάπης
2053 1802 2148 1905 δεῖγ-

124 1929 266 2008 ruptam
282 1910 476 1982 transmitti
491 1909 535 1978 ad
552 1906 803 1998 posteritatem.
855 1905 935 1979 Hoc
955 1908 1112 1978 officium
1165 1936 1241 2005 μα,
1266 1905 1367 1984 οὕτω
1387 1904 1452 1981 καὶ
1472 1905 1562 1991 θεὸς
1575 1905 1693 1983 αὐτὸν
1709 1906 1856 2009 settara
1871 1903 2023 2003 μυρίοις
2039 1900 2147 1982 ὑπού-

123 2014 224 2088 Deus
244 2015 289 2086 ab
313 2013 482 2085 omnibus
504 2032 544 2079 ae
565 2009 753 2100 praecipue
776 2032 796 2079 a
817 2010 1115 2100 gubernatoribus
1165 2013 1291 2085 θυνον
1313 2009 1426 2104 ὄντα,
1467 2008 1552 2105 οὐχὶ
1573 2007 1758 2094 κολάσεως
1781 2003 1994 2094 ἀπαλλάξας
2020 2008 2148 2108 μόνον,

124 2118 326 2202 doctrinae,
352 2126 414 2184 sut
428 2110 584 2204 Reipub.
601 2111 774 2202 postulat,
798 2123 832 2182 et
850 2108 1027 2184 Ecclesiae
1049 2113 1114 2182 de·
1167 2110 1259 2188 ἀλλὰ
1280 2109 1345 2187 καὶ
1366 2108 1515 2187 δίκαιον
1531 2108 1794 2214 ἐργασάμενος.

124 2221 241 2293 bitum
257 2232 324 2289 est:
359 2212 433 2287 Nec
449 2216 545 2285 ullus
560 2213 678 2283 cultus
694 2209 771 2282 Deo
786 2214 920 2303 gratior
937 2227 1001 2287 est.
1053 2212 1114 2285 Sic
1266 2215 1382 2307 Digna
1398 2229 1433 2286 et
1447 2213 1650 2288 Bernhardi
1667 2240 1735 2289 vox
1757 2228 1809 2287 est
1832 2234 1923 2310 quae
1943 2212 2146 2300 celebretur,

124 2323 236 2414 igitur
258 2335 293 2393 et
313 2316 508 2389 sententiae
530 2315 654 2385 citatae
673 2336 694 2385 a
716 2310 828 2384 Panlo
851 2316 1113 2406 intelligantur:
1166 2319 1267 2390 euius
1287 2315 1373 2388 haec
1389 2331 1472 2389 sunt
1495 2321 1601 2390 verba
1627 2320 1666 2389 in
1689 2318 1860 2389 concione
1882 2319 1927 2389 de
1942 2315 2148 2388 Auruncis·

126 2422 288 2498 Credidit
310 2414 493 2491 Abraham
514 2414 613 2507 Deo,
645 2429 679 2486 et
700 2415 913 2506 imputatum
936 2431 989 2489 est
1011 2420 1044 2488 ei
1069 2419 1113 2487 ad
1165 2420 1280 2491 tione:
1322 2418 1471 2491 Necesse
1487 2434 1538 2492 est
1556 2419 1673 2513 primo
1689 2420 1850 2492 omnium
1866 2420 2032 2510 credere,
2058 2418 2146 2513 quod

126 2525 323 2609 iustitiam,
348 2523 385 2592 id
411 2533 481 2603 est,
506 2513 689 2587 Abraham
715 2519 860 2607 agnovit
883 2542 919 2589 se
943 2543 1019 2591 non
1041 2542 1115 2590 esse
1168 2523 1413 2594 remissionem
1436 2536 1658 2614 peccatorum
1681 2517 1811 2593 habere
1831 2544 1907 2592 non
1930 2521 2064 2613 possis,
2087 2518 2148 2591 nisi

127 2630 260 2698 iustum
278 2637 423 2716 propter
442 2623 576 2712 legem,
601 2632 663 2690 aut
679 2619 826 2691 virtutes
845 2644 942 2707 suas,
969 2622 1116 2713 agnovit
1167 2648 1230 2716 per
1251 2625 1509 2714 indulgentiam
1530 2623 1610 2698 Dei.
1669 2623 1741 2697 Sed
1761 2625 1851 2695 adde
1875 2618 2058 2694 adhuc‘nt
2079 2646 2146 2695 ers·

125 2729 367 2799 infirmitatem
384 2739 547 2808 naturae,
573 2744 663 2816 quae
678 2722 770 2813 parit
785 2724 896 2795 multa
915 2724 1019 2810 vitia,
1047 2726 1115 2794 dn·
1167 2727 1249 2814 das,
1276 2740 1311 2799 et
1327 2722 1413 2812 hoc,
1438 2728 1535 2821 qnod
1559 2750 1623 2820 per
1647 2727 1762 2819 ipsum
1788 2738 1927 2818 peccata
1950 2718 2071 2794 Tibi
2088 2727 2146 2798 ds-

127 2830 321 2904 hitationes
343 2830 387 2897 de
409 2826 504 2908 Deo,
538 2837 573 2893 et
595 2824 691 2893 varie
713 2838 871 2895 errantes
892 2827 1116 2918 cupiditates,
1167 2843 1311 2900 nantur.
1354 2827 1433 2899 Hoc
1450 2843 1502 2901 est
1519 2827 1762 2901 testimonium
1781 2828 1877 2924 quod
1896 2821 2146 2921 perhibetSpi-

94 2925 97 2929 ’
126 2931 291 3002 meminit
305 2930 410 3002 ctiam
428 2940 540 2998 errata
558 2947 620 2996 sua
636 2922 936 2998 interChaldaeos
953 2928 1117 3014 admissa,
1168 2931 1257 3004 ritus
1276 2942 1417 3002 sanctus
1432 2931 1471 3000 in
1493 2932 1599 3002 corde
1623 2945 1702 3016 tuo,
1727 2930 1865 3002 dicens:
1899 2928 2054 3001 Dimissa
2071 2943 2146 3001 sunt

127 3035 192 3106 ubi
212 3034 332 3125 impiis
352 3031 506 3102 cultibus
527 3030 787 3098 contaminatus
810 3042 871 3110 est.
937 3028 1009 3102 Sed
1032 3030 1115 3124 quia
1167 3033 1233 3104 tibi
1259 3046 1493 3122 peccatatua.
1544 3031 1604 3105 Sic
1620 3033 1716 3104 enim
1739 3027 2146 3123 arbitratnrApostolus.

127 3149 246 3228 postea
266 3134 403 3206 audivit
426 3129 697 3224 promissionem
721 3131 941 3217 desemine,
968 3147 1000 3205 et
1018 3129 1116 3202 Deus
1167 3134 1275 3224 gratis
1296 3134 1480 3206 iustificari
1503 3129 1686 3205 hominem
1710 3158 1774 3226 per
1794 3135 1912 3204 fi'dem.
1963 3130 2099 3206 Extant
2116 3148 2146 3205 et

129 3241 161 3310 ei
178 3239 330 3308 dixerat:
372 3234 448 3324 Ego
471 3256 533 3302 ero
562 3244 740 3322 protector
770 3244 869 3318 tuus,
901 3235 1025 3306 statuit
1047 3234 1116 3304 sibi
1167 3237 1301 3307 similes
1321 3238 1515 3307 sententiae
1535 3237 1672 3332 aliquot
1693 3237 1788 3328 apud
1807 3231 1923 3317 hunc,
1949 3228 2146 3331 quanquam

59 3326 89 3403 .’
128 3364 193 3434 per
213 3337 490 3409 misericordiam
528 3332 656 3403 donari
684 3334 928 3407 remissionem
956 3351 1116 3429 peccato·
1168 3352 1341 3408 recentem
1363 3339 1590 3438 scriptorem,
1622 3339 1683 3409 sed
1707 3352 1826 3410 tamen
1850 3360 1925 3408 non
1943 3339 2070 3407 rudem
2084 3339 2146 3431 spi-

76 3434 85 3442 ”
129 3465 229 3525 rum,
252 3454 287 3511 et
308 3462 345 3508 se
360 3435 491 3508 habere
507 3433 622 3506 Deum
646 3435 867 3525 propicium,
894 3438 1114 3508 defensorem
1168 3440 1350 3509 ritualium
1369 3441 1632 3511 exercitiorum:
1659 3440 1697 3509 in
1721 3440 1850 3533 quibus
1871 3439 1998 3510 didicit
2014 3441 2148 3534 aequie-

130 3557 167 3615 et
187 3543 411 3615 salvatorem.
469 3536 522 3607 lta
547 3537 660 3606 iustus
682 3539 939 3628 pronunciatur
963 3541 1051 3623 lide,
1077 3539 1114 3610 id
1168 3565 1262 3611 scere
1294 3542 1543 3612 conscientiam
1573 3567 1646 3612 non
1674 3564 1793 3634 posse,
1828 3541 1899 3610 nisi
1929 3542 2001 3611 lide
2029 3553 2148 3615 statuat

130 3660 201 3732 est,
225 3643 353 3713 fiducia
377 3637 637 3710 misericordiae
662 3638 823 3725 divinae,
861 3641 998 3712 etiamsi
1020 3642 1117 3713 videt
1168 3643 1276 3732 gratis
1298 3644 1432 3714 remitti
1454 3657 1594 3735 peccata
1618 3658 1762 3736 propter
1783 3639 1978 3716 Christum.
2046 3640 2147 3716 lntel·

129 3763 293 3821 naturam
309 3744 484 3813 infirmam
503 3755 537 3813 et
557 3739 720 3811 vitiosam
737 3762 822 3816 esse.
872 3741 986 3835 Saepe
999 3756 1115 3814 autem
1168 3744 1246 3835 ligit
1262 3745 1371 3835 igitur
1385 3745 1509 3826 tidem,
1535 3759 1575 3815 ut
1589 3769 1674 3826 nos,
1698 3747 1744 3815 de
1758 3745 1899 3819 fiducia.
1932 3741 2017 3815 Dixi
2036 3760 2144 3820 antem

131 3853 218 3922 lides
238 3871 313 3918 non
336 3846 452 3918 solum
476 3842 622 3914 dimicat
645 3846 690 3913 de
717 3842 927 3916 remissione
956 3850 1116 3936 peccato·
1167 3869 1295 3937 supra,
1335 3869 1402 3918 nos
1434 3847 1621 3939 complecti
1654 3846 1822 3917 noticiam
1854 3842 2055 3934 historiae,
2093 3871 2146 3920 seu

130 3976 231 4037 rum,
267 3972 329 4019 seu
359 3950 404 4017 de
431 3944 688 4037 acceptatione,
728 3948 789 4016 sed
819 3945 926 4017 etiam
957 3960 1116 4018 versatur
1167 3972 1290 4019 omnes
1310 3949 1479 4020 articulos
1494 3949 1593 4036 fidei,
1621 3962 1656 4021 et
1678 3972 1758 4019 cum
1780 3948 1866 4018 fides
1882 3950 2045 4021 intuetur
2059 3946 2147 4023 hunc

132 4055 224 4125 circa
245 4064 388 4124 externa
402 4048 557 4119 obiecta:
584 4058 624 4116 ut
640 4047 726 4117 iides
741 4047 894 4120 Davidis
919 4049 1012 4119 circa
1035 4072 1114 4118 mo·
1168 4049 1372 4121 articulum:
1406 4048 1523 4122 Credo
1545 4051 1790 4121 remissionem
1813 4063 2060 4142 peccatorum,
2091 4077 2147 4124 ne-

131 4150 355 4226 nomachiam
378 4175 458 4223 cnm
481 4142 642 4222 Goliath.
714 4147 810 4220 Haec
832 4151 989 4242 exempla
1008 4150 1113 4221 etiam
1167 4173 1259 4222 cesse
1272 4167 1341 4237 est,
1366 4153 1530 4224 fiduciam
1548 4152 1706 4245 concipi,
1732 4153 1828 4247 quod
1850 4148 1919 4225 hoc
1942 4154 2147 4227 beneficium

131 4254 204 4329 huc
218 4255 414 4348 pertinent:
440 4274 579 4343 semper
592 4251 687 4319 enim
703 4246 796 4321 hanc
808 4252 914 4320 iidem
929 4265 1115 4343 expectan·
1167 4277 1249 4324 vere
1263 4254 1489 4344 accipiamus.
1539 4252 1630 4325 Nam
1647 4255 1792 4336 caeteri,
1816 4256 1879 4350 qui
1894 4268 2033 4328 tantum
2048 4257 2147 4329 intel-

29 4432 32 4437 ,
131 4373 201 4429 tem
223 4356 394 4428 auxilium
417 4353 618 4444 corporale,
644 4354 820 4443 praeeedit
839 4353 924 4423 fides
939 4354 1115 4445 accipiens
1167 4354 1283 4447 ligunt
1303 4358 1433 4443 iidem,
1466 4352 1635 4428 historiae
1663 4358 1860 4438 noticiam,
1900 4380 1975 4427 non
2004 4362 2148 4431 credunt

131 4459 375 4530 remissionem
394 4468 629 4547 peccatorum.
679 4453 761 4525 Non
783 4454 905 4526 statuit
926 4478 1025 4524 mens
1049 4458 1113 4525 ad·
1166 4452 1263 4528 hunc
1278 4459 1485 4530 articulum:
1511 4457 1771 4532 Remissionem
1792 4473 2038 4550 peccatorum,
2065 4464 2149 4535 sicut

130 4562 244 4632 iuvari
267 4582 333 4642 nos
355 4583 375 4630 a
396 4557 491 4640 Deo,
530 4558 601 4626 nisi
628 4555 726 4644 prins
752 4570 880 4629 statuat
913 4557 1111 4647 propicium
1167 4571 1202 4629 et
1233 4561 1351 4650 palam
1387 4561 1512 4633 iubent
1542 4561 1706 4634 dubitare
1741 4564 1784 4630 de
1827 4560 2037 4658 remissione
2075 4587 2149 4657 pec·

130 4687 214 4733 esse.
273 4660 368 4732 llaec
392 4660 513 4751 regula
534 4658 689 4729 ostendit
712 4656 862 4729 Paulum
884 4672 977 4729 reete
1003 4659 1110 4730 citare
1166 4673 1337 4738 catorum.

127 4764 328 4837 testimonia
345 4764 389 4834 de
402 4765 487 4843 lide,
514 4774 547 4831 et
561 4783 626 4830 nos
640 4759 678 4827 in
697 4759 921 4831 invocatione
936 4761 1066 4836 erudit.
1267 4762 1361 4836 Satis
1383 4763 1496 4834 molta
1520 4765 1652 4857 opinor
1673 4764 1718 4834 de
1741 4765 1915 4836 vocabulo
1936 4764 2033 4853 dixi,
2065 4788 2150 4863 qnae

227 4866 368 4938 Addam
383 4879 418 4937 et
432 4863 645 4952 scriptorum
663 4877 819 4931 veterum
837 4863 942 4934 dicta.
982 4860 1108 4953 Augu·
1165 4863 1251 4956 piis,
1285 4866 1466 4953 candidis,
1507 4881 1542 4939 et
1569 4867 1772 4938 amantibus
1802 4867 1987 4941 veritatem
2015 4871 2149 4942 satisfa-

124 4971 239 5042 stinus
256 4967 393 5063 inquit:
425 4964 480 5037 Ex
497 4966 571 5054 lege
593 4964 758 5033 timemus
772 4962 904 5050 Deum,
932 4964 1000 5034 lide
1023 4989 1111 5034 eon·
1163 4980 1262 5037 etura
1278 4989 1352 5038 esse
1368 4989 1482 5059 spero.
1531 4966 1637 5040 Nunc
1652 4964 1943 5060 reprehendenda
1960 4981 2015 5043 est
2029 4968 2151 5066 sophi·

122 5074 278 5163 fugimus
305 5070 351 5139 ad
382 5065 673 5138 misericordiam.
738 5062 849 5137 Recte
877 5065 1108 5153 Augustinus,
1162 5068 1247 5138 stica
1267 5063 1454 5157 Origenis,
1480 5066 1760 5154 Monachorum,
1785 5087 1820 5142 et
1841 5071 2038 5144 multorum
2063 5076 2150 5146 aliu·

122 5199 188 5245 nec
205 5185 319 5266 potest
336 5166 403 5241 hoc
418 5173 462 5240 de
476 5168 551 5238 sola
564 5167 695 5236 noticia
711 5161 878 5236 historiae
892 5167 1056 5256 intelligi.
1160 5192 1254 5258 rum,
1281 5172 1341 5262 qui
1358 5165 1456 5242 κατὰ
1465 5167 1696 5267 συνεκδοχὴν
1711 5173 1781 5242 dici
1797 5173 2036 5245 arbitrantur:
2063 5176 2152 5249 Fide

220 5272 496 5371 Chrysostomus
517 5269 554 5337 in
579 5268 833 5338 commentario
855 5265 1038 5359 Epistolae
1060 5269 1104 5338 ad
1159 5270 1411 5360 iustificamur‚
1444 5272 1481 5342 id
1508 5288 1576 5360 est,
1617 5288 1764 5367 propter
1784 5275 1953 5347 noticiam
1980 5273 2151 5351 historiae

27 5368 29 5372 ’
119 5374 227 5449 Rom.
252 5399 327 5468 cap.
343 5372 520 5458 ⁴l..-„Fide,
557 5369 695 5463 inquit,
729 5392 803 5442 non
834 5367 949 5443 solnm
982 5370 1101 5463 diligi·
1158 5373 1204 5444 de
1223 5369 1389 5464 Christo,
1424 5398 1487 5448 seu
1511 5378 1768 5469 professionem
1796 5391 1831 5450 et
1853 5391 2010 5452 caeteras
2032 5381 2150 5456 virtu-
