4522 5782
82 219 191 311 ,trs
530 200 613 304 xu.
662 222 1252 309 amuus‘rtnruavsuc.
1279 228 1493 313 toauuts.
1530 233 1649 314 car.
1675 236 1756 310 xx.
1953 228 1982 283 ⁴
2075 244 2169 341 tto·

122 399 206 483 sint,
231 420 387 491 qnorum
411 398 579 487 cogitatio
603 402 648 470 ad
672 399 837 472 alendam
853 400 978 487 iidem,
1003 414 1038 473 et
1060 404 1105 474 ad
1159 399 1264 473 Tunc
1279 408 1512 479 contrectabis
1528 431 1602 493 me,
1633 433 1713 479 cum
1730 414 1921 483 ascendero
1935 416 1978 485 ad
1996 431 2146 507 patrem,

122 499 278 573 esereitia
299 500 384 572 bdei
405 501 503 571 utilis
523 514 590 573 est.
658 499 741 572 Non
769 503 927 575 recitabo
949 504 1108 595 singulas
1158 505 1331 591 videlicet,
1347 532 1427 578 cum
1445 524 1496 593 te,
1515 525 1548 580 et
1564 511 1736 604 reliquam
1753 509 1947 585 Ecclesiam
1963 523 2144 593 adduxero

120 602 368 686 ostensiones,
407 604 546 691 singula
575 604 772 699 colloquia,
812 607 872 675 sed
899 608 1106 676 obscuriora
1154 608 1198 675 ad
1217 621 1367 697 patrem.
1419 612 1529 683 Aliud
1549 636 1714 703 regnum,
1742 615 1896 687 aliavita
1914 634 2021 691 restat
2040 623 2142 693 vobis

119 706 205 777 dicta
233 727 277 775 ex
303 705 502 795 praecipuis
528 728 723 797 excerpam.
797 704 920 778 Prima
950 708 1104 779 ostensio
1153 709 1292 796 danda,
1330 712 1368 782 in
1403 738 1471 806 qua
1496 715 1664 786 fruemini
1692 718 1802 807 patris
1820 724 2076 793 consuetudine
2109 739 2144 797 et

120 807 203 879 lacta
229 819 283 878 est
306 806 535 891 mulieribus,
567 807 650 900 quia
670 821 711 879 ut
736 830 798 899 per
827 832 886 880 eas
910 832 1006 880 mors
1026 811 1103 902 pri·
1152 834 1248 891 mea.
1289 816 1389 887 etad
1415 811 1507 888 hauc
1528 818 1739 890 sententiam
1764 823 1942 914 quadrant
1967 848 2059 919 quae
2086 848 2142 899 se·

119 931 209 979 mum
240 908 398 1000 pervasit
419 908 457 977 in
480 930 593 999 genus
615 904 831 995 humanum,
863 911 911 983 ita
939 907 1103 984 Christus
1150 927 1323 1006 quantur.

116 1010 223 1081 voluit
250 1009 302 1079 eis
329 1012 483 1100 primum
512 1013 698 1083 ostendere
720 1011 978 1085 restitutionem
1009 1015 1102 1085 vitas

115 1124 292 1196 mursae,
318 1125 353 1183 et
375 1110 661 1203 languidioribus
678 1115 776 1205 prius
790 1138 895 1206 opem
913 1116 982 1188 fert
993 1111 1102 1187 Chri·

114 1226 202 1298 stus,
237 1226 280 1285 ut
301 1213 453 1285 sciamus
470 1238 551 1285 eum
574 1210 725 1287 humilia
745 1230 780 1287 et
797 1216 991 1288 imbecillia
1015 1241 1099 1289 vere
1251 1210 1362 1301 Quasi
1387 1213 1501 1300 dieat,
1533 1216 1631 1286 aliud
1655 1241 1826 1309 regnum,
1859 1223 1964 1293 aliam
1988 1247 2139 1295 consue·
2219 1222 2222 1226 ⁴

112 1315 279 1405 diligere,
319 1315 417 1389 iusta
446 1316 554 1389 illud:
571 1307 777 1389 'Calamam
803 1331 1004 1412 quassatum
1026 1344 1101 1391 non
1149 1313 1338 1401 tudinem,
1385 1318 1689 1390 conversationem
1741 1335 1777 1393 et
1825 1325 2138 1399 contrectationem

111 1418 318 1508 confringes,
378 1414 500 1507 Quare
524 1420 779 1491 autemdicit?
811 1420 864 1493 Ne
887 1445 944 1491 me
968 1435 1101 1513 tangar,
1150 1429 1340 1506 expectato.
1393 1415 1520 1507 Qualis
1543 1435 1660 1491 autem
1684 1417 1750 1494 hae
1772 1424 1843 1495 sint
1865 1427 2138 1511 consolationes,

111 1520 189 1615 qui.
205 1520 373 1591 nondum
389 1521 533 1591 arcendi
549 1523 594 1591 sd
608 1535 743 1614 patrem
761 1546 899 1603 meum,
924 1545 1008 1594 une
1031 1524 1100 1595 mi.
1149 1517 1358 1588 discendum
1385 1534 1435 1590 est
1454 1521 1492 1591 in
1516 1523 1666 1593 assiduis
1691 1527 1866 1597 exercitiis
1887 1528 1970 1599 fidei
1992 1542 2026 1598 et
2048 1529 2139 1621 spei,

112 1622 220 1693 rsnda
237 1621 434 1697 oratioest.
484 1621 556 1695 seo
572 1618 658 1695 baec
673 1624 901 1696 videturesse
923 1626 1098 1698 sententia
1151 1619 1327 1711 promittit
1344 1627 1829 1698 aeternamconsuetudinem
1848 1654 1926 1699 cum
1943 1625 2136 1715 Dco,hanc

109 1723 303 1815 praecepti:
328 1717 620 1813 Reprehenditur
633 1725 783 1809 mulier,
808 1728 906 1819 quod
921 1726 1099 1800 desiderio
1148 1720 1345 1803 intuentes,
1379 1748 1418 1794 ac
1442 1741 1640 1816 sperantes,
1663 1727 1806 1800 interim
1829 1732 2062 1803 sustineamus
2083 1732 2137 1801 ta-

110 1822 270 1897 bumano
296 1825 427 1917 expetit
453 1826 676 1918 complexum
702 1815 856 1912 Chiisti,
889 1842 924 1900 et
945 1830 1101 1903 somniat
1147 1822 1252 1893 bores
1276 1838 1310 1896 et
1334 1848 1543 1914 aerumnas,
1583 1842 1618 1900 et
1640 1829 1748 1903 simul
1769 1831 1920 1904 sciamus
1947 1856 2042 1904 nunc
2064 1857 2134 1906 uo·

110 1950 188 2001 essm
215 1926 404 2014 revixisse,
441 1941 483 1999 ut
502 1952 625 2000 rursus
648 1929 742 2002 iuter
761 1929 894 2002 amicos
913 1929 1028 2017 vivat,
1058 1947 1100 2005 ut
1149 1924 1285 1996 hiscum
1307 1949 1381 1997 este
1398 1926 1565 2000 Messium
1583 1943 1765 2017 nostrum,
1790 1947 1825 2005 et
1839 1934 1907 2004 fide
1922 1936 2136 2027 amplecten-

107 2043 231 2117 sntes‚
262 2043 299 2102 et
321 2031 519 2121 praesentis
549 2031 683 2101 visibili
711 2053 747 2102 se
778 2031 973 2118 exhilaret,
1004 2057 1098 2106 non.
1148 2028 1255 2112 dum,
1279 2028 1417 2099 etiamsi
1441 2055 1507 2101 nec
1528 2031 1627 2102 cerni
1651 2034 1810 2125 corporis
1833 2037 1965 2121 oculis,
1993 2050 2136 2108 contre-

106 2134 190 2203 dnm
204 2131 274 2205 scit
287 2132 356 2202 bde
372 2132 605 2222 praesentiam
619 2133 814 2207 invisibilis
832 2130 964 2208 Christi
989 2136 1096 2209 dein·
1148 2131 1234 2200 ctari
1250 2128 1418 2202 11¹³sslb⁰⁸
1430 2145 1565 2227 potest,
1590 2134 1691 2207 adm
1707 2149 1844 2226 lamen,
1869 2153 1909 2211 ut
1922 2163 1988 2210 uos
2006 2139 2136 2231 guber·

107 2256 186 2327 ceps
199 2236 471 2332 ¹agnoscendam
489 2256 575 2309 esse.
1147 2244 1207 2304 net
1233 2244 1269 2303 et
1288 2232 1397 2311 iuvet.

1173 1071 1342 1148 Ascendo
1357 1072 1414 1148 ad
1422 1088 1565 1177 patrem
1583 1104 1722 1169 nreum,
1738 1091 1770 1153 ci
1785 1094 1929 1183 putrem
1946 1095 2113 1159 vestrum.

1863 2306 1878 2343 .
1976 2322 1996 2335 Α

180 2396 367 2479 Nondum
385 2400 481 2475 enim
498 2398 653 2475 ascendi
665 2399 721 2476 od
728 2414 874 2506 putrem
890 2414 1020 2483 meum.
1192 2365 1194 2369 ⁷
1413 2399 1517 2476 Sicut
1540 2402 1645 2479 misit
1675 2428 1730 2476 me
1749 2416 1871 2504 poter.

204 2541 309 2617 Duae
331 2558 415 2616 sunt
438 2543 766 2634 interpretationes,
797 2568 889 2639 quae
913 2559 1096 2639 utcunque
1248 2540 1367 2614 Multa
1385 2543 1587 2615 testimonia
1609 2545 1878 2617 resurrectionis
1899 2560 2091 2618 narrantur
2114 2570 2137 2621 a

111 2646 291 2719 declarant
314 2643 409 2717 hanc
433 2645 705 2720 connexionem.
758 2645 896 2719 Usitsta
916 2642 1004 2719 haec
1026 2660 1095 2718 est:
1148 2644 1383 2736 scriptoribus
1408 2640 1577 2715 historiae
1611 2647 1851 2734 evangelicae,
1892 2673 1983 2742 quae
2009 2648 2135 2719 memi-

110 2745 289 2822 Prohiheo
304 2748 615 2821 contrectationem
624 2750 857 2840 corporalem,
871 2751 957 2844 quia
973 2773 1096 2821 ascen·
1146 2747 1240 2817 nisse
1255 2746 1343 2817 utile
1359 2759 1423 2830 est,
1434 2748 1495 2815 sed
1507 2770 1602 2817 nunc
1615 2749 1770 2819 breviter
1786 2745 1871 2821 haec
1886 2774 1975 2843 quae
1991 2751 2131 2821 suntin

111 2854 188 2923 dam
208 2853 256 2921 ad
276 2866 433 2941 patrem,
459 2874 524 2921 nec
538 2850 710 2922 fruemini
732 2851 898 2942 deinceps
920 2848 986 2923 hac
1008 2851 1095 2922 visi·
1148 2849 1353 2918 narratione
1377 2847 1541 2941 loannis,
1575 2872 1790 2937 percurram.
1839 2849 1961 2923 Primo
1989 2876 2134 2945 vespere

113 2953 173 3025 bili
196 2952 475 3033 consuetudine,
514 2953 573 3023 cui
598 2976 661 3021 vos
682 2954 835 3024 multum
859 2949 1095 3024 humanorum
1147 2951 1224 3022 eius
1238 2950 1330 3030 diei,
1356 2973 1427 3043 quo
1441 2965 1680 3023 resurrexerat
1693 2946 1876 3038 Christus,
1903 2955 2001 3025 venit
2016 2957 2060 3024 ad
2079 2968 2134 3026 to·

111 3056 298 3127 affectuum
315 3054 515 3125 miscuistis.
563 3052 809 3125 Laetahamini
832 3079 909 3126 mea
932 3071 1096 3148 praesen·
1147 3067 1223 3123 tum
1241 3065 1379 3121 coetum
1396 3050 1670 3143 Apostolorum,
1694 3055 1756 3147 qui
1779 3058 1849 3124 una
1872 3072 1973 3128 erant
1995 3056 2135 3127 leroso-

113 3158 175 3244 tia,
206 3170 250 3228 ut
272 3157 374 3249 pueri
395 3155 553 3228 dulcium
579 3171 764 3248 parentum
789 3173 1003 3249 conspectu,
1033 3154 1096 3250 qui
1148 3155 1283 3249 lymae,
1308 3167 1446 3222 etcum
1469 3153 1652 3224 salutasset
1676 3178 1756 3240 eos,
1783 3169 1818 3227 et
1841 3180 1966 3226 manus
1983 3171 2016 3227 et
2040 3157 2137 3243 latus,

114 3259 274 3331 sciebatis
307 3282 371 3329 vos
401 3282 479 3327 meo
510 3258 709 3351 patrocinio
739 3259 887 3331 tutiores
910 3283 1004 3345 esse,
1035 3259 1096 3328 sed
1148 3254 1369 3341 ostendisset,
1388 3255 1425 3323 in
1443 3257 1566 3325 eodem
1584 3256 1764 3348 colloquio
1780 3257 1905 3350 incipit
1922 3260 1971 3329 eis
1990 3258 2134 3329 concio-

113 3386 203 3433 uunc
227 3362 323 3433 dabo
345 3359 448 3430 vobis
463 3358 639 3451 Spiritum
663 3374 844 3446 sanctum,
869 3387 950 3433 cum
975 3384 1097 3432 asceu—
1148 3358 1225 3427 nari
1242 3359 1287 3427 de
1302 3357 1461 3450 ipsorum
1477 3356 1693 3444 ministeriu,
1719 3359 1780 3431 dat
1795 3360 1844 3429 eis
1859 3359 2032 3451 Spiritum
2049 3383 2134 3431 san·

113 3466 191 3537 tlsro
209 3465 257 3534 ad
274 3476 428 3554 patrem,
447 3473 489 3533 ut
503 3486 559 3533 me
580 3461 651 3533 alio
669 3465 777 3533 modo
802 3462 1097 3555 complectamini,
1148 3474 1262 3545 ctum,
1287 3471 1322 3531 et
1344 3460 1446 3529 addit
1462 3462 1667 3529 mandatum
1684 3462 1729 3531 de
1744 3461 1950 3532 remissione
1972 3479 2134 3555 peccato-

113 3587 351 3660 eropraesens
372 3565 467 3635 inter
491 3586 574 3649 vos,
606 3565 668 3634 sod
691 3564 842 3635 fide-me
863 3566 1029 3649 cernetis,
1062 3577 1097 3635 et
1147 3585 1248 3647 rum,
1273 3561 1395 3646 idest,
1416 3583 1591 3632 summam
1606 3558 1788 3651 Evangilii
1805 3564 1854 3633 eis
1870 3564 2025 3656 exponit.
2080 3564 2134 3637 De

113 3670 174 3740 fide
197 3666 505 3756 complectemiui,
536 3690 610 3735 non
631 3665 815 3737 affectibus
840 3668 1037 3758 puerilibus
1058 3680 1098 3737 ut
1147 3661 1204 3735 his
1226 3664 1342 3735 tribus
1356 3662 1526 3734 membris
1539 3663 1666 3734 ordine
1683 3688 1797 3763 pauca
1812 3665 1961 3736 dicenda
1978 3680 2071 3738 sunt.

112 3786 222 3860 antea.
276 3767 374 3839 Haec
389 3769 516 3839 usitata
532 3768 776 3858 interpretatio
796 3770 879 3839 facit
903 3764 1097 3841 antithesin
1249 3763 1410 3835 Primum
1428 3764 1579 3835 sciamus
1594 3761 1652 3836 hic
1669 3767 1871 3837 confirmari
1893 3769 2133 3839 ministerium

111 3870 397 3947 contrectationis
411 3870 624 3962 corporalis,
649 3894 739 3963 quae
758 3872 863 3941 fiebat
886 3871 923 3941 iu
947 3895 1097 3941 consue·
1145 3865 1350 3957 Evangelii,
1384 3882 1418 3937 et
1442 3867 1601 3957 promitti
1624 3869 1812 3939 efficaciam
1836 3865 1904 3938 Dei
1925 3894 1988 3961 per
2010 3895 2132 3940 vocem

113 3976 235 4046 tudine
249 3972 414 4063 ‚visihttt,
450 3986 485 4044 et
505 3972 589 4042 fidei
611 3972 878 4063 complectentis
902 3968 1098 4056 Christum,
1146 3970 1308 4040 omnium
1347 3969 1552 4040 docentium
1590 3965 1825 4061 Evangelium
1865 3964 2131 4064 incorruptum:

111 4078 278 4171 guisiam
292 4099 365 4147 non
380 4075 538 4145 cernitur
552 4074 666 4145 oculis
680 4075 848 4167 corporis.
901 4134 904 4141 .
1147 4072 1250 4144 Sicut
1265 4070 1363 4143 misit
1376 4094 1434 4139 me
1451 4084 1570 4162 pater,
1596 4087 1630 4143 et
1650 4073 1716 4143 luit
1730 4097 1804 4245 1per
1824 4097 1881 4142 me
1904 4074 2043 4160 efficax,
2069 4099 2134 4143 vo·

209 4179 338 4251 Altera
364 4201 448 4249 vero
470 4176 734 4268 interpretatio,
769 4191 811 4248 ut
831 4173 921 4247 mihi
944 4176 1097 4262 videtur,
1146 4174 1239 4244 csvit
1275 4187 1311 4245 et
1346 4173 1488 4263 collegit
1518 4191 1698 4245 aeternam
1762 4174 1942 4245 colesium:
1991 4176 2039 4246 ita
2068 4200 2132 4267 ego

111 4280 306 4373 simplicior
344 4292 415 4366 est,
452 4303 544 4373 quae
585 4280 668 4349 lacit
708 4273 904 4350 antithesin
945 4283 1097 4350 duarum
1148 4277 1346 4361 mittovos,
1371 4275 1741 4366 erupervosefhcax,
1770 4277 1901 4347 vocabo
1919 4292 1953 4349 et
1967 4279 2132 4369 colligam

112 4382 449 4465 contrectationum,
474 4404 536 4457 seu
559 4380 754 4452 visibilium
777 4382 1098 4453 conversationum.
1147 4392 1328 4449 aeternam
1365 4375 1568 4448 Ecclesiam.
1621 4373 1719 4445 Haec
1758 4378 1932 4449 sententia
1972 4381 2136 4469 congruit

112 4484 213 4561 Nunc
240 4484 376 4577 inquit:
425 4478 604 4566 Prohibeo
631 4484 974 4568 contrectationem,
1014 4484 1097 4576 quia
1147 4505 1226 4551 cum
1244 4479 1308 4550 illo
1323 4478 1525 4567 dicto:Qui
1541 4500 1603 4547 vos
1619 4480 1730 4558 audit,
1746 4504 1801 4547 me
1813 4483 1923 4563 arrdit,
1947 4479 2050 4552 Hauc
2066 4484 2133 4552 do·

111 4590 215 4663 nutu
233 4587 391 4658 somnias
416 4585 728 4670 consuetudinem,
755 4586 869 4679 qualis
893 4600 994 4656 autea
1018 4587 1099 4670 init,
1147 4582 1299 4654 ctrinam
1322 4595 1357 4651 et
1377 4581 1654 4650 consolationem
1681 4594 1880 4666 teneamus,
1906 4609 1946 4654 ac
1968 4610 2049 4654 vere
2065 4599 2136 4656 sta-

111 4714 201 4785 qnae
217 4691 381 4759 nondum
397 4701 472 4759 erat
490 4688 561 4758 vita
578 4700 738 4771 aeterna,
763 4685 911 4760 sedalis
928 4688 997 4761 erit
1012 4712 1098 4758 con·
1148 4699 1289 4756 tuamus
1304 4680 1420 4753 Deum
1445 4683 1618 4753 efficacem
1641 4705 1714 4751 esse
1737 4707 1800 4774 per
1815 4708 1935 4755 vocem
1950 4683 2136 4777 Evangelii

113 4794 283 4872 metato,
311 4803 578 4882 propterquam
599 4789 727 4859 missus
741 4812 840 4874 sum,
866 4803 902 4859 et
924 4814 1021 4861 nunc
1041 4812 1099 4859 re·
1148 4800 1182 4858 et
1203 4786 1293 4856 velle
1307 4798 1348 4855 ut
1369 4783 1667 4873 promissionibus
1682 4781 1868 4875 Evangelii
1887 4811 1953 4857 nos
1975 4804 2134 4859 suscntc-

112 4894 201 4980 vixi,
224 4893 359 4965 scilicet
374 4894 445 4963 vita
459 4904 602 4962 aeterua
617 4894 712 4981 apud
728 4906 882 4983 patrem,
908 4891 959 4962 ibi
984 4915 1041 4961 me
1064 4905 1098 4960 et
1145 4909 1235 4972 mus,
1250 4886 1352 4980 quasi
1368 4885 1443 4978 ipse
1458 4909 1522 4956 nos
1537 4911 1598 4956 sua
1613 4911 1698 4955 voce
1712 4890 1756 4956 de
1772 4888 1871 4957 coelo
1887 4891 2136 4984 alloqueretur.
2238 4904 2245 4922 '

110 5010 248 5091 patrem
282 5017 406 5066 cernes
436 4994 550 5064 oculis
583 5017 728 5075 coram,
774 5007 810 5064 et
844 4992 1098 5084 complecteris.
1146 4987 1244 5059 Haec
1257 4987 1455 5071 consolatio
1471 5010 1572 5079 saepe
1587 4988 1797 5059 inculcanda
1813 5005 1846 5061 et
1863 4992 2049 5080 cogitanda
2067 5006 2130 5066 est.

109 5098 209 5172 Illud
230 5098 343 5188 igitur
366 5111 503 5186 tempus
527 5119 639 5164 novae
661 5096 950 5165 contrectationis
973 5097 1099 5185 cogita,
1247 5089 1391 5161 Deinde
1407 5089 1501 5159 idem
1517 5091 1651 5159 dictum
1669 5091 1838 5170 affirmat,
1853 5088 2045 5182 Apostolos
2059 5118 2134 5165 nou

107 5224 206 5274 nunc
231 5221 299 5271 nos
328 5197 482 5290 pueriles
503 5197 707 5288 complexus
732 5211 768 5267 et
789 5198 936 5267 affectus
962 5197 1098 5282 omitte,
1148 5191 1261 5277 mitti,
1292 5207 1332 5263 ut
1355 5192 1503 5282 imperia
1533 5191 1642 5261 armis
1665 5206 1846 5283 occupent.
1897 5191 1945 5262 Et
1967 5195 2136 5267 discernit

106 5306 158 5377 sic
170 5298 798 5373 videturessecuucinnacounesio:
824 5295 878 5368 Ne
895 5311 1099 5388 tangasme,
1147 5292 1384 5364 ministerium
1416 5288 1602 5384 Evangelii
1643 5293 1687 5362 nh
1728 5293 1898 5383 imperiis.
1962 5293 2136 5389 Expresse

103 5400 198 5504 quia
213 5406 383 5479 nondum
409 5401 555 5481 urendi
581 5401 627 5475 ad
655 5413 819 5497 patrem,
857 5400 960 5498 qussi
988 5401 1097 5475 dicat:
1146 5395 1402 5476 enimdicitur:
1427 5393 1530 5469 Sicut
1544 5393 1641 5469 misit
1654 5417 1711 5465 me
1726 5409 1847 5490 pater,
1862 5410 2002 5473 constat
2015 5414 2136 5473 autem
