4522 5782
188 217 265 299 sss
330 229 335 248 ·
398 270 406 293 ,
781 152 1053 282 sarnum.
1081 203 1291 284 scatent
1319 205 1621 286 urrannei.
2030 190 2032 195 ’
2147 211 2234 291 :255

298 367 457 463 'santum
483 382 544 456 illa
564 379 766 451 meminerit
790 382 918 465 lector,
951 382 1096 475 quaein
1116 378 1202 452 Ele-1
1239 410 1280 454 ex
1304 382 1440 468 Maria,
1474 398 1559 453 tunc
1581 383 1808 473 praedicans,
1842 399 1875 455 et
1898 396 2059 455 mortuos
2081 392 2235 459 resusci-

196 494 301 576 clesia
317 490 447 559 debent
465 510 538 555 esse
553 484 759 563 notissima,
786 485 872 577 qrrid
894 485 1065 571 significet
1090 486 1188 569 fides,
1239 501 1318 556 tans
1341 487 1385 555 sit
1408 486 1600 576 promissus
1618 483 1801 570 Salvator,
1836 501 1870 556 et
1893 491 1988 580 quod
2013 487 2166 559 Messias
2189 491 2235 562 sit

196 595 361 667 videlicet
378 587 540 659 assentiri
557 585 784 677 promissioni
800 589 845 654 de
861 581 1025 670 Christo,
1052 600 1086 656 et
1100 612 1187 657 con·
1240 586 1429 659 liliusDei.
1484 587 1537 658 De
1560 603 1709 681 utraque
1729 590 1903 659 sententia
1924 591 2140 680 cogitemus,
2173 618 2237 664 eur

195 701 326 780 fidere,
353 694 448 785 quod
467 704 611 783 propter
628 686 812 771 Christum
829 713 911 757 vere
936 690 1187 779 recipiamura
1238 691 1344 760 nobis
1376 690 1523 760 traditae
1546 691 1638 773 sint,
1680 704 1713 760 et
1739 695 1919 783 quomodo
1943 694 1980 760 iu
2008 694 2236 767 invocatione

195 801 293 883 Deo,
319 795 570 877 exaudiamur,
606 806 640 861 et
665 795 840 861 donemur
862 786 1078 862 haereditate
1097 792 1189 861 vitae
1240 795 1454 863 exercendae
1471 793 1559 878 sint,
1592 792 1753 884 &prius
1771 808 1804 862 et
1823 795 1965 863 brevius
1981 797 2024 864 de
2039 798 2236 888 posteriorc

197 918 370 975 aeternae.
404 896 477 986 Qui
495 895 605 965 credit
623 895 660 962 in
676 918 750 972 me,
774 895 811 961 id
829 907 897 976 est,
923 893 985 986 qui
1000 895 1190 962 assentitur
1243 895 1370 967 (licam.
1422 894 1497 964 Nos
1513 894 1643 962 scimus
1661 919 1702 963 ex
1717 898 1820 964 certis
1842 897 2055 966 testimoniis
2071 894 2237 990 Evange-

199 1030 297 1075 meae
327 998 574 1092 promissioni,
616 1013 650 1067 et
674 997 820 1065 confidit
843 1019 906 1087 per
932 1020 989 1064 me
1012 997 1189 1086 placatum
1241 997 1281 1064 lii
1298 996 1441 1087 multis,
1467 997 1505 1064 in
1529 993 1673 1066 Christo
1699 1011 1860 1067 naturam
1886 1001 2045 1068 divinam
2071 1024 2168 1087 esse,
2203 1016 2238 1074 et

199 1104 273 1179 esse
288 1118 443 1197 patrem,
469 1099 577 1191 recipi
599 1122 636 1169 se
652 1111 796 1189 propter
815 1123 887 1180 me,
922 1111 955 1166 et
974 1098 1101 1167 donari
1119 1080 1189 1167 vita
1240 1094 1422 1169 Christum
1439 1113 1563 1168 natura
1579 1099 1691 1167 lilium
1708 1097 1775 1168 Dei
1789 1124 1872 1171 esse.
1922 1086 2238 1174 Hunc'articulum

199 1224 350 1282 aeterna.
409 1192 468 1274 'Ec
496 1202 668 1292 repetitur
704 1204 826 1270 eadem
855 1201 1027 1269 sententia
1061 1203 1105 1270 de
1133 1201 1191 1269 vi·
1243 1198 1462 1271 confitentur*
1481 1199 1667 1290 Apostoli,
1709 1198 1839 1276 Mattli.
1866 1203 1923 1274 16.
1978 1201 2027 1274 Et
2059 1220 2161 1295 pater
2194 1208 2238 1276 dc

200 1327 320 1382 vente:
347 1304 479 1377 Omnis
495 1307 635 1388 vivens,
661 1319 695 1373 et
710 1307 854 1372 credens
869 1303 906 1370 in
925 1327 998 1388 ine,
1025 1327 1098 1372 uon
1114 1327 1191 1371 mo·
1244 1304 1342 1372 coelo
1359 1304 1462 1374 dicit:
1488 1300 1558 1371 llic
1577 1317 1627 1372 est
1641 1304 1736 1374 filins
1751 1327 1849 1375 meus
1866 1306 2033 1391 dilectus,
2060 1322 2095 1378 et
2110 1306 2239 1400 Bapti-

201 1418 324 1486 rietur.
384 1410 458 1478 Etsi
486 1407 581 1475 enim
607 1431 686 1475 vere
712 1408 891 1475 credentes
914 1419 947 1474 et
970 1406 1083 1476 renati
1112 1406 1189 1474 luce
1243 1421 1293 1475 sta
1313 1406 1419 1490 dicit,
1447 1403 1569 1476 loann.
1586 1407 1640 1474 3.:
1676 1405 1749 1495 Qui
1769 1407 1881 1478 credit
1902 1410 1940 1477 in
1963 1410 2099 1490 filium,
2133 1407 2239 1482 babet

200 1514 404 1604 Evangelii,
446 1505 538 1579 hanc
573 1532 713 1577 carnem
745 1509 1018 1578 contaminatam
1049 1522 1191 1607 peccato
1215 1539 1219 1575 :
1244 1510 1352 1577 vitam
1368 1523 1569 1590 aeternam,
1602 1523 1635 1579 et
1653 1506 1777 1580 loann.
1796 1509 1832 1583 9.
1850 1512 1922 1600 ipse
1938 1507 2105 1582 Christus
2122 1513 2240 1581 iuter-

201 1625 403 1709 deponunt,
427 1626 544 1682 tamen
565 1635 638 1679 non
656 1611 877 1695 moriuntur,
898 1610 935 1679 id
961 1622 1030 1698 est,
1062 1611 1188 1679 fiducia
1243 1625 1358 1700 rogat:
1402 1609 1461 1679 Tu
1486 1611 1598 1679 credis
1621 1612 1658 1678 in
1688 1613 1800 1680 filium
1825 1610 1917 1682 Dei?
1951 1627 1985 1682 et
2009 1614 2046 1682 in
2076 1618 2242 1707 l.capite

201 1717 336 1794 Christi
360 1716 515 1786 retinent
536 1738 675 1804 pacem,
716 1728 750 1783 et
774 1712 944 1781 laetitiam
970 1736 1049 1802 erga
1066 1712 1192 1796 Deum,
1244 1716 1336 1782 clare
1353 1713 1480 1783 tradita
1496 1725 1546 1781 est
1563 1716 1759 1798 sententia,
1785 1718 1879 1807 qtaod
1899 1716 1937 1783 in
1952 1711 2097 1787 Christo
2114 1719 2157 1787 sit
2174 1740 2241 1786 na-

202 1849 267 1893 nec
290 1821 543 1911 opprimuntur
567 1838 673 1885 sensu
699 1816 773 1883 irae
796 1815 880 1905 Dei,
916 1828 949 1884 et
973 1838 1121 1906 pavore,
1153 1839 1193 1882 ac
1243 1830 1322 1886 tura
1362 1815 1502 1898 divina,
1561 1839 1623 1904 per
1656 1842 1761 1908 quarn
1797 1819 1917 1886 omnia
1957 1821 2100 1888 condita
2142 1836 2240 1893 sunt.

113 1930 121 1939 ”
202 1922 467 2016 desperatione,
493 1919 583 1988 sicut
599 1917 703 1998 Saul,
733 1916 854 1996 ludaS,
889 1930 923 1987 et
948 1918 1098 1997 similes,
1131 1919 1192 1986 sed
1246 1920 1488 2007 Agnoscamus
1520 1919 1629 2006 igitur
1660 1920 1698 1986 in
1726 1920 1950 1989 invocatione
1984 1919 2241 2006 Mediatorem,

202 2028 309 2100 erecti
325 2027 391 2094 lide
407 2035 591 2092 transeunt
614 2045 654 2086 ex
672 2016 736 2088 ltac
752 2021 822 2088 vita
845 2020 881 2085 iu
905 2020 1071 2099 alteram,
1104 2019 1195 2088 sicut
1246 2046 1319 2088 non
1353 2033 1492 2089 tantum
1521 2044 1593 2088 esse
1624 2014 1830 2108 hominem,
1881 2026 1939 2091 sed
1977 2022 2083 2092 etiam
2114 2040 2241 2096 natura

104 2121 105 2124 ¹
203 2132 330 2221 cap.8.
355 2127 500 2195 dicitnr:
553 2122 626 2210 Qui
657 2145 854 2191 sermonem
882 2147 997 2191 meum
1029 2123 1194 2202 servabit,
1245 2124 1357 2191 lilium
1375 2120 1462 2207 Dei,
1490 2147 1669 2216 perquem
1687 2124 1805 2192 omnia
1824 2127 1966 2196 condita
1992 2140 2076 2195 sunt
2103 2141 2139 2197 et
2164 2150 2243 2197 sus·

203 2258 277 2303 non
295 2228 448 2320 gustabit
468 2240 628 2294 mortem.
1219 2276 1222 2315 ‚
1245 2238 1447 2307 tentantur,
1482 2225 1573 2295 sicut
1597 2228 1640 2294 ad
1663 2222 1754 2297 Heb.
1778 2231 1808 2297 1.
1834 2227 1983 2311 dicitur,
2017 2229 2079 2321 qtri
2104 2253 2243 2323 semper

307 2333 498 2423 Postquam
529 2341 646 2396 autem
674 2322 838 2394 Christus
862 2351 961 2395 suam
986 2327 1192 2394 coercionem
1219 2320 1223 2475 ι
1247 2329 1360 2398 adfuit
1384 2322 1563 2396 Ecclesiae
1588 2351 1688 2410 suae,
1730 2342 1764 2397 et
1789 2330 1963 2400 affuturus
1989 2345 2058 2413 est,
2089 2332 2241 2428 ideoque

206 2436 387 2527 exposuit,
414 2445 448 2501 et
473 2430 577 2519 plane
601 2443 745 2498 testatus
776 2443 846 2508 est,
880 2452 915 2495 se
940 2430 1087 2527 missung
1111 2451 1195 2506 esse,
1249 2425 1581 2498 dicitanmanuel.
2210 2438 2213 2445 '

204 2553 246 2610 ut
262 2537 395 2607 abolito
412 2546 571 2625 peccato,
596 2545 630 2601 et
646 2532 775 2599 abolita
791 2544 914 2612 morte,
942 2531 1103 2600 restituat
1118 2553 1194 2598 cre·
1348 2530 1438 2602 Cum
1457 2547 1572 2600 antem
1591 2533 1768 2601 invocatio
1787 2533 1861 2601 lieri
1878 2535 2003 2603 debeat
2020 2534 2150 2605 fiducia
2166 2536 2241 2623 filli,

205 2641 374 2713 dentibus
388 2635 562 2705 iusticiam
581 2647 613 2702 et
631 2634 739 2701 vitam
754 2645 944 2717 aeternam,
972 2636 1114 2702 tandem
1133 2656 1196 2722 po·
1246 2658 1384 2724 semper
1400 2634 1624 2722 cogitandum
1644 2649 1695 2703 est
1712 2636 1804 2705 inter
1819 2640 2056 2726 precandum,
2091 2639 2175 2732 quis
2198 2638 2240 2709 sit

205 2745 313 2815 stulat
335 2742 379 2810 ab
403 2737 575 2808 auditrice
605 2737 727 2815 bilem,
767 2748 800 2804 et
823 2735 904 2802 fidei
926 2736 1196 2821 confessionem,
1221 2818 1224 2845 1
1248 2739 1307 2806 ille
1322 2736 1518 2815 Mediator,
1546 2737 1608 2829 qni
1626 2738 1662 2804 in
1679 2761 1714 2805 se
1730 2738 1867 2806 derivat
1882 2739 1969 2807 iram
1987 2738 2072 2829 Dei,
2102 2755 2136 2810 et
2152 2756 2236 2832 pro'·

207 2845 388 2940 inquiens:
417 2837 541 2911 Credis
560 2836 650 2907 boc?
699 2834 797 2906 llaec
812 2851 987 2928 postrema
1005 2862 1072 2907 vox
1089 2837 1194 2906 etiam
1222 2854 1225 2895 t
1248 2855 1326 2930 pier
1341 2864 1445 2931 quem
1464 2863 1585 2906 sumus
1601 2840 1749 2930 recepti,
1778 2854 1811 2908 ,p
1829 2841 1890 2931 qui
1908 2866 2046 2932 sempe„
2068 2844 2183 2913 adsui,
2207 2857 2240 2914 et

206 2951 396 3037 diligenter
428 2942 682 3012 consideranda
710 2952 782 3023 est,
820 2954 860 3009 ut
889 2942 1065 3009 discamus
1089 2963 1194 3031 quam
1221 2900 1359 3031 iaderit
1388 2937 1569 3013 Ecclesiae.
1638 2941 1733 3010 llaec
1765 2944 1885 3010 omnia
1910 2932 2089 3016 ⁸omittunt
2113 2946 2151 3013 in
2177 2958 2235 3015 s'ua

121 3102 124 3110 ,
207 3074 327 3120 severe
343 3045 544 3139 requiratur
562 3041 666 3126 fides,
703 3056 736 3111 et
759 3056 891 3133 qtianta
909 3067 963 3110 res
987 3044 1030 3112 sit
1056 3041 1197 3133 aequie—
1221 3044 1225 3107 l
1248 3045 1475 3113 invocatione
1499 3067 1621 3111 omnes
1648 3047 1849 3132 ignorantes
1870 3042 2127 3134 Evangelium,
2150 3042 2253 3115 Etis-¹

208 3175 303 3223 scere
319 3152 404 3232 fide,
431 3147 527 3239 quod
545 3170 649 3237 quam
667 3144 810 3214 difficile
827 3145 884 3229 sit,
912 3146 1048 3238 etquid
1067 3145 1130 3223 sit,
1159 3144 1197 3210 in
1221 3114 1225 3209 l
1250 3147 1341 3228 niei,
1370 3144 1506 3235 ludaei,
1534 3142 1818 3226 lltlahometistae,
1832 3159 1879 3215 et
1895 3148 1955 3215 alii
1974 3149 2098 3238 impii,t
2125 3148 2229 3219 Aba.
2249 3154 2253 3195 :

210 3279 289 3323 vera
323 3251 547 3320 invocatione
572 3262 604 3315 et
629 3270 712 3314 vero
749 3269 861 3335 agone
894 3248 1100 3316 discendnm
1136 3259 1199 3326 est,
1249 3265 1329 3318 rant
1352 3248 1460 3334 igitur
1481 3272 1499 3316 a
1520 3245 1614 3327 Deo,
1649 3273 1728 3316 enm
1753 3264 1880 3338 negent
1906 3245 2003 3318 bunc
2024 3272 2100 3320 esse
2116 3249 2253 3332 Deoua*

209 3359 327 3426 verbis
346 3352 515 3420 nonsatis
533 3349 702 3416 declarari
720 3363 843 3438 potest.
890 3347 1072 3438 Vagantnr
1087 3347 1198 3415 animi
1249 3353 1311 3444 qui
1328 3350 1422 3418 misit
1440 3350 1571 3431 filium,
1600 3366 1631 3420 et
1650 3352 1812 3440 patefecit
1831 3375 1865 3419 se
1882 3347 1950 3419 boc
1973 3354 2083 3422 verbo
2108 3354 2224 3424 tradito

146 3514 154 3524 .
208 3462 283 3529 sine
300 3459 389 3538 fide,
415 3468 448 3520 et
465 3478 538 3520 non
555 3452 748 3520 atlmittunt
764 3466 890 3520 certam
909 3450 1199 3533 consolationem,
1250 3478 1312 3543 per
1332 3447 1545 3550 Prophetas,
1571 3446 1767 3535 Christum,
1794 3467 1827 3522 et
1844 3448 2048 3544 Apostolos.
2101 3455 2158 3527 Sic
2173 3460 2253 3522 au·⁴

208 3565 270 3634 sed
287 3584 366 3628 eum
383 3557 451 3624 lide
467 3554 744 3646 acquiescuntin
767 3554 1000 3643 promissione
1026 3553 1199 3622 traditaa
1251 3571 1318 3623 tem
1359 3554 1475 3646 inquit
1510 3549 1689 3623 Christus:
1743 3553 1815 3643 Qui
1858 3580 1930 3623 non
1966 3556 2074 3626 aflicit
2104 3552 2223 3627 bonore

208 3664 298 3746 Deo,
325 3659 443 3748 vagari
458 3658 635 3736 desinunt,
661 3669 695 3723 et
711 3656 896 3746 tranquilli
915 3669 1094 3742 expectant
1113 3678 1198 3722 con·
1251 3655 1382 3738 filium,
1409 3680 1482 3723 non
1499 3657 1606 3725 afficit
1620 3652 1756 3725 bonore
1776 3671 1921 3748 patrem.
1969 3657 2110 3729 Deinde
2133 3662 2220 3729 etiem

211 3766 439 3843 solationem,
473 3773 507 3828 et
524 3758 730 3827 auxilinma
752 3757 846 3836 Deo,
880 3773 915 3826 nt
942 3758 1050 3846 igitur
1073 3757 1200 3824 mulie·
1252 3761 1453 3847 ignorantes
1486 3757 1738 3847 Evangelinm,
1790 3761 1950 3829 nesciunt
1981 3786 2027 3830 an
2058 3762 2142 3831 velit
2172 3781 2222 3827 aas

210 3894 283 3940 rem
311 3868 503 3951 interrogat
521 3857 697 3932 Christus:
732 3857 856 3928 Credis
878 3857 967 3928 boc?
1018 3843 1199 3928 ltaunus·
1252 3865 1351 3932 Deus
1371 3863 1525 3950 recipere
1553 3875 1588 3930 et
1610 3862 1794 3946 exaudire,
1828 3877 1943 3931 etcnr
1969 3865 2054 3935 velit
2076 3868 2223 3962 recipere,

210 3973 359 4066 quisque
374 3989 448 4036 sese
464 3963 674 4051 interrogari
690 3963 790 4032 sciat:
820 3961 934 4031 Audis
950 3958 1041 4030 banc
1056 3961 1201 4029 vocem?
1251 3989 1330 4034 enm
1349 3986 1404 4032 res
1423 3963 1496 4050 ipsa
1513 3966 1674 4033 ostendat
1693 3988 1757 4032 nos
1779 3965 1944 4053 indignos
1968 3989 2053 4040 esse,
2106 3963 2223 4036 Omnes

212 4074 341 4143 Venite
367 4073 410 4138 ad
433 4094 490 4136 me
522 4088 644 4135 omnes
672 4066 733 4156 qui
767 4065 955 4145 laboratis,
1001 4078 1033 4133 et
1064 4063 1202 4132 onerati
1225 4126 1228 4161 1
1252 4068 1348 4137 eninr
1367 4067 1617 4156 experiuntur,
1645 4090 1680 4133 se
1695 4067 1875 4159 aliquibus
1901 4068 1996 4137 vitiis
2020 4070 2224 4141 contamina.

211 4178 315 4253 estis,
343 4197 404 4262 ego
420 4172 572 4239 reficiam
598 4190 670 4238 vos.
731 4164 799 4235 Hie
821 4167 909 4235 scias
933 4192 1014 4235 mox
1037 4167 1119 4234 addi
1143 4166 1200 4233 in·
1226 4174 1228 4257 l
1253 4185 1306 4239 tos
1321 4191 1405 4238 esse.
1455 4166 1500 4238 Ut
1520 4168 1628 4257 igitur
1643 4183 1796 4237 nostram
1815 4169 2077 4240 invocationem
2096 4175 2139 4240 ab
2154 4170 2224 4239 alia·

211 4279 501 4365 terrogationem,
541 4270 665 4342 Credis
694 4265 785 4338 lroc'?
843 4268 915 4356 Qui
940 4294 1012 4336 nou
1037 4274 1201 4352 eredunt,
1225 4268 1229 4355 l
1254 4297 1332 4342 rum
1367 4270 1524 4360 gentimn
1558 4271 1783 4340 invocatione
1811 4273 2051 4359 seiungamus,
2085 4276 2225 4365 cogitan-

212 4380 395 4449 iastidiunt
416 4371 504 4442 lianc
522 4373 812 4451 consolationem,
840 4371 910 4439 imo
927 4371 1030 4441 tacite
1048 4374 1199 4441 oderunt
1226 4378 1229 4472 ξ
1254 4379 1339 4443 dnm
1361 4388 1410 4441 est
1436 4373 1513 4464 qrris
1536 4373 1580 4442 sit
1605 4374 1698 4442 silius
1720 4373 1797 4443 Dei.
1857 4370 1936 4443 Etsi
1960 4376 2055 4443 euim
2082 4366 2239 4466 co‘mpre·¹

212 4499 246 4552 et
270 4491 446 4573 qiiaerunt
471 4479 573 4559 adias,
611 4477 671 4543 sed
694 4477 876 4543 credentes
902 4474 978 4543 voci
992 4469 1125 4544 Christi
1144 4498 1201 4542 ar·
1226 4484 1230 4583 ἱ
1256 4475 1362 4545 bendi
1380 4477 1545 4544 maiestas
1561 4490 1656 4566 tauta
1676 4500 1750 4544 non
1765 4491 1895 4567 potest,
1923 4491 2040 4546 tamen
2059 4474 2253 4547 Densum*

212 4585 417 4678 quiescunt,
445 4593 478 4646 et
495 4579 632 4667 abipso
661 4577 939 4647 consolationem
968 4590 1001 4645 et
1030 4576 1201 4644 auxilium
1227 4588 1229 4653 ξ
1256 4604 1319 4647 tius
1337 4581 1482 4645 verbnm
1500 4603 1603 4644 suum
1627 4592 1764 4660 tenere,
1813 4595 1845 4648 et
1871 4580 2023 4666 dirigere
2049 4581 2228 4651 invocatio-

214 4698 410 4777 expectant·
1226 4660 1230 4801 l
1255 4707 1334 4749 uem
1351 4683 1393 4748 ad
1414 4681 1515 4747 illum
1536 4681 1668 4763 Deum,
1695 4681 1756 4773 qui
1777 4677 1841 4750 boc
1856 4683 2003 4750 verbum
2022 4685 2180 4764 tradidit,
2203 4692 2239 4751 ct¹

1255 4786 1303 4853 sic
1319 4807 1354 4850 se
1374 4783 1545 4869 patefecit.

1357 4881 1494 4953 Eodem
1519 4885 1671 4973 pertinet
1694 4886 1799 4956 altera
1825 4911 1924 4977 pars,
1959 4890 2055 4978 quod
2081 4887 2253 4957 videlicet¹

314 4989 498 5065 Confessio
522 4985 783 5080 perspicua-est
804 4990 847 5054 de
863 4985 1013 5068 blessia,
1047 5002 1077 5055 et
1105 5002 1141 5055 nt
1166 4988 1202 5054 in
1256 5010 1396 5056 necesse
1421 4987 1466 5055 sit
1494 4987 1589 5054 credi
1625 4983 1720 5056 hunc
1750 4988 1864 5058 lesum
1898 5003 2019 5058 natum
2052 5014 2095 5059 ex
2119 4988 2235 5070 Maria,

214 5099 360 5169 caeteris
383 5087 553 5168 locisbae
573 5089 685 5158 clarae
705 5089 942 5156 conlessiones
963 5092 1203 5156 observandae
1256 5089 1459 5159 crucifixum
1494 5088 1531 5156 in
1551 5087 1771 5183 ¹ierosolyma
1800 5095 1836 5158 in
1869 5092 1931 5159 illo
1962 5105 2140 5181 tempore,
2173 5110 2236 5163 esst

214 5218 316 5286 snvvt,
356 5189 552 5268 utillattli.
578 5190 636 5262 16.
670 5190 1008 5262 toann.t.3.›et9.
1036 5193 1082 5259 ita
1108 5187 1203 5260 hunc
1256 5191 1436 5264 Messiam.
1498 5184 1656 5284 Tempus
1681 5208 1713 5264 et
1738 5194 1854 5263 lorum
1877 5194 2038 5264 delinivit
2062 5192 2177 5280 Deus,
2199 5214 2248 5264 ue-

215 5307 329 5372 locum
361 5298 561 5369 meminisse
586 5295 748 5384 prodest,
785 5295 845 5384 qui
865 5295 908 5359 de
928 5294 1071 5361 dualnis
1094 5296 1203 5363 maxi·
1256 5295 1486 5384 vagabundae
1515 5311 1648 5367 mentes
1678 5311 1849 5387 qttaerant
1879 5296 1996 5364 varios
2026 5300 2240 5377 mediatores,

215 5407 280 5474 mis
299 5405 401 5472 rebus
420 5401 584 5469 lectorem
602 5398 723 5479 docet,
748 5409 781 5464 et
800 5398 892 5487 qnod
912 5396 971 5462 ille
990 5393 1083 5488 lesus
1100 5412 1204 5468 natus
1228 5440 1232 5493 Ι
1257 5400 1345 5487 sieut
1362 5399 1537 5468 linxerunt
1554 5393 1703 5468 Ethni‘ci
1720 5401 1814 5468 varia
1834 5399 1999 5478 uirtuina,
2027 5401 2169 5490 frugum
2185 5403 2242 5471 de·

375 4847 462 4943 Ego
481 4843 601 4930 credo,
628 4853 726 4944 qarod
742 4858 780 4915 ta
800 4873 834 4917 es
853 4840 1039 4921 Christus.
