4522 5782
59 142 236 303 ”m
749 202 1633 307 ruuucnscuwncxconm
1726 290 1734 299 .
2120 218 2196 299 aa

167 399 358 473 admodum
383 392 457 475 illi,
492 389 553 485 qui
574 383 777 459 iaculantur
797 383 844 454 ad
859 395 995 455 certum
1012 401 1159 474 scopum
1208 410 1349 477 eumue,
1372 413 1435 463 reu
1449 414 1519 487 qu,
1534 412 1600 461 nos
1614 390 1713 463 nem
1727 389 2008 483 „puppium
2061 390 2202 466 elain,

168 503 329 592 dirigunt
343 498 473 581 telum,
497 494 547 562 ita
569 489 686 561 omnis
707 485 819 556 animi
842 484 1008 578 cogitatio
1026 485 1072 555 ad
1088 496 1159 554 sta·
1210 486 1295 561 haec
1319 493 1563 584 intelligentur
1588 517 1667 562 cum
1693 493 1884 565 definietur
1904 495 2010 567 etiarn
2044 489 2203 566 humana

169 600 390 691 rumpetur
406 597 451 667 ad
467 617 612 686 scopum
629 590 812 679 dirigenda
828 602 891 659 est.
948 584 1106 657 Proinde
1121 583 1160 654 ln
1210 593 1349 664 iusticia
1367 618 1429 667 seu
1443 596 1559 665 civilis
1577 594 1736 681 iusticia,
1761 620 1851 691 quac
1869 597 2052 688 colligitur
2068 599 2201 669 nostris

169 701 236 777 hac
260 702 419 795 Epistola
446 695 610 789 inprimis
633 693 875 762 observandus
891 701 944 759 est
965 683 1025 758 hic
1046 689 1159 771 locus,
1212 695 1348 767 viribus
1364 712 1397 769 et
1412 698 1601 790 operibus,
1626 710 1660 767 et
1686 722 1767 767 cum
1791 698 1851 769 fiet
1872 698 2091 789 comparatio
2117 701 2202 771 defi.

37 818 45 839 ‘
169 805 256 878 haec
272 801 479 895 principalis
495 811 545 868 est
561 797 670 867 totius
683 816 807 862 causae
830 791 1046 884 propositio,
1072 783 1161 859 haec
1213 798 1404 871 ultionum,
1461 797 1625 888 Quantae
1648 813 1765 869 „mem
1788 801 2047 871 comolgpfione,
2071 803 2111 870 i„
2137 796 2204 872 hot

171 908 331 978 delinitio
363 918 413 973 est
434 898 658 973 Christianae
682 895 856 973 iusticias,
891 895 986 988 quod
1021 891 1162 961 iusticia
1214 901 1293 971 loco
1321 900 1452 972 territis
1481 901 1706 971 caristientiis
1739 902 1940 993 propositae
1966 905 2062 984 siut,
2104 905 2204 975 nulla

173 1014 219 1081 sit
251 1011 410 1089 credere,
450 1004 545 1097 quod
578 1013 721 1092 propter
743 970 926 1067 Christum
951 993 990 1062 in
1013 993 1163 1083 gratiam
1215 997 1704 1102 voxhumauaprodignitate
1721 1004 1893 1096 explicare
1904 1019 2026 1097 potest.
2053 1005 2205 1077 Etiamsi

172 1112 282 1205 palrls
301 1108 533 1198 recipiamur,
561 1103 655 1196 quod
672 1093 836 1170 Christus
856 1096 902 1167 all
925 1098 1105 1166 redemtor
1127 1107 1164 1164 el
1216 1104 1473 1196 decimemus,
1498 1119 1616 1174 tamen
1640 1108 1825 1177 credamus
1849 1130 1915 1177 nos
1939 1121 2084 1199 propter
2099 1105 2205 1181 Chri.

174 1209 489 1307 propiciatorium,
530 1207 623 1297 quod
649 1212 794 1292 propter
816 1223 897 1268 euru
926 1198 1054 1287 gratis,
1088 1196 1165 1269 sine
1217 1219 1460 1298 stomapatre
1476 1209 1513 1275 in
1531 1207 1680 1296 gratiam
1696 1207 1806 1299 recipi
1828 1209 1947 1297 gratis.
2004 1207 2098 1281 Nam
2122 1206 2206 1281 haer

175 1315 308 1385 nostris
324 1310 459 1380 meritis
477 1306 729 1393 iustificemur,
755 1302 784 1369 si
800 1303 994 1372 credamus.
1220 1308 1360 1379 iusticia
1375 1309 1451 1379 sine
1467 1310 1543 1398 lege
1568 1309 1707 1400 patefit,
1732 1306 1952 1401 blasphemia
1977 1324 2030 1381 cst
2044 1312 2085 1381 in
2099 1307 2205 1382 Chri·

279 1410 479 1504 Propositio
504 1408 685 1501 aliquanto
713 1402 878 1495 pluribus
901 1401 1019 1472 verbis
1041 1399 1167 1472 vestita
1221 1424 1334 1496 stum,
1359 1424 1393 1482 et
1409 1411 1653 1502 propiciatorii
1669 1407 1923 1502 prophanatio,
1952 1437 2027 1482 uon
2050 1416 2206 1506 accipere

178 1533 240 1591 est.
302 1514 489 1584 Accedunt
516 1511 611 1581 enlm
638 1505 933 1579 circumdantia&
991 1500 1088 1573 Haec
1110 1502 1168 1572 iu·
1219 1512 1518 1593 consolationem,
1552 1536 1626 1581 non
1651 1513 1758 1603 erigi,
1793 1515 1911 1584 oblata
1937 1539 2000 1606 per
2023 1512 2206 1587 Christum

178 1619 275 1691 stiria
293 1640 382 1709 qnae
399 1613 515 1706 patefit
531 1606 798 1699 inEvangelio,
824 1606 911 1676 olim
929 1599 1169 1696 etaProphe·
1220 1614 1379 1706 iusticia,
1405 1616 1466 1684 sed
1491 1616 1695 1705 desperare,
1729 1615 1812 1709 quia
1835 1617 1950 1687 desint
1973 1615 2078 1689 nohis
2102 1640 2206 1710 opera

177 1724 224 1794 tis
245 1719 440 1812 praedicata
467 1728 527 1784 est.
586 1710 675 1784 ltem
699 1735 740 1781 ex
764 1708 955 1783 contrario.
1007 1703 1169 1779 Christus
1219 1717 1326 1785 bona.
1377 1714 1441 1787 Est
1454 1730 1490 1786 et
1505 1711 1723 1806 blasphemia
1738 1718 1867 1805 eligere
1884 1742 1992 1811 opera
2015 1714 2083 1789 bac
2100 1733 2207 1812 spect

179 1820 343 1916 apparuit
360 1820 434 1887 sine
449 1817 536 1904 lege.
1221 1818 1411 1908 opinione,
1444 1833 1484 1888 ut
1500 1842 1563 1909 per
1579 1842 1619 1887 ea
1642 1817 1884 1893 iustificantur.
1943 1821 1986 1889 ln
2009 1816 2106 1893 hanc
2128 1844 2206 1891 sen·

282 1920 346 1991 Εδῑ
376 1909 1023 2006 1111111Ρᾶΐῑῑῦῦιᾶἷῦῑθῐῖΰδῖἕῦθῦ
1062 1904 1170 1980 h[¹3⁰⁸
1220 1920 1366 1992 tentiam
1404 1921 1565 2013 sequitur
1595 1920 1842 2013 amplificatio,
1881 1922 2021 2008 exclusa
2050 1937 2107 1996 cst
2133 1924 2208 2014 glo·

179 2022 362 2117 Epistulae
378 2019 568 2090 sententias
582 2038 793 2105 magnopere
808 2015 1043 2095 observanda,
1069 2013 1165 2105 quod
1219 2022 1337 2096 riano,

181 2126 261 2197 sine
279 2127 352 2213 lege
374 2122 525 2191 revelata
545 2119 590 2188 sit
615 2117 753 2189 iusticia
773 2111 853 2189 Dei.
911 2115 1026 2185 Docet
1050 2114 1184 2185 autem
1235 2132 1240 2143 ·

181 2254 257 2299 stou
281 2226 417 2296 venisse
442 2219 645 2304 Christum,
689 2232 728 2287 ut
750 2217 861 2306 legem
883 2217 1012 2303 ferret,
1046 2228 1085 2285 ut
1109 2239 1172 2307 per

182 2346 304 2402 nostra
337 2349 442 2418 opera
466 2345 686 2392 mereremur
708 2319 899 2389 iusticiam:
939 2320 1000 2388 sed
1025 2319 1173 2403 venisse,

182 2447 225 2502 ut
239 2431 345 2521 gratis
362 2430 436 2495 sine
455 2424 584 2494 nostris
600 2422 734 2491 meritis
751 2423 934 2490 credentes
957 2419 1172 2494 iustificaret.

183 2531 338 2605 Memini
366 2523 591 2600 scholasticos
613 2524 717 2593 anxie
741 2545 927 2615 quaerere,
970 2545 1058 2614 quas
1081 2522 1172 2611 leges

185 2648 324 2728 praeter
342 2629 547 2718 decalogum
572 2641 674 2697 autea
694 2624 906 2709 revelatum,
933 2617 1098 2694 Christus
1119 2640 1175 2693 tu·

185 2737 280 2808 lerit.
330 2730 440 2826 Atqui
457 2731 555 2799 nulla
572 2752 664 2797 nova
684 2726 740 2796 lex
766 2726 967 2819 quaerenda
992 2738 1053 2798 est
1105 2722 1175 2793 Hic

188 2837 374 2909 manifeste
391 2832 523 2903 Paulus
538 2844 674 2921 separat
691 2830 736 2898 ab
752 2825 948 2917 Evangelio
969 2827 1104 2918 legem,
1136 2850 1176 2896 ac

1323 2171 1446 2243 Somta
1478 2187 1531 2244 est
1558 2185 1675 2243 autem
1706 2174 1931 2267 amplificatio
1960 2177 2210 2270 propositionis

1223 2300 1263 2346 ex
1280 2275 1377 2344 finali
1403 2298 1515 2348 cansa.
1568 2274 1606 2345 Si
1629 2300 1734 2367 opcra
1751 2277 1837 2367 legis
1861 2278 2111 2363 iustificarent,
2136 2281 2209 2349 finis

1224 2390 1476 2469 operumesset
1493 2376 1617 2444 mereri
1631 2380 1792 2466 gratiam.
1829 2375 1931 2449 Esset
1946 2395 1981 2452 et
2001 2382 2133 2453 fiducia
2147 2407 2207 2452 uo·

1224 2481 1287 2550 stri
1304 2503 1364 2548 seu
1382 2478 1544 2569 gloriatio
1560 2478 1654 2548 linis.
1706 2478 1811 2549 Nunc
1835 2498 1990 2554 cessante
2014 2506 2138 2569 causa,
2172 2498 2209 2557 ut

1225 2581 1343 2665 aiunt,
1367 2595 1477 2650 cessat
1499 2578 1660 2650 effectus:
1695 2582 1863 2671 operibus
1887 2586 2017 2655 nostris
2041 2586 2211 2657 adimitur

1226 2682 1438 2753 iustificatio.
1495 2677 1592 2771 Ergo
1615 2682 1787 2754 adimitur
1808 2686 1912 2756 nobis
1936 2684 2062 2758 fiducia
2091 2689 2212 2773 nostri,

1228 2799 1260 2855 et
1275 2784 1452 2872 gloriatio.
1511 2781 1592 2852 Non
1617 2785 1699 2854 ideo
1721 2786 1832 2875 magis
1854 2802 2010 2858 meretur
2034 2790 2212 2862 iustificari

189 2944 292 3011 docet
312 2933 493 3009 Christum
518 2932 654 3002 adferre
683 2930 857 2999 iusticiam
880 2929 988 3019 gratis
1011 2929 1088 2998 sine
1110 2953 1177 2998 no·
1227 2886 1379 2958 1⁰³¹¹¹¹⁰⁵
1395 2907 1516 3003 ,quam
1541 2883 1772 3004 Magdalena,
1802 2890 1896 3006 flul³
1927 2889 2079 3009 ¹⁰³¹f¹¹¹⁰⁸
2100 2893 2222 2963 muli*

190 3043 272 3114 stris
288 3039 436 3118 meritis,
462 3031 643 3106 Christum
658 3046 821 3102 non'esse
837 3031 1087 3121 legislatorem,
1114 3032 1174 3100 sed
1228 3002 1354 3107 ΨΜ
1371 3000 1471 3059 mn·
1524 2984 1643 3080 Al‘lue
1665 2981 1726 3057 ¹¹¹⁰
1751 2990 1867 3060 (ΜΠ
1886 3007 2060 3084 felleum?
2082 3019 2212 3087 propo·

190 3146 436 3215 redemporem·
469 3136 540 3208 Lex
557 3160 620 3227 per
633 3133 775 3204 Mopse„
793 3135 874 3204 data
891 3148 961 3218 m,
987 3156 1051 3224 per
1065 3127 1173 3203 Chri·
1228 3090 1325 3159 sitio:
1352 3085 1582 3158 Arbitrantur
1598 3085 1779 3159 hominem
1797 3093 1976 3163 iustificari
1990 3096 2078 3181 tide,
2107 3110 2142 3167 ct
2157 3121 2212 3166 ex·

191 3262 283 3318 stom
300 3246 453 3312 donatur
468 3238 626 3308 remissio
643 3250 863 3327 peccatorum
881 3248 915 3304 et
925 3234 1079 3327 Spiritus
1094 3257 1175 3304 sau·
1228 3192 1340 3261 ‘¹⁰⁶¹‘
1356 3202 1593 3331 ⁰⁰⁰¹¹³l¹¹¹fm2
1617 3193 1694 3309 ⁵59⁰
1711 3195 1879 3314 ⁰P⁰¹lb¹l⁸
1896 3195 2005 3315 1‘8550·
2046 3196 2103 3267 Ad
2121 3195 2212 3269 hunc

192 3363 282 3419 ctus·
340 3343 545 3413 Additus,
572 3338 832 3409 circumstantia
864 3337 990 3420 etiam,
1022 3338 1066 3406 ad
1088 3359 1177 3429 quos
1229 3288 1878 3366 modumdetrahrtbducramnostrrs
1907 3301 2077 3388 operibus
2103 3317 2138 3373 et
2162 3324 2212 3370 sa-

191 3448 364 3541 pertineat
381 3443 516 3513 iusticia
533 3441 681 3510 revelata
696 3441 733 3509 in
747 3437 954 3527 Evangelio.
1005 3438 1067 3507 Ait
1081 3441 1176 3505 euim
1228 3394 1500 3511 ¹i⁸l³⁰¹l⁰⁰5'‘¹{⁸·
1566 3393 1783 3517 &queretur
1811 3400 1906 3467 enlm
1938 3400 2067 3472 fiducia
2092 3404 2211 3494 ¹¹⁰⁵“h

193 3553 231 3620 in
254 3570 392 3630 omues,
432 3561 465 3615 et
495 3567 601 3633 super
621 3564 743 3612 omnes
766 3540 966 3625 credentes,
994 3554 1029 3610 et
1051 3542 1177 3631 repetit
1229 3511 1394 3589 “mlum
1412 3495 1510 3580 s¹¹¹¹⁸’
1537 3519 1642 3585 ‘'pes‘'
1657 3522 1686 3566 ⁵¹
1704 3500 1943 3577 ¹⁰⁵¹¹fi⁰³l0¹¹b

193 3653 344 3743 primam
370 3645 670 3738 propositionem,
708 3665 831 3712 omnes
862 3657 1112 3733 peccaverunt,
1143 3657 1177 3713 et
1331 3644 1457 3715 Brevis
1473 3647 1656 3736 occupatio
1671 3650 1790 3721 addita
1813 3666 1882 3725 est:
1913 3651 2008 3725 Num
2035 3656 2214 3729 abolem„

195 3775 318 3824 omnes
334 3763 416 3819 suut
439 3747 538 3815 vacui
553 3745 663 3834 glorio
681 3743 745 3815 Ilei
755 3796 767 3828 ,
794 3745 830 3813 id
855 3758 926 3829 est,
953 3744 1085 3815 noticia
1102 3742 1181 3828 Dei,
1229 3749 1368 3840 legem?
1401 3746 1492 3817 Nam
1507 3751 1673 3819 omnihus
1691 3753 1786 3821 sanis
1803 3749 2029 3841 hominibus,
2056 3783 2140 3830 curn
2156 3782 2214 3831 au-

195 3855 324 3925 liducia
355 3875 434 3940 erga
458 3848 583 3921 Deum.
641 3846 775 3918 Sumsit
801 3859 1051 3916 ornamentum
1074 3847 1180 3918 etiam
1231 3855 1335 3922 diunt
1359 3874 1433 3918 rron
1453 3850 1581 3919 mereri
1613 3875 1678 3922 uos
1706 3856 1873 3943 operibus
1908 3860 2104 3948 iusticiam,
2143 3888 2213 3933 nnn

197 3983 238 4027 ex
254 3956 358 4050 typis.
410 3948 572 4024 Christus
596 3962 647 4018 est
667 3947 887 4041 propositus,
920 3961 962 4017 ut
984 3949 1030 4016 sit
1052 3949 1180 4040 propi·
1231 3954 1342 4043 magis
1359 3950 1528 4021 loannem
1547 3954 1673 4022 mereri
1690 3953 1885 4039 iusticiam,
1911 3985 2018 4052 quam
2035 3960 2214 4054 Magdala·

197 4050 402 4139 ciatorium,
424 4055 482 4122 sed
501 4076 564 4143 per
586 4052 709 4134 fidem,
736 4049 835 4142 quasi
862 4050 972 4130 dicat,
999 4046 1181 4122 Christum
1232 4081 1330 4124 narrt:
1357 4076 1496 4122 rrecesse
1515 4066 1566 4124 est
1587 4055 1624 4123 iu
1648 4072 1801 4127 mentem
1824 4062 1962 4144 venire,
1995 4068 2092 4156 quod
2116 4069 2212 4138 liceat

198 4185 271 4229 esse
288 4156 411 4227 verum
427 4155 515 4224 illud
534 4153 845 4244 propiciatorium,
876 4175 941 4242 per
965 4155 1061 4243 quod
1085 4168 1179 4245 patet
1232 4159 1384 4247 turpiter
1401 4156 1540 4238 vivere,
1565 4159 1660 4248 quod
1685 4159 1738 4227 lex
1769 4161 1817 4229 ita
1843 4163 2045 4249 aboleatur,
2077 4183 2118 4239 ul
2139 4193 2216 4261 Pec-

198 4264 315 4331 aditus
330 4263 371 4328 ad
392 4272 536 4348 patrem.
589 4253 688 4325 Sicut
713 4255 805 4344 apud
831 4253 1121 4344 propiciatorium
1143 4257 1180 4324 iu
1231 4259 1334 4330 cartili
1361 4257 1499 4327 licentia
1537 4260 1762 4334 correedatur.
1828 4261 1961 4336 Paulus
1984 4269 2142 4340 breviter
2164 4296 2216 4341 re.

189 4352 424 4432 'taberoaculo
449 4358 660 4449 promiserat
674 4352 787 4438 Deus,
820 4377 857 4423 se
880 4357 1086 4426 auditurum
1111 4380 1184 4428 esse
1231 4363 1382 4453 spondet
1404 4362 1447 4428 ad
1471 4352 1564 4430 hauc
1585 4363 1839 4449 obiectionem,
1874 4391 1956 4436 nam
1979 4370 2074 4440 infra
2096 4375 2213 4444 eadem

199 4479 281 4534 vota
298 4477 330 4532 et
347 4485 464 4551 preces
481 4459 672 4551 pontilicis:
705 4459 765 4526 sed
789 4480 884 4526 cesso
906 4480 1029 4527 omnes
1050 4483 1183 4551 propo.
1233 4462 1390 4556 quaestio
1406 4461 1546 4551 copiose
1563 4464 1779 4539 tradamur·
1808 4464 2023 4562 qmopnq1¹3¹‚
2039 4496 2116 4544 non
2131 4477 2214 4546 abo·

200 4565 338 4636 sitiouis
357 4560 635 4631 circumstantias
651 4559 806 4630 recitare.
859 4557 941 4629 Non
956 4560 1049 4628 enim
1066 4564 1183 4632 scribo
1232 4566 1342 4634 lemus
1357 4563 1488 4653 legem,
1513 4565 1574 4635 sed
1598 4566 1813 4656 perficimus,
1843 4572 1926 4660 quia
1946 4573 2002 4641 lex
2026 4577 2177 4667 requirit
2196 4601 2213 4647 a

199 4664 504 4738 commentarium.
554 4662 739 4733 Caeterum
756 4661 959 4732 meminerit
974 4661 1083 4732 lector
1099 4688 1183 4755 pro·
1232 4667 1337 4736 nobis
1354 4664 1528 4736 iusticiam
1545 4691 1664 4739 coram
1686 4668 1772 4740 Deo.
1825 4667 1953 4764 Atqui
1980 4675 2020 4743 in
2034 4672 2213 4751 Christum

199 4769 387 4863 positionis
401 4787 591 4848 summam,
626 4775 660 4831 et
683 4786 757 4830 cam
775 4763 958 4833 dialectico
974 4789 1070 4834 more
1086 4790 1184 4834 com·
1232 4769 1362 4851 credit,
1385 4768 1651 4838 iamestiustus
1674 4795 1791 4839 coram
1816 4771 1909 4859 lleo,
1935 4770 2042 4850 habet
2062 4782 2214 4871 argola-

200 4866 408 4965 prehendat.
481 4864 621 4933 lustitia
656 4888 773 4933 1011111
804 4863 879 4934 Deo
910 4878 988 4957 esl,
1042 4870 1185 4939 credere
1232 4870 1285 4959 gis
1300 4871 1422 4948 linem,
1450 4871 1589 4940 tauretsi
1608 4887 1786 4961 peccatum
1804 4870 1920 4945 adhuc
1941 4879 1980 4946 in
2004 4903 2114 4953 carne
2134 4880 2214 4955 ltac-

201 4976 295 5069 quod
314 4985 456 5062 proptor
472 4962 655 5039 Christum
672 4968 824 5034 donetur
840 4967 945 5037 nobis
960 4970 1035 5038 sine
1052 4973 1183 5040 nostris
1231 4985 1316 5044 reat.
1368 4967 1414 5038 Et
1437 4982 1553 5059 tamen
1578 4973 1672 5040 idem
1696 4997 1777 5042 vere
1800 4974 1869 5044 iam
1899 4982 2061 5067 agnoscit
2089 4970 2215 5071 Deum,

200 5075 337 5146 meritis
358 5072 511 5150 iusticia,
543 5083 577 5137 et
597 5062 755 5136 remissio
781 5082 1013 5156 peccatorum.
1065 5073 1183 5166 Atque
1233 5068 1681 5155 reresentitDeurnnuhis
1703 5077 1842 5158 adesse,
1868 5102 2008 5152 seruarc
2030 5088 2216 5159 acdefen·

201 5164 286 5247 haec
302 5174 460 5247 definitio
479 5187 527 5241 cst
547 5169 704 5240 iustitiae
724 5162 959 5241 Christianae.
1012 5171 1071 5244 Sic
1087 5175 1181 5243 euim
1232 5177 1315 5246 dere
1345 5176 1536 5261 credentes,
1596 5172 1692 5244 llaec
1722 5177 1856 5266 primae
1887 5183 2027 5255 tabulae
2057 5188 2218 5280 impletio

200 5279 348 5349 docendi
374 5299 476 5347 causa
494 5271 718 5353 vocabimus,
753 5293 830 5338 cum
847 5268 981 5340 Paulus
1004 5289 1104 5345 vocet
1127 5277 1182 5346 iu·
1231 5292 1293 5347 est.
1343 5277 1431 5345 Item
1454 5276 1607 5366 concipit
1629 5277 1746 5346 omnis
1769 5284 1906 5369 generis
1927 5286 2043 5357 hunos
2063 5292 2219 5378 effeetus,

199 5378 335 5449 stiriam
360 5376 445 5462 Dei,
487 5373 636 5459 scilicet,
669 5395 738 5467 qua
763 5396 973 5447 uuscoram
994 5370 1074 5449 Deo
1097 5378 1181 5451 iusti
1229 5380 1278 5453 ita
1294 5379 1469 5451 secundae
1484 5379 1623 5479 tabulae
1644 5379 1785 5464 obedit,
1819 5386 1925 5459 datur
1946 5387 2043 5459 cuim
2064 5388 2223 5487 Spiritus
