4522 5782
108 176 188 257 267
591 174 595 178 ”
646 202 649 211 ·
708 171 834 247 ertu.
861 167 978 247 MEL
995 156 1211 247 'SCRll’TA
1235 164 1537 247 uxueurtcs.
2058 170 2140 257 Μ

113 355 183 433 tia,
208 364 242 418 et
263 346 596 438 conspiciebantur,
612 340 669 413 eui
686 338 762 412 Deo
783 354 1000 433 praestarent
1013 342 1102 413 obc-
1151 357 1203 415 tes
1225 344 1394 416 utilitates
1414 342 1576 434 pariunt,
1601 355 1636 413 et
1656 350 1798 413 econtra
1817 338 1918 434 parvi
1935 339 2053 433 lopsus
2065 353 2140 415 trs·.

113 451 307 534 dientism,
332 465 368 521 et
387 447 506 541 qualia
529 443 643 513 officia
665 443 726 513 ille
749 466 853 513 verus
869 442 965 515 Deus
981 457 1102 535 postu-
1151 442 1243 519 hunt
1276 470 1379 536 saepe
1420 468 1564 533 magnas
1594 443 1736 529 ruinas,
1777 459 1818 517 ut
1849 439 1995 515 historia
2026 440 2140 533 Adae,

113 553 222 632 lacet.
255 550 347 622 sicut
370 545 464 619 Psal.
493 545 627 639 inquit:
661 541 813 638 Propter
842 559 877 616 te
908 560 1103 617 mactamur
1150 543 1266 631 Esse,
1289 562 1325 618 et
1340 547 1410 617 alia
1425 547 1536 616 mults
1551 546 1708 636 exempla
1726 558 1910 619 testantur.
1958 543 2064 614 Nune
2081 568 2140 631 rsp-

115 667 189 725 tota
210 653 281 726 die.
331 648 451 723 Posito
474 662 509 719 et
533 659 697 716 manente
710 640 777 717 hae
791 648 929 736 regola,
954 673 999 717 ne
1016 648 1102 717 liant
1150 651 1308 739 spondeo
1328 651 1372 719 sd
1390 650 1586 718 secundum
1601 663 1865 738 argumentum:
1891 645 1974 717 Non
1988 648 2140 735 sunere,

112 778 220 847 opera
237 747 438 845 prohibita,
465 764 501 820 et
519 749 603 818 liant
619 762 822 845 praecepta,
847 750 982 819 accedit
999 771 1110 839 saepe.
1152 752 1296 820 ciendae
1326 750 1572 842 profusiones,
1603 750 1810 841 praesertim
1840 772 1931 820 cum·
1950 748 2140 837 defraudas¹

113 881 179 944 pro
200 856 364 925 libertate
380 853 526 945 spiritus
540 850 683 921 tertium
701 872 829 938 genus,
855 851 891 919 id
908 867 978 933 est.
1004 851 1099 943 quod
1151 852 1250 923 tione
1270 875 1483 944 pauperum,
1509 856 1570 922 sed
1593 848 1663 923 hoc
1680 865 1899 943 unguentum
1917 850 2063 939 triginta
2078 874 2140 935 co.

113 957 153 1027 in
173 972 404 1047 genere'cum
428 953 621 1045 praeceptis
643 951 825 1041 congruit.
852 953 912 1022 sed
931 953 969 1020 in
983 951 1102 1047 specie
1151 955 1285 1025 renatis
1301 953 1408 1024 vendi
1425 966 1581 1045 poterat,
1602 977 1678 1023 non
1694 953 1804 1043 igitur
1818 955 1865 1023 ita
1881 951 2139 1037 effundendum

113 1059 272 1129 medium
295 1070 363 1141 est,
396 1077 457 1125 seu
482 1077 555 1123 non
580 1053 835 1139 necessarium,
860 1066 904 1123 ut
924 1069 975 1124 est
994 1054 1103 1123 salta·
1150 1069 1236 1125 erat.
1302 1055 1360 1125 Ad
1383 1056 1552 1125 maiorem
1576 1058 1792 1149 respondeo,
1825 1068 2005 1147 utrunque
2029 1074 2140 1163 genq

111 1160 165 1231 tio
192 1154 274 1229 ante
299 1181 435 1240 ercam,
477 1157 572 1247 quod
604 1154 800 1241 ingruere
827 1156 992 1245 congruit
1021 1179 1100 1225 eum
1150 1181 1298 1248 operum
1314 1158 1547 1227 necessarium
1561 1172 1632 1241 est,
1657 1157 1779 1226 invare
1792 1179 1983 1247 pauperes,
2005 1169 2042 1226 et

112 1259 328 1353 praeceptis,
366 1281 457 1352 quae
486 1255 611 1325 iubent
643 1254 813 1325 celebrari
843 1253 959 1328 Deum
993 1255 1102 1327 lsrael
1151 1283 1189 1330 re
1214 1259 1415 1331 testimonia
1438 1256 1541 1343 fidei,
1572 1274 1606 1328 et
1628 1258 1772 1349 spiritus
1794 1260 1833 1327 in
1856 1258 1987 1327 sanctis
2009 1269 2069 1327 utr

113 1359 327 1432 nominatim
343 1358 459 1449 ipsum
476 1356 692 1428 invocando.
744 1354 892 1429 lnvocat
908 1358 1015 1446 igitur
1029 1355 1102 1427 Da·
1149 1384 1219 1453 que
1238 1362 1339 1441 lacit,
1364 1375 1399 1430 et
1419 1375 1577 1450 tempora
1601 1360 1849 1430 convenientia
1872 1360 2015 1451 utrique
2032 1156 2140 1465 vles

112 1462 174 1532 'vid
195 1464 233 1530 in
256 1458 324 1531 lroc
342 1461 436 1544 ritu,
457 1459 595 1529 etiamsi
610 1454 697 1528 haec
712 1457 826 1528 forma
842 1460 881 1529 in
896 1460 1010 1551 specie
1028 1483 1101 1528 non
1150 1463 1243 1531 sicut
1264 1462 1352 1532 dicit
1367 1460 1511 1533 Samuel
1527 1459 1617 1552 Reg.
1638 1462 1715 1532 10.:
1743 1459 1813 1531 Fae
1836 1483 2067 1553 quaeeunque
2081 1459 2140 1551 in}

112 1564 157 1633 sit
177 1560 378 1654 praerepta,
410 1562 473 1631 sed
495 1560 587 1631 absit
609 1559 832 1650 superstitio,
854 1586 902 1631 ne
924 1556 1102 1651 hocopus
1151 1566 1288 1635 venerit
1309 1587 1434 1633 manus
1459 1579 1539 1649 tua,
1571 1564 1654 1653 qnia
1678 1563 1846 1632 dominus
1870 1577 1985 1632 tecum
2005 1558 2139 1646 esui}

112 1664 329 1734 existimetur
352 1686 426 1733 esse
449 1662 616 1732 meritum
636 1662 854 1732 remissionis
871 1677 1103 1753 peccatorum,
1152 1680 1219 1736 est:
1255 1664 1337 1736 Non
1368 1689 1510 1756 possum
1534 1666 1672 1754 regulos
1694 1664 1915 1751 singulorum
1941 1660 2140 1749 momentosrt

111 1780 172 1837 sut
193 1765 390 1856 singulares
404 1765 543 1856 cultus,
567 1786 651 1859 prae
666 1763 891 1836 invocatione
906 1788 988 1835 vera
1005 1779 1101 1836 extra
1152 1791 1231 1836 rum
1263 1768 1517 1858 praescribere,
1549 1770 1611 1836 sed
1635 1766 1791 1856 Spiritus
1818 1778 1958 1834 sanctus
1983 1762 2140 1861 impellet

111 1864 208 1940 hune
225 1866 348 1938 ritum.
1151 1884 1185 1939 et
1207 1882 1301 1957 reget
1326 1882 1377 1947 te,
1404 1884 1444 1938 ut
1464 1882 1558 1940 reete
1579 1868 1684 1939 facias
1706 1866 1922 1959 praeseutia,
1947 1868 2140 1967 modoserq

1152 1972 1227 2041 vias
1242 1971 1419 2042 vocationi
1436 1984 1529 2045 tuae.
2125 2004 2140 2061 g

214 2020 269 2095 Ita
286 2019 489 2093 observatio
506 2020 621 2093 nostri
637 2017 775 2091 sabbati
791 2029 843 2090 est
855 2041 945 2110 opus
960 2017 1102 2110 placens

110 2121 199 2199 nco.
251 2125 344 2197 Nam
365 2146 476 2215 genus
498 2137 549 2193 est
574 2136 818 2218 praeceptum,
852 2135 892 2191 ut
916 2122 1102 2192 conveniat
1251 2122 1384 2214 Magna
1407 2118 1466 2193 hic
1488 2122 1689 2194 differentia
1714 2134 1766 2191 cst
1789 2121 1882 2190 inter
1897 2142 2004 2211 opera
2025 2066 2140 2411 Sp}

111 2226 266 2319 populus
295 2227 342 2295 sd
371 2225 585 2297 audiendam
613 2248 734 2293 vocem
758 2220 963 2312 Evangelii,
997 2224 1100 2293 etad
1152 2240 1209 2297 tus
1233 2226 1345 2296 sancti
1369 2238 1404 2295 et
1426 2226 1520 2294 inter
1541 2221 1698 2295 humana
1718 2224 1879 2295 consilio.
1939 2219 2056 2289 Multa

110 2350 215 2401 usum
236 2326 466 2412 sacramenti,
489 2329 550 2398 sed
573 2327 704 2418 species
725 2349 789 2417 pro
810 2325 973 2394 libertate
996 2325 1102 2415 spiri·
1153 2330 1289 2418 pientes
1311 2341 1564 2417 corrumpunt,
1586 2328 1671 2396 dum
1694 2326 1834 2395 omissis
1852 2323 2019 2415 operibus
2038 2346 2082 2390 vo

111 2442 170 2515 tus
199 2430 365 2501 ordinata
396 2440 470 2511 est,
498 2450 572 2520 qno
597 2428 657 2497 die
678 2441 713 2496 et
733 2451 804 2519 quo
824 2427 951 2496 ordine
972 2450 1102 2496 conve-
1152 2430 1260 2499 tionis
1286 2430 1355 2497 alia
1378 2442 1507 2518 agunt,
1530 2453 1621 2521 quae
1643 2440 1769 2519 putant
1792 2449 1864 2495 esse
1887 2423 2090 2513 splendidio

110 2531 285 2600 nieudum
318 2531 376 2601 sit.
440 2527 544 2599 Talia
577 2543 662 2601 sunt
691 2528 966 2598 innumerabilia
994 2551 1102 2617 opera
1154 2530 1241 2601 ltem
1266 2531 1352 2600 dum
1375 2530 1546 2601 omittunt
1570 2530 1785 2619 praesentia,
1813 2542 1847 2597 et
1871 2543 1969 2597 metu
1990 2540 2025 2595 et
2046 2524 2126 2621 fals*

110 2630 466 2729 libertatissplritus.
515 2626 632 2703 Ralsel
657 2631 775 2720 rapuit
798 2631 894 2700 idola
915 2630 1010 2721 patri
1031 2629 1103 2699 La-
1152 2631 1415 2723 suspicionibus
1440 2631 1588 2702 miscent
1618 2630 1781 2721 negocia,
1822 2627 1931 2699 utin
1962 2640 2104 2719 postero

108 2736 201 2818 han,
228 2758 302 2802 non
325 2733 393 2801 fuit
416 2755 558 2802 necesse
580 2733 741 2814 suferre,
767 2733 828 2803 sed
850 2755 994 2801 monere
1019 2733 1103 2801 satis
1153 2735 1288 2827 aliquid
1318 2747 1483 2817 caveant,
1514 2735 1609 2825 quod
1639 2731 1797 2801 fortassis
1827 2753 2010 2821 nunquam
2034 2751 2076 2795 ev
2115 2818 2126 2827 ,Ι

110 2849 207 2919 erat,
234 2848 275 2905 ut
293 2836 420 2905 vitaret
435 2834 614 2905 idolorum
631 2834 777 2905 cultum.
831 2831 1104 2903 lrenel'rliaim-
1152 2851 1273 2907 turum
1304 2849 1367 2908 est.
1433 2832 1520 2907 Saul
1549 2836 1725 2923 frangitur
1753 2847 1848 2903 metu
1878 2844 1912 2900 et
1933 2828 2109 2899 diffidenti

109 2938 282 3028 peratoris
299 2935 431 3009 Licinii
455 2937 582 3008 evertit
601 2936 697 3006 idota
713 2936 823 3025 patris
840 2938 913 3005 suis
928 2936 1104 3020 manibus,
1152 2962 1199 3007 ne
1223 2949 1378 3028 expectet
1396 2934 1616 3019 Samuelem,
1641 2950 1675 3005 et
1698 2947 1817 3025 postea
1842 2947 1882 3002 ut
1898 2930 2101 3023 splendidio

109 3034 188 3131 non
208 3060 348 3108 necesse
371 3050 447 3107 erat
470 3060 580 3110 manu
603 3052 779 3123 evertere,
805 3040 864 3107 sed
889 3051 1023 3128 petrem
1039 3040 1102 3107 ad·
1153 3040 1274 3124 iaciat,
1300 3039 1458 3129 neglecto
1481 3039 1647 3109 mandato
1663 3035 1752 3119 Dei,
1777 3049 1916 3126 captum
1935 3055 2051 3122 regem
2068 3018 2140 3109 noel

110 3164 257 3209 monere
285 3139 370 3211 sotis
399 3152 486 3214 erat.
543 3136 759 3210 Laurentius
784 3140 898 3213 Decio
927 3139 1102 3210 auferenti
1153 3141 1330 3214 interficit.
1406 3135 1522 3211 Achae
1559 3152 1704 3230 propter
1740 3135 1973 3215 diffidentiam
2005 3120 2140 3305 quamq

110 3241 298 3334 pecuniam
321 3240 448 3310 aerarii
471 3241 718 3325 ecclesiastici,
744 3244 914 3333 potuisset
936 3243 1104 3311 eamsine
1153 3242 1382 3336 Assyriorum
1420 3240 1569 3326 auxilia,
1607 3255 1729 3310 contra
1766 3263 1887 3307 vocem
1923 3231 2067 3319 Esaiae,
2102 3256 2130 3311 n

109 3355 256 3434 peceato
288 3342 509 3435 relinquere,
544 3344 603 3409 sed
634 3342 797 3415 libertate
811 3344 963 3435 'spiritus
986 3342 1105 3413 noluit
1153 3369 1255 3435 saepe
1271 3342 1382 3415 Turci
1404 3365 1424 3412 a
1449 3328 1769 3431 regibos'nominis
1785 3335 1981 3410 Christiani
2003 3324 2140 3427 invitat!

109 3457 265 3539 tyranno
291 3444 424 3513 cedere.
484 3440 589 3512 Talia
619 3445 730 3513 multa
761 3459 844 3515 sunt
866 3467 972 3535 opera
998 3443 1104 3515 liberi
1154 3459 1248 3519 sunt.
1300 3440 1350 3515 At
1371 3469 1449 3514 cum
1473 3446 1579 3513 eorda
1602 3445 1712 3513 verbo
1728 3442 1798 3513 Dei
1812 3454 1848 3511 et
1865 3438 2003 3530 Spiritu
2020 3460 2083 3506 san

110 3543 257 3637 spiritus
280 3544 317 3637 in
342 3542 491 3629 sanctis,
516 3568 607 3635 quae
632 3560 715 3615 sunt
738 3547 939 3617 testimonia
964 3547 1105 3625 conses-
1151 3552 1418 3639 gubernantur,
1456 3546 1662 3637 intelligunt
1690 3543 1913 3613 vocationem
1943 3412 2140 3711 suam&

111 3646 222 3739 sionis
246 3659 280 3715 et
299 3646 457 3714 ardentis
480 3646 644 3736 spiritus,
666 3672 759 3741 quae
780 3644 838 3718 hic
858 3651 983 3739 probat
997 3646 1103 3718 Chri·
1154 3674 1234 3719 suas
1260 3672 1317 3719 res
1343 3661 1472 3739 agunt,
1506 3651 1667 3719 doctores
1688 3648 1834 3730 docent,
1867 3667 1941 3710 non
1967 3664 2100 3732 quaero
2133 3720 2140 3733 1

110 3762 204 3828 stus,
245 3746 452 3839 praesertim
478 3771 559 3818 cum
591 3740 797 3848 hypocritae
827 3746 1104 3842 reprehendunt.
1155 3751 1354 3842 principum
1390 3750 1562 3840 praesidia
1592 3763 1627 3819 et
1654 3749 1807 3818 foedera.
1872 3743 2057 3835 Principes
2086 3760 2140 3815 ret

112 3842 179 3920 Ait
200 3863 316 3919 autem
332 3844 498 3918 Christus
518 3849 793 3938 praedicandum
809 3876 883 3922 esse
896 3852 932 3921 id
948 3850 1103 3922 officium
1153 3876 1234 3927 suas
1256 3845 1524 3933 administrant,
1552 3874 1624 3921 non
1647 3860 1830 3919 accersunt
1850 3845 1964 3915 aliena
1987 3842 2140 3933 negocio¹

110 3975 191 4022 eum
215 3951 470 4043 propagatione
486 3946 674 4039 Evangelii
696 3954 821 4027 inloto
837 3956 993 4045 mundo,
1020 3953 1104 4047 quia
1155 3978 1219 4023 nec
1242 3956 1388 4024 turbant
1411 3967 1539 4023 statum
1563 3951 1746 4044 publicum
1771 3962 1879 4020 metu.
1947 3944 1995 4017 Et
2017 3964 2140 4063 magnsl

111 4053 243 4123 facturn
269 4058 336 4143 sit,
362 4064 403 4121 ut
425 4052 619 4123 declareret
639 4077 675 4121 se
696 4078 888 4123 memorem
907 4056 983 4125 lore
998 4052 1103 4126 Chri·
1153 4056 1333 4148 sapientia
1353 4068 1387 4125 et
1410 4056 1583 4124 fortitudo
1608 4067 1657 4123 est
1683 4051 1877 4145 praesentia
1904 4061 1996 4117 recte
2018 4047 2140 4133 facere,

112 4152 180 4233 sti,
206 4154 243 4223 id
267 4168 338 4234 cst.
364 4166 405 4223 ut
429 4153 622 4223 declararet
642 4156 915 4232 confessionem.
965 4154 1105 4226 Laudat
1155 4160 1245 4227 sieut
1262 4153 1426 4227 Christus
1449 4157 1583 4247 inquit:
1611 4153 1797 4225 Crastinus
1820 4154 1895 4221 dies
1916 4174 1980 4241 pro
1998 4170 2140 4218 seseso-

112 4254 225 4351 igitur
248 4254 498 4326 universaliter
517 4278 625 4353 opera
641 4258 874 4331 confessionis
890 4259 1104 4352 sinesuper·
1155 4260 1273 4329 licitus
1294 4259 1379 4340 erit,
1404 4258 1531 4328 serflirit
1557 4256 1629 4327 diei
1643 4255 1789 4326 afflictio
1808 4278 1888 4332 sua,
1922 4251 2046 4321 idest:
2071 4244 2122 4322 Τ

111 4356 258 4426 stitione
273 4356 374 4429 facta.
709 4440 713 4447 Ι
1155 4364 1301 4430 deamus
1319 4361 1406 4452 quid
1430 4361 1467 4426 in
1491 4359 1686 4452 praesentia
1703 4370 1794 4426 reete
1813 4355 1891 4435 liat,
1917 4376 1981 4422 nec
2000 4352 2140 4443 proptel

1155 4476 1288 4531 metum
1318 4475 1379 4532 aut
1403 4462 1555 4531 incertas
1576 4483 1653 4550 spes
1677 4473 1799 4529 contra
1823 4454 1981 4543 regulam
2007 4450 2140 4547 aliquill

1155 4585 1309 4651 agamus.
1359 4560 1457 4632 Haec
1477 4587 1551 4631 nou
1576 4573 1724 4653 possunt
1748 4556 1917 4641 iudicari,
1941 4555 2012 4625 nisi
2038 4554 2140 4625 cordt'

1155 4667 1224 4736 fide
1240 4677 1275 4734 et
1290 4663 1425 4756 Spiritu
1441 4677 1561 4735 sancto
1576 4663 1781 4731 confirmata
1797 4660 1878 4729 sint.

215 4501 263 4575 Et
281 4507 377 4598 quod
388 4504 477 4580 facit
494 4508 712 4580 mentionem
730 4509 952 4603 sepulturae,
975 4509 1105 4580 alludit

113 4608 156 4676 ad
180 4631 315 4676 morem
337 4631 458 4677 earum
472 4611 650 4699 gentium,
676 4638 765 4705 quae
780 4636 927 4703 corpora
944 4628 1104 4681 mortuo·

77 4801 80 4808 ,
114 4733 194 4777 rum
218 4733 347 4799 magno
369 4724 489 4779 sumtu
505 4714 684 4801 ¹unguenti
710 4714 848 4805 perfusa
867 4714 1103 4811 asseryalrant.
2133 4772 2138 4781 .

112 4806 178 4881 Ait
200 4832 282 4901 ergo
303 4825 442 4899 gratnm
458 4812 527 4882 sibi
544 4836 618 4883 esse
635 4809 811 4899 officium,
834 4816 919 4907 quia
933 4813 1105 4903 significet
1258 4813 1363 4884 Nunc
1379 4837 1488 4903 paura
1505 4812 1678 4880 adiiciam*
1692 4814 1738 4881 de
1762 4807 2017 4898 significatione
2037 4801 2141 4879 officii

112 4912 247 4984 instare
276 4912 351 4981 eius
379 4913 616 5004 sepulturam,
647 4930 685 4987 et
708 4918 821 5007 ipsam
845 4932 1027 5006 expectare
1050 4937 1105 4985 se-
1158 4915 1313 4995 Mariae,
1341 4928 1484 5007 propter
1499 4914 1790 5001 significationem
1816 4910 1966 4979 maxime
1979 4910 2140 4991 laudatur

113 5014 207 5103 pulti
234 5014 393 5105 corporis
421 5018 726 5088 conservationem
747 5031 783 5087 et
802 5017 1106 5087 resurrectionem.
1155 5015 1340 5107 hocopus.
1390 5015 1502 5087 Pedes
1520 5015 1864 5104 usitaterignilicant
1879 5011 2051 5100 nuncios,
2077 5004 2140 5091 hos

112 5112 384 5187 Commendatio
418 5117 527 5185 offleii
562 5120 675 5207 multo
707 5131 758 5186 est
786 5119 957 5206 amplior,
998 5143 1104 5209 quam
1155 5131 1225 5203 est,
1265 5117 1508 5187 Ministerium
1543 5114 1749 5202 Evangelii,
1789 5128 1830 5183 ut
1861 5115 1957 5202 apud
1985 5108 2140 5181 Esaiam

114 5231 288 5313 quantum
313 5217 483 5307 cogitarat
506 5216 686 5287 inerudita
708 5219 849 5291 mulier.
903 5217 1106 5288 ltaornan·
1154 5218 1275 5306 Quam
1313 5219 1464 5311 speciosi
1501 5220 1607 5309 pedes
1641 5215 1972 5305 Evangelizantium
2010 5234 2140 5305 parem.

113 5316 536 5419 turpiafaetsspiritus‚
558 5320 963 5412 etsacpeparraofficis
980 5320 1107 5411 ingen-,-
1162 5316 1260 5391 Nilril
1280 5333 1463 5392 estautem
1480 5320 1643 5393 usitatius
1656 5319 1697 5390 in
1712 5319 1864 5398 mundo,
1898 5325 2140 5409 quomextre
