4522 5782
122 210 254 363 ⁸,sss
704 258 708 265 ·
756 248 883 335 run.
909 254 1026 335 uas.
1053 254 1270 339 seasem-
1291 248 1592 340 mnosnes.
1672 302 1676 307 -
1750 246 1812 313 ‘1³-
2138 256 2214 339 a„

284 433 465 533 Septimus
490 432 592 504 locus
619 432 664 501 de
696 444 810 503 matre
840 433 1088 506 commendata
1113 431 1174 505 io·
1226 439 1364 511 duntur
1384 448 1585 530 praecepta,
1609 426 1796 504 utPsalm.
1813 426 1895 505 lh:
1927 424 2062 503 Beatus
2080 432 2148 526 qni
2163 434 2217 504 in-

180 539 311 617 hanni.
334 536 427 611 Nam
449 536 572 608 multis
595 534 675 605 aliis
692 536 852 627 p‘artihus
866 533 975 607 huius
990 533 1175 619 historiae,
1227 542 1354 632 telligit
1376 564 1482 632 super
1505 559 1654 627 egenum
1677 547 1711 605 et
1735 552 1944 625 pauperem,
1976 533 2017 603 in
2042 534 2104 605 die
2127 537 2216 609 mals

183 641 404 741 tpniamiuus
421 638 592 711 obscurae
606 652 709 721 sunt,
723 662 797 708 non
819 640 947 710 addam
965 640 1177 732 interpreta—
1226 643 1395 714 liberabit
1409 666 1489 713 eum
1508 638 1697 711 Dominus.
1748 632 2071 728 Hocprseeeptum
2087 635 2217 708 Psalmi

183 748 334 828 tionem,
361 757 403 816 ut
418 765 542 813 omnes
556 741 766 830 intelligunt
780 764 842 832 per
859 766 1051 813 sarcasmos
1066 742 1177 832 signi·
1227 747 1450 817 conferamus
1474 745 1517 814 ad
1556 737 1651 812 hanc
1684 736 1903 828 imaginem,
1945 739 1987 808 in
2023 761 2098 833 qna
2127 740 2216 814 luca
2245 788 2248 793 ·

186 845 483 921 ficariaudaeiam
500 858 534 931 et
555 844 693 913 furores
710 839 973 937 hypocritarum
994 841 1177 935 etEpicu-
1227 841 1472 946 φιλοστοργία
1494 841 1649 926 Christi,
1686 862 1762 910 uon
1791 839 1909 910 solum
1938 862 2022 930 erga
2053 856 2215 930 matrem,
2255 858 2258 863 ·

187 975 353 1035 reorum,
376 946 477 1018 omni
496 960 652 1031 tempore
668 945 918 1037 superbissime
935 945 1177 1017 deridentium
1228 955 1287 1022 scd
1313 952 1419 1022 etiam
1442 939 1521 1038 erga
1541 944 1741 1017 universam
1757 937 1964 1014 Ecclesiam.
2017 941 2111 1014 Nam
2133 968 2213 1038 pro·

190 1051 402 1137 Christum,
416 1048 671 1139 Evangelium,
704 1061 738 1117 et
760 1043 969 1119 Ecclesiam.
1030 1047 1099 1119 Per
1121 1050 1177 1118 di·
1229 1069 1307 1147 pter
1329 1075 1396 1123 nos
1417 1052 1455 1121 lit
1477 1045 1564 1120 haec
1590 1044 1733 1140 publica
1755 1043 2018 1115 commendatio
2041 1045 2108 1116 tali
2129 1061 2214 1119 tem·

190 1154 368 1226 visionem
395 1151 571 1231 vestium,
605 1163 680 1221 tum
724 1145 918 1219 haereticos
947 1151 1179 1223 dilacerantes
1203 1192 1207 1259 ἦ
1230 1180 1333 1245 pore,
1360 1170 1393 1226 et
1411 1147 1710 1227 Christusrevera
1732 1146 1851 1238 diligit
1873 1159 1914 1216 nt
1933 1160 2084 1218 matrem
2107 1162 2215 1220 totam

190 1254 444 1347 Evangelium,
469 1266 503 1323 et
522 1253 617 1321 varie
635 1252 797 1323 ludentes
814 1253 917 1323 dictis
931 1248 1079 1339 Christi,
1102 1266 1178 1324 tum
1229 1255 1442 1339 Ecclesiam,
1469 1278 1513 1325 ex
1539 1275 1607 1348 qua
1632 1248 1797 1322 assumsit
1821 1260 1989 1320 naturam
2013 1244 2216 1343 humanam,

192 1384 278 1430 vero
298 1354 505 1427 etiamalios
529 1355 676 1446 impios,
703 1368 741 1425 ut
758 1352 959 1436 lulianum,
985 1369 1019 1426 et
1035 1354 1179 1436 similes,
1230 1362 1326 1454 quod
1351 1374 1402 1430 est
1425 1358 1649 1428 manifestum
1674 1365 1710 1425 et
1734 1362 1871 1422 certum
1891 1352 2142 1424 testimoninm
2163 1355 2216 1424 iu·

194 1462 258 1557 qui
280 1459 462 1531 facultates
485 1452 681 1543 Ecclesiae,
723 1458 853 1550 quibus
882 1457 1064 1529 ministros
1094 1472 1180 1530 tunc
1203 1442 1207 1523 ἶ
1231 1464 1345 1554 gentis
1361 1462 1491 1530 amoris
1509 1480 1588 1549 erga
1603 1477 1680 1526 nos.

193 1564 240 1634 ali
266 1584 407 1650 necesse
421 1574 518 1644 erat,
543 1572 757 1651 rapuerunt,
785 1561 844 1628 sed
863 1554 918 1629 his
935 1559 1095 1649 omissis,
1122 1561 1181 1631 di·
1333 1560 1491 1634 Octavus
1506 1563 1606 1631 locus
1630 1570 1682 1627 est
1701 1555 1886 1648 sepultura
1900 1550 2055 1642 Christi,
2079 1555 2128 1627 dc
2152 1580 2217 1649 qus

84 1734 87 1739 ,
194 1690 270 1737 cam
289 1667 335 1734 de
348 1676 458 1733 matre
474 1663 719 1733 commendata
736 1656 900 1732 Iohanni.
1233 1667 1422 1759 praecipue
1452 1678 1591 1753 tempus
1619 1657 1876 1733 consideretur.
1947 1653 2118 1731 Christus
2146 1673 2216 1733 ton

296 1764 461 1836 Primum
483 1759 541 1832 hic
565 1763 759 1854 cogitemus
774 1766 818 1833 de
834 1764 902 1833 fide
917 1777 952 1835 et
967 1764 1180 1836 fortitudine
1205 1806 1208 1815 =
1231 1771 1378 1840 sabbato
1394 1766 1498 1838 estin
1519 1762 1693 1856 sepulcro.
1744 1756 1821 1830 Etsi
1836 1774 1942 1854 typus
1957 1760 2101 1833 sabbati
2123 1776 2217 1834 vete·

194 1868 336 1952 matris,
361 1867 749 1956 longesuperatrohur
773 1861 971 1937 humanum
995 1862 1080 1937 haec
1105 1868 1179 1938 for·
1232 1872 1282 1942 ris
1305 1871 1415 1942 multa
1447 1869 1641 1959 significat,
1669 1876 1787 1933 tamen
1810 1862 1917 1933 οίὶοιο
1946 1862 2042 1933 hane
2064 1862 2218 1958 quietem
2260 1903 2261 1908 κ

194 1972 336 2055 titudo,
364 1970 462 2062 qnod
484 1968 581 2038 adest
604 1981 716 2037 mater
739 1969 925 2057 spectatrix
949 1970 1074 2039 talium
1096 1992 1182 2062 sup-
1234 1975 1300 2042 lilii
1320 1971 1385 2043 Dei
1403 1974 1440 2041 in
1458 1970 1620 2063 sepulcro
1635 1962 1856 2056 significavit.
1906 1962 2126 2035 Tuncenisn
2141 1990 2217 2038 sese

194 2073 385 2166 pliciorum
410 2069 495 2159 lilii,
522 2082 557 2139 et
579 2093 655 2138 non
676 2069 894 2159 extinguitur
916 2071 1051 2141 dolore.
1107 2071 1180 2143 Nec
1233 2077 1367 2171 quievit
1387 2073 1483 2144 Deus
1498 2068 1655 2141 mirabili
1670 2068 1802 2157 modo,
1826 2088 1908 2135 cum
1924 2066 1986 2137 illa
2006 2082 2140 2140 natura
2155 2065 2218 2141 hu·
2260 2109 2261 2112 ¹

160 2212 163 2217 ·
194 2174 367 2245 credibile
395 2186 446 2244 est
474 2172 585 2241 ullam
610 2185 759 2242 matrem
784 2172 825 2240 in
851 2187 926 2244 toto
958 2195 1087 2263 genere
1109 2169 1176 2245 hu·
1232 2204 1355 2263 mana,
1395 2177 1453 2245 cni
1479 2174 1578 2244 unita
1601 2182 1654 2242 est
1677 2170 1820 2251 divina,
1853 2169 2036 2240 verissime
2057 2170 2218 2250 moritur.

194 2300 301 2346 mano
335 2275 408 2347 tale
434 2273 671 2365 spectaculum
700 2274 864 2363 perferre'
892 2276 1072 2367 potuisse,
1119 2289 1181 2347 aut
1232 2278 1322 2350 Nam
1345 2293 1385 2350 ut
1400 2278 1528 2349 Petrus
1548 2273 1684 2367 inquit:
1708 2265 1873 2341 Christus
1893 2293 2015 2362 passus
2029 2285 2084 2345 est
2104 2297 2217 2365 carne,

144 2400 152 2408 ·
193 2401 307 2470 posse.
365 2375 515 2446 Necesse
536 2388 589 2446 est
612 2374 725 2465 igitur
746 2376 786 2444 in·
805 2400 844 2445 ea
865 2398 1031 2467 magnam
1055 2378 1182 2464 lucem,
1231 2385 1291 2452 sed
1317 2397 1433 2453 tamen
1456 2381 1591 2450 interea
1614 2374 1738 2444 divina
1759 2385 1884 2443 natura
1909 2371 2088 2444 hnmanae
2119 2378 2215 2451 nnita

194 2494 230 2551 et
251 2500 422 2568 nsagnum
442 2478 554 2547 robur
575 2476 660 2546 fidei
681 2476 801 2547 fuisse.
859 2478 1072 2549 Meminerat
1093 2503 1182 2550 con·
1232 2484 1385 2579 quievit,
1406 2481 1536 2573 utpati
1552 2492 1585 2548 et
1602 2476 1695 2546 mori
1709 2470 1866 2546 humana
1891 2489 2027 2566 posset,
2051 2476 2215 2552 sicutis-

194 2594 361 2681 ceptum,
383 2593 488 2650 norat
503 2574 762 2669 Prophetarum
785 2580 1043 2671 praedictiones
1058 2582 1102 2651 de
1123 2605 1180 2652 sa-
1231 2588 1309 2682 quit
1334 2584 1516 2655 irenaeus:
1550 2578 1629 2650 Hoc
1652 2589 1721 2664 est,
1754 2600 1828 2646 non
1850 2578 1987 2649 exeruit
2009 2600 2093 2649 suas
2116 2582 2216 2673 eires,

193 2683 326 2755 orificio
341 2680 510 2765 Messiae,
546 2695 581 2751 et
604 2682 732 2750 melius
755 2704 816 2751 eas
836 2683 1055 2773 intelligebat
1072 2708 1181 2777 quam
1232 2690 1293 2758 sed
1326 2687 1484 2758 obedivit
1514 2697 1656 2756 aeterno
1696 2678 1791 2772 patri
1830 2678 1870 2748 in
1903 2675 1970 2749 hac
2007 2676 2216 2763 hnmilitate.

192 2783 377 2877 Apostoli,
393 2783 567 2871 cogitabat
581 2783 826 2854 resuscitatum
840 2783 1036 2868 Iasorum,
1059 2800 1094 2857 et
1110 2788 1179 2857 alia
1232 2789 1366 2860 i'ernm
1392 2804 1444 2860 est
1466 2787 1581 2876 enim,
1616 2797 1651 2854 et
1671 2803 1810 2872 semper
1832 2781 1880 2852 ita
1904 2783 2026 2854 docuit
2049 2782 2214 2882 Ecclesia,

192 2886 367 2979 exempla.
428 2883 516 2955 ldeo
538 2885 671 2955 sciebat
691 2881 757 2954 hoc
780 2886 989 2956 sacrificinm
1012 2888 1079 2957 lilii
1104 2890 1180 2958 sin·
1231 2908 1393 2963 naturam
1420 2891 1579 2960 divinam
1602 2908 1668 2956 nec
1689 2909 1710 2955 a
1734 2907 1882 2974 corpore
1901 2879 2058 2971 Christi,
2091 2896 2215 2964 neceb

190 2990 307 3080 gulari
329 3001 364 3059 et
385 2986 618 3058 inenarrabili
643 2988 792 3057 consilio
816 2986 882 3059 Dei
907 2988 1002 3073 iteri,
1043 3004 1077 3061 et
1102 3014 1178 3063 esse
1231 2991 1582 3074 auimadiscessisse,
1608 2989 1713 3057 etiam
1733 2986 1811 3077 post
1831 2999 1992 3061 mortem.
2044 2986 2215 3067 ldeoDa-

192 3085 333 3185 λύτρον·
349 3114 414 3182 pro
432 3104 507 3161 toto
524 3112 650 3179 genere
671 3085 847 3162 humano.
894 3089 967 3161 Nec
982 3092 1102 3163 minus
1122 3095 1180 3164 lu·
1232 3119 1416 3168 mascenus
1451 3093 1590 3186 inquit:
1627 3087 1736 3178 Quod
1762 3088 1871 3156 semel
1903 3091 2068 3162 assumsit
2104 3090 2214 3197 λόγος,

191 3195 296 3284 gebat
318 3192 457 3284 generis
479 3188 631 3261 Musoni
652 3206 812 3282 peccata,
845 3216 953 3285 quam
976 3193 1089 3285 ipsius
1113 3196 1180 3264 filii
1233 3224 1417 3293 nunquam
1440 3211 1561 3290 postea
1583 3192 1737 3275 dimisit,
1762 3214 1826 3259 nec
1848 3213 1868 3259 a
1892 3217 2062 3284 corpore,
2088 3220 2153 3270 nec
2173 3202 2211 3270 ab

190 3307 369 3384 mortem,
407 3294 534 3363 sedin
556 3289 611 3363 his
634 3295 824 3365 doloribus
841 3295 1079 3365 obediendum
1106 3320 1179 3367 esse
1232 3303 1349 3370 anima
1366 3296 1501 3372 Christi
1516 3317 1675 3389 unquam
1693 3304 1851 3383 separata
1868 3307 1919 3365 est
1941 3297 2064 3367 divina
2093 3317 2211 3372 natura

176 3392 273 3468 neo.
301 3407 407 3466 norat
421 3445 437 3477 ,
475 3409 511 3466 et
535 3396 737 3486 expectabat
767 3396 1073 3467 resuscitationem
1103 3399 1184 3474 lilii.
1232 3404 1296 3472 filii
1314 3400 1382 3473 Dei
1398 3416 1477 3494 post
1502 3396 1774 3478 assumtionem,
1800 3407 1966 3468 ettamen
1987 3423 2111 3473 revera
2134 3400 2209 3474 haee

190 3495 238 3567 ln
258 3492 348 3567 haec
362 3510 429 3567 tuo
445 3497 540 3566 bona
563 3497 719 3577 obiecta,
746 3498 782 3565 id
808 3511 858 3567 est
869 3552 883 3582 ,.
905 3498 946 3567 in
959 3501 1179 3570 volusuatem
1234 3529 1405 3597 persona,
1438 3526 1529 3597 quae
1558 3512 1611 3570 est
1631 3494 1813 3582 Christus,
1850 3514 1991 3573 mortua
2023 3517 2097 3591 est,
2137 3507 2210 3600 quis

189 3598 263 3673 Dei
276 3612 311 3671 et
326 3599 635 3670 resuscitationem
646 3598 799 3669 intuenti
817 3600 1179 3694 lide,alie1uantnlum
1204 3618 1208 3701 l
1232 3609 1350 3677 anima
1375 3630 1398 3677 a
1422 3608 1569 3697 corpore
1584 3613 1742 3691 separata
1762 3611 1832 3685 est,
1856 3601 1950 3675 sicut
1960 3617 2083 3676 textus
2093 3609 2210 3701 inquit,

189 3701 395 3772 leniebatur·
433 3701 646 3792 magnitudo
685 3700 837 3776 doloris.
905 3700 1208 3775 Meminerimus?
1233 3705 1465 3784 Mattiusshr
1487 3705 1919 3793 Clamansvocemagna,
1938 3708 2131 3796 expiravit.
2158 3711 2211 3783 ln·

187 3818 306 3875 sutem
324 3799 609 3896 hoc-exemplum
629 3801 672 3871 in
692 3803 823 3874 nostris
844 3804 1115 3892 afflictionibus,
1141 3821 1182 3879 ut
1235 3827 1328 3882 terea
1355 3811 1490 3906 quievit
1521 3820 1649 3877 natura
1680 3803 1801 3872 divina
1831 3807 1931 3878 nnita
1957 3825 1991 3878 et
2022 3812 2163 3904 corpori
2182 3826 2212 3884 et

190 3906 433 3977 obedientiam
472 3919 507 3977 et
548 3905 655 3974 fidem
704 3919 883 3996 praestare
927 3931 995 3977 nos
1039 3932 1184 4004 quoque
1232 3915 1381 3982 ammae.
1450 3912 1551 3982 Haec
1577 3930 1703 3978 arcana
1726 3906 1898 3998 sapientia
1922 3910 1960 3980 in
1983 3911 2054 3981 vita
2073 3931 2210 3987 aeterna

190 4009 383 4084 discamus·
1232 4016 1400 4085 discenda
1426 4015 1513 4097 erit,
1550 4033 1647 4079 nunc
1668 4020 1707 4079 ut
1729 4011 1883 4081 traditur
1911 4014 1954 4082 in
1974 4016 2104 4102 verbo,
2141 4042 2211 4087 am·

293 4107 464 4181 Secundo
476 4123 580 4204 typus
600 4104 665 4179 hic·
681 4108 948 4195 consideretur,
965 4108 1055 4181 sicut
1071 4106 1183 4181 Chri·
1205 4116 1208 4171 l
1232 4118 1415 4208 plectenda
1432 4130 1483 4188 est
1500 4115 1587 4195 lide,
1612 4134 1678 4180 nec
1700 4126 1817 4202 potest
1838 4128 1900 4185 aut·
1914 4117 2128 4207 cogitatione
2150 4116 2212 4189 hu·

191 4224 271 4282 stus
292 4226 440 4283 matrem
464 4208 617 4282 Iohanni
649 4213 943 4295 commendavit,
982 4212 1033 4281 ita
1054 4211 1179 4283 Eccle·
1204 4186 1208 4249 l
1232 4244 1336 4287 mana
1365 4210 1648 4308 comprehendi,
1677 4228 1737 4283 aut
1758 4216 1924 4306 explicari
1948 4219 2078 4291 verbis.
2146 4222 2211 4294 Sed

193 4313 282 4383 siam
298 4314 465 4383 omnihus
478 4315 568 4406 piis,
589 4328 624 4385 ct
640 4313 1051 4406 praecipuedoctoribus
1066 4328 1100 4385 et
1114 4338 1179 4402 grs-
1204 4297 1207 4379 i
1232 4316 1320 4390 haec
1346 4320 1555 4389 admiranda
1578 4317 1679 4409 quies
1700 4317 1736 4384 in
1760 4332 1874 4387 morte
1896 4333 1931 4389 et
1957 4322 2139 4413 sepulcro,
2165 4339 2211 4396 est

190 4415 440 4485 bernatoribus
455 4421 696 4490 commendat.
728 4415 876 4507 Semper
890 4414 997 4485 molti
1012 4430 1044 4486 et
1060 4417 1183 4505 magni
1230 4423 1433 4493 obedientia
1448 4422 1485 4491 in
1502 4442 1630 4490 arcano
1644 4414 1711 4486 Dei
1727 4420 1875 4489 consilio
1893 4422 2053 4506 decreta,
2078 4442 2211 4520 queret

190 4516 430 4587 doloressunt
444 4515 641 4603 Ecclesiae,
669 4522 773 4590 idest
795 4520 936 4610 piorcun
961 4531 996 4586 et·
1018 4519 1177 4586 imbecil-
1203 4578 1206 4631 Ι
1230 4548 1332 4593 carisa
1350 4526 1416 4594 lhit
1434 4537 1466 4594 et
1483 4521 1692 4609 significatio
1707 4522 1847 4591 suturae
1867 4529 2157 4614 resurrectionis,
2180 4546 2211 4602 et

190 4616 301 4702 Eum,
335 4641 422 4686 nam
439 4634 474 4690 et
496 4621 653 4690 dissidiis
682 4625 885 4711 dogmatum
911 4620 1106 4704 lacemtur,
1144 4635 1178 4692 et
1204 4642 1207 4676 ⁵
1231 4629 1337 4695 stolsis
1367 4622 1453 4696 haec
1481 4624 1645 4694 miranda
1677 4623 1797 4719 quies,
1837 4624 1873 4694 id
1902 4640 1973 4712 est,
2013 4632 2211 4703 obedientia

191 4720 301 4790 sentit
323 4732 557 4814 tyrannorum
583 4723 775 4793 saevitiam.
847 4720 918 4791 llic
942 4722 992 4811 pii
1016 4714 1206 4819 doctores,¹
1232 4730 1363 4798 uternis
1394 4725 1718 4796 reconciliationem
1745 4738 1778 4794 et
1806 4727 1920 4797 vitam,
1939 4745 2145 4818 aeternam,
2180 4748 2211 4804 et

192 4835 320 4892 sanent
334 4822 569 4911 ambigentes,
585 4837 645 4894 aut
661 4839 826 4904 errantes,
845 4825 1093 4913 praemuniant
1110 4825 1177 4894 im·
1201 4830 1205 4933 j
1229 4846 1386 4899 nristram
1406 4846 1581 4909 mortem,
1601 4849 1696 4918 ursae
1707 4826 1829 4898 fuisset
1845 4852 1905 4899 res
1914 4833 2104 4914 damnata,
2134 4836 2212 4908 lecit

191 4922 350 5013 peritos,
377 4923 589 4994 confirment·
612 4925 804 4994 imbecilles
815 4980 829 5011 ,
859 4928 1024 4997 evolvant
1046 4927 1180 4997 nbscu·
1226 4930 1298 5000 iam
1328 4932 1505 5024 quietem„
1532 4927 1613 4998 Deo
1630 4928 1844 5018 placentem,
1879 4944 1913 5001 et
1939 4933 2009 5003 iter
2036 4938 2081 5006 ad
2109 4940 2210 5010 vitam

191 5046 250 5093 ras
279 5037 315 5094 et
341 5023 526 5094 intricatas
551 5026 801 5117 quaestiones,
839 5051 884 5095 ne
915 5023 1079 5096 homines
1107 5028 1175 5096 im·
1227 5047 1424 5102 aeternnm.
1478 5026 1881 5102 SineChri'stomortui-
1902 5028 2066 5108 homines
2086 5039 2212 5113 iacuis-

190 5124 311 5215 pliciti
337 5125 625 5196 dubitationibus·
648 5128 812 5197 incidant
839 5132 876 5195 in
904 5130 1180 5220 desperationes.
1225 5151 1318 5218 sent,
1345 5148 1381 5205 et
1398 5134 1512 5202 iacent
1528 5135 1565 5201 in
1581 5132 1740 5217 inferno,
1765 5135 1832 5202 sed
1845 5136 2042 5209 morientes
2053 5140 2094 5211 in
2109 5138 2213 5215 Chri·

191 5226 353 5297 dtudiant
375 5240 411 5296 et
435 5227 490 5319 pii-1
509 5228 818 5321 peimipcs-fi'lium
834 5229 898 5300 Dei
925 5232 968 5299 in
981 5232 1054 5319 ipsa
1071 5257 1180 5301 cruce·
1225 5250 1279 5306 sto
1298 5238 1485 5306 iacuerunt
1506 5248 1540 5303 et
1566 5236 1681 5305 iacent
1703 5235 1747 5303 in·
1759 5236 1926 5326 sepulcro
1938 5235 2092 5315 Christic
2139 5242 2212 5316 lsno

115 5329 131 5401 ’,
189 5328 479 5409 concionantem,
504 5344 545 5401 ut·
565 5331 644 5400 suis
660 5330 790 5399 officiis
808 5345 953 5401 matrem
979 5332 1177 5403 Ecclesium·
1223 5338 1565 5408 nos-omnes-sratim
1590 5349 1784 5429 postquam
1804 5339 1842 5406 in
1867 5333 1932 5409 hac
1953 5341 2026 5412 vita
2047 5345 2141 5419 tacta
2163 5360 2216 5419 est·

180 5424 357 5535 lemme,
377 5442 569 5519 tueantur,
588 5433 722 5505 iuvent
771 5431 825 5503 De
840 5433 906 5505 hae
921 5456 1083 5527 reserpe-
1098 5450 1176 5507 tra.-
1223 5443 1414 5513 conuersis>
1430 5441 1480 5511 ad
1491 5437 1633 5524 Deum,
1650 5437 1812 5513 iacemus
1829 5440 1873 5511 in
1885 5443 2214 5538 sepulhroChr'i'sti,
