<?xml version="1.0" encoding="UTF-8"?>
<!DOCTYPE html PUBLIC "-//W3C//DTD XHTML 1.0 Transitional//EN"
    "http://www.w3.org/TR/xhtml1/DTD/xhtml1-transitional.dtd">
<html xmlns="http://www.w3.org/1999/xhtml" xml:lang="en" lang="en">
 <head>
  <title>
</title>
<meta http-equiv="Content-Type" content="text/html;charset=utf-8" />
  <meta name='ocr-system' content='tesseract 3.04.00' />
  <meta name='ocr-capabilities' content='ocr_page ocr_carea ocr_par ocr_line ocrx_word'/>
</head>
<body>
  <div class='ocr_page' id='page_1' title='image "./corpusreformato01melagoog_0232.png"; bbox 0 0 4522 5782; ppageno 0'>
   <div class='ocr_carea' id='block_1_1' title="bbox 94 187 2171 341">
    <p class='ocr_par' dir='ltr' id='par_1_1' title="bbox 94 187 2171 341">
     <span class='ocr_line' id='line_1_1' title="bbox 94 187 2171 341; baseline 0 -23"><span class='ocrx_word' id='word_1_1' title='bbox 94 240 170 318; x_wconf 84' lang='lat' dir='ltr'>ssa</span> <span class='ocrx_word' id='word_1_2' title='bbox 495 237 576 318; x_wconf 80' lang='lat' dir='ltr'>xit.</span> <span class='ocrx_word' id='word_1_3' title='bbox 627 234 1217 319; x_wconf 64' lang='lat' dir='ltr'>mammothreptus.</span> <span class='ocrx_word' id='word_1_4' title='bbox 1240 209 1474 340; x_wconf 63' lang='lat' dir='ltr'>suanum.</span> <span class='ocrx_word' id='word_1_5' title='bbox 1510 241 1617 319; x_wconf 78' lang='lat' dir='ltr'>rar.</span> <span class='ocrx_word' id='word_1_6' title='bbox 1642 241 1742 318; x_wconf 73' lang='grc' dir='ltr'>ιιι</span> <span class='ocrx_word' id='word_1_7' title='bbox 2059 187 2171 341; x_wconf 63' lang='lat' dir='ltr'>sn</span> 
     </span>
    </p>
   </div>
   <div class='ocr_carea' id='block_1_2' title="bbox 76 413 2243 5504">
    <p class='ocr_par' dir='ltr' id='par_1_2' title="bbox 76 413 2131 519">
     <span class='ocr_line' id='line_1_2' title="bbox 76 413 2131 519; baseline 0.008 -35"><span class='ocrx_word' id='word_1_8' title='bbox 76 438 186 512; x_wconf 65' lang='lat' dir='ltr'>¹prae</span> <span class='ocrx_word' id='word_1_9' title='bbox 209 413 284 485; x_wconf 89' lang='lat' dir='ltr'>siut</span> <span class='ocrx_word' id='word_1_10' title='bbox 299 413 512 486; x_wconf 82' lang='lat' dir='ltr'>coniunctae</span> <span class='ocrx_word' id='word_1_11' title='bbox 524 426 655 505; x_wconf 85' lang='lat' dir='ltr'>pestes,</span> <span class='ocrx_word' id='word_1_12' title='bbox 681 428 722 485; x_wconf 91' lang='lat' dir='ltr'>ut</span> <span class='ocrx_word' id='word_1_13' title='bbox 742 415 877 487; x_wconf 89' lang='lat' dir='ltr'>maiore</span> <span class='ocrx_word' id='word_1_14' title='bbox 901 415 1089 508; x_wconf 88' lang='lat' dir='ltr'>prudentia</span> <span class='ocrx_word' id='word_1_15' title='bbox 1143 417 1252 490; x_wconf 85' lang='lat' dir='ltr'>tione.</span> <span class='ocrx_word' id='word_1_16' title='bbox 1320 415 1444 489; x_wconf 89' lang='lat' dir='ltr'>ludaei</span> <span class='ocrx_word' id='word_1_17' title='bbox 1476 429 1675 487; x_wconf 89' lang='lat' dir='ltr'>mactarunt</span> <span class='ocrx_word' id='word_1_18' title='bbox 1704 417 1796 489; x_wconf 86' lang='lat' dir='ltr'>lilios</span> <span class='ocrx_word' id='word_1_19' title='bbox 1829 420 1930 493; x_wconf 88' lang='lat' dir='ltr'>abusi</span> <span class='ocrx_word' id='word_1_20' title='bbox 1969 432 2131 519; x_wconf 82' lang='lat' dir='ltr'>exemplo</span> 
     </span>
    </p>

    <p class='ocr_par' dir='ltr' id='par_1_3' title="bbox 76 510 2243 3972">
     <span class='ocr_line' id='line_1_3' title="bbox 76 510 2131 621; baseline 0.007 -37"><span class='ocrx_word' id='word_1_21' title='bbox 76 510 83 621; x_wconf 68' lang='lat' dir='ltr'>l</span> <span class='ocrx_word' id='word_1_22' title='bbox 99 539 334 610; x_wconf 70' lang='lat' dir='ltr'>repugnemus</span> <span class='ocrx_word' id='word_1_23' title='bbox 350 517 518 587; x_wconf 90' lang='lat' dir='ltr'>omuibus</span> <span class='ocrx_word' id='word_1_24' title='bbox 535 512 592 587; x_wconf 88' lang='lat' dir='ltr'>his</span> <span class='ocrx_word' id='word_1_25' title='bbox 607 518 753 591; x_wconf 80' lang='lat' dir='ltr'><strong>morbis.</strong></span> <span class='ocrx_word' id='word_1_26' title='bbox 813 517 941 590; x_wconf 80' lang='lat' dir='ltr'>Samen</span> <span class='ocrx_word' id='word_1_27' title='bbox 963 533 1015 590; x_wconf 91' lang='lat' dir='ltr'>est</span> <span class='ocrx_word' id='word_1_28' title='bbox 1028 544 1088 590; x_wconf 90' lang='lat' dir='ltr'>su·</span> <span class='ocrx_word' id='word_1_29' title='bbox 1142 516 1325 602; x_wconf 87' lang='lat' dir='ltr'>Abrahae,</span> <span class='ocrx_word' id='word_1_30' title='bbox 1347 521 1452 591; x_wconf 90' lang='lat' dir='ltr'>multi</span> <span class='ocrx_word' id='word_1_31' title='bbox 1468 521 1700 589; x_wconf 87' lang='lat' dir='ltr'>deseruerunt</span> <span class='ocrx_word' id='word_1_32' title='bbox 1718 521 1884 611; x_wconf 89' lang='lat' dir='ltr'>coniuges</span> <span class='ocrx_word' id='word_1_33' title='bbox 1898 538 1933 597; x_wconf 88' lang='lat' dir='ltr'>et</span> <span class='ocrx_word' id='word_1_34' title='bbox 1947 528 2131 618; x_wconf 77' lang='lat' dir='ltr'>magistra-</span> 
     </span>
     <span class='ocr_line' id='line_1_4' title="bbox 99 617 2129 715; baseline 0.007 -27"><span class='ocrx_word' id='word_1_35' title='bbox 99 620 239 715; x_wconf 82' lang='lat' dir='ltr'>perbia‚</span> <span class='ocrx_word' id='word_1_36' title='bbox 267 619 366 688; x_wconf 88' lang='lat' dir='ltr'>utin</span> <span class='ocrx_word' id='word_1_37' title='bbox 388 617 515 705; x_wconf 90' lang='lat' dir='ltr'>Saule,</span> <span class='ocrx_word' id='word_1_38' title='bbox 541 617 728 710; x_wconf 82' lang='lat' dir='ltr'>Pompeio,</span> <span class='ocrx_word' id='word_1_39' title='bbox 755 633 789 691; x_wconf 91' lang='lat' dir='ltr'>et</span> <span class='ocrx_word' id='word_1_40' title='bbox 804 620 1000 706; x_wconf 70' lang='lat' dir='ltr'>similibus,</span> <span class='ocrx_word' id='word_1_41' title='bbox 1027 622 1086 714; x_wconf 92' lang='lat' dir='ltr'>qui</span> <span class='ocrx_word' id='word_1_42' title='bbox 1141 637 1215 708; x_wconf 91' lang='lat' dir='ltr'>tus,</span> <span class='ocrx_word' id='word_1_43' title='bbox 1241 637 1275 694; x_wconf 94' lang='lat' dir='ltr'>et</span> <span class='ocrx_word' id='word_1_44' title='bbox 1293 636 1539 694; x_wconf 89' lang='lat' dir='ltr'>concesseruut</span> <span class='ocrx_word' id='word_1_45' title='bbox 1563 622 1602 690; x_wconf 93' lang='lat' dir='ltr'>in</span> <span class='ocrx_word' id='word_1_46' title='bbox 1627 644 1763 691; x_wconf 88' lang='lat' dir='ltr'>eremos</span> <span class='ocrx_word' id='word_1_47' title='bbox 1788 648 1893 714; x_wconf 84' lang='lat' dir='ltr'>prava</span> <span class='ocrx_word' id='word_1_48' title='bbox 1918 627 2129 710; x_wconf 82' lang='lat' dir='ltr'>imitatione.</span> 
     </span>
     <span class='ocr_line' id='line_1_5' title="bbox 99 719 2129 817; baseline 0.004 -25"><span class='ocrx_word' id='word_1_49' title='bbox 99 723 223 793; x_wconf 81' lang='lat' dir='ltr'>solunt</span> <span class='ocrx_word' id='word_1_50' title='bbox 239 720 447 791; x_wconf 86' lang='lat' dir='ltr'>antecellere</span> <span class='ocrx_word' id='word_1_51' title='bbox 469 721 648 792; x_wconf 87' lang='lat' dir='ltr'>omuibus.</span> <span class='ocrx_word' id='word_1_52' title='bbox 697 719 836 792; x_wconf 81' lang='lat' dir='ltr'>Deinde</span> <span class='ocrx_word' id='word_1_53' title='bbox 856 723 1017 817; x_wconf 83' lang='lat' dir='ltr'>sequitur</span> <span class='ocrx_word' id='word_1_54' title='bbox 1031 724 1087 791; x_wconf 86' lang='lat' dir='ltr'>in·</span> <span class='ocrx_word' id='word_1_55' title='bbox 1140 724 1199 795; x_wconf 88' lang='lat' dir='ltr'>Sic</span> <span class='ocrx_word' id='word_1_56' title='bbox 1216 749 1323 815; x_wconf 87' lang='lat' dir='ltr'>prava</span> <span class='ocrx_word' id='word_1_57' title='bbox 1340 726 1537 794; x_wconf 74' lang='lat' dir='ltr'>imitatione</span> <span class='ocrx_word' id='word_1_58' title='bbox 1554 738 1741 795; x_wconf 84' lang='lat' dir='ltr'>creverunt</span> <span class='ocrx_word' id='word_1_59' title='bbox 1756 726 1887 797; x_wconf 86' lang='lat' dir='ltr'>abusus</span> <span class='ocrx_word' id='word_1_60' title='bbox 1910 754 2039 802; x_wconf 88' lang='lat' dir='ltr'>coenae</span> <span class='ocrx_word' id='word_1_61' title='bbox 2053 730 2129 807; x_wconf 87' lang='lat' dir='ltr'>Do-</span> 
     </span>
     <span class='ocr_line' id='line_1_6' title="bbox 102 824 2130 917; baseline 0.003 -24"><span class='ocrx_word' id='word_1_62' title='bbox 102 824 277 908; x_wconf 85' lang='lat' dir='ltr'>videntia,</span> <span class='ocrx_word' id='word_1_63' title='bbox 305 847 397 916; x_wconf 90' lang='lat' dir='ltr'>quae</span> <span class='ocrx_word' id='word_1_64' title='bbox 418 846 600 893; x_wconf 85' lang='lat' dir='ltr'>removere</span> <span class='ocrx_word' id='word_1_65' title='bbox 620 846 761 915; x_wconf 89' lang='lat' dir='ltr'>parem,</span> <span class='ocrx_word' id='word_1_66' title='bbox 786 838 848 895; x_wconf 90' lang='lat' dir='ltr'>aut</span> <span class='ocrx_word' id='word_1_67' title='bbox 873 840 1085 895; x_wconf 72' lang='lat' dir='ltr'>crescentem</span> <span class='ocrx_word' id='word_1_68' title='bbox 1139 829 1250 917; x_wconf 87' lang='lat' dir='ltr'>mini,</span> <span class='ocrx_word' id='word_1_69' title='bbox 1277 827 1474 897; x_wconf 77' lang='lat' dir='ltr'><strong>cumulatae</strong></span> <span class='ocrx_word' id='word_1_70' title='bbox 1496 841 1581 897; x_wconf 92' lang='lat' dir='ltr'>sunt</span> <span class='ocrx_word' id='word_1_71' title='bbox 1605 824 1755 907; x_wconf 77' lang='lat' dir='ltr'>Missae,</span> <span class='ocrx_word' id='word_1_72' title='bbox 1783 843 1817 898; x_wconf 93' lang='lat' dir='ltr'>et</span> <span class='ocrx_word' id='word_1_73' title='bbox 1838 844 1977 901; x_wconf 87' lang='lat' dir='ltr'>secutae</span> <span class='ocrx_word' id='word_1_74' title='bbox 2001 838 2130 905; x_wconf 82' lang='lat' dir='ltr'>vendi.</span> 
     </span>
     <span class='ocr_line' id='line_1_7' title="bbox 101 925 2126 1021; baseline 0.004 -23"><span class='ocrx_word' id='word_1_75' title='bbox 101 939 269 998; x_wconf 74' lang='lat' dir='ltr'>matur:</span> <span class='ocrx_word' id='word_1_76' title='bbox 308 925 438 995; x_wconf 91' lang='lat' dir='ltr'>deinde</span> <span class='ocrx_word' id='word_1_77' title='bbox 465 938 505 996; x_wconf 90' lang='lat' dir='ltr'>ut</span> <span class='ocrx_word' id='word_1_78' title='bbox 531 928 752 1015; x_wconf 87' lang='lat' dir='ltr'>antagonista</span> <span class='ocrx_word' id='word_1_79' title='bbox 783 927 860 996; x_wconf 90' lang='lat' dir='ltr'>loco</span> <span class='ocrx_word' id='word_1_80' title='bbox 890 942 1086 1011; x_wconf 88' lang='lat' dir='ltr'>moveatur,</span> <span class='ocrx_word' id='word_1_81' title='bbox 1139 929 1254 998; x_wconf 90' lang='lat' dir='ltr'>tiones</span> <span class='ocrx_word' id='word_1_82' title='bbox 1277 953 1412 1002; x_wconf 88' lang='lat' dir='ltr'>earum.</span> <span class='ocrx_word' id='word_1_83' title='bbox 1485 927 1649 1021; x_wconf 88' lang='lat' dir='ltr'>Denique</span> <span class='ocrx_word' id='word_1_84' title='bbox 1678 943 1716 1000; x_wconf 90' lang='lat' dir='ltr'>ut</span> <span class='ocrx_word' id='word_1_85' title='bbox 1751 930 1788 999; x_wconf 92' lang='lat' dir='ltr'>in</span> <span class='ocrx_word' id='word_1_86' title='bbox 1821 932 1988 1004; x_wconf 87' lang='lat' dir='ltr'>omnibus</span> <span class='ocrx_word' id='word_1_87' title='bbox 2018 938 2126 1009; x_wconf 89' lang='lat' dir='ltr'>rebus</span> 
     </span>
     <span class='ocr_line' id='line_1_8' title="bbox 100 1027 2127 1123; baseline 0.004 -25"><span class='ocrx_word' id='word_1_88' title='bbox 100 1028 282 1122; x_wconf 83' lang='lat' dir='ltr'>quaeritur</span> <span class='ocrx_word' id='word_1_89' title='bbox 297 1027 434 1097; x_wconf 78' lang='lat' dir='ltr'>occasio</span> <span class='ocrx_word' id='word_1_90' title='bbox 452 1027 528 1098; x_wconf 90' lang='lat' dir='ltr'>eius</span> <span class='ocrx_word' id='word_1_91' title='bbox 542 1030 749 1120; x_wconf 88' lang='lat' dir='ltr'>premendi,</span> <span class='ocrx_word' id='word_1_92' title='bbox 774 1051 835 1099; x_wconf 88' lang='lat' dir='ltr'>seu</span> <span class='ocrx_word' id='word_1_93' title='bbox 851 1029 1011 1099; x_wconf 87' lang='lat' dir='ltr'>confictis</span> <span class='ocrx_word' id='word_1_94' title='bbox 1028 1054 1086 1099; x_wconf 89' lang='lat' dir='ltr'>ca·</span> <span class='ocrx_word' id='word_1_95' title='bbox 1139 1054 1245 1123; x_wconf 89' lang='lat' dir='ltr'>prava</span> <span class='ocrx_word' id='word_1_96' title='bbox 1268 1031 1421 1101; x_wconf 80' lang='lat' dir='ltr'>imitatio</span> <span class='ocrx_word' id='word_1_97' title='bbox 1435 1030 1653 1123; x_wconf 90' lang='lat' dir='ltr'>periculosa,</span> <span class='ocrx_word' id='word_1_98' title='bbox 1681 1044 1713 1099; x_wconf 90' lang='lat' dir='ltr'>et</span> <span class='ocrx_word' id='word_1_99' title='bbox 1730 1053 1833 1123; x_wconf 89' lang='lat' dir='ltr'>saepe</span> <span class='ocrx_word' id='word_1_100' title='bbox 1849 1036 2046 1122; x_wconf 89' lang='lat' dir='ltr'>perniciosa</span> <span class='ocrx_word' id='word_1_101' title='bbox 2064 1054 2127 1120; x_wconf 87' lang='lat' dir='ltr'>est,</span> 
     </span>
     <span class='ocr_line' id='line_1_9' title="bbox 99 1126 2126 1222; baseline 0.006 -22"><span class='ocrx_word' id='word_1_102' title='bbox 99 1130 268 1210; x_wconf 88' lang='lat' dir='ltr'>lumniis,</span> <span class='ocrx_word' id='word_1_103' title='bbox 310 1141 351 1200; x_wconf 89' lang='lat' dir='ltr'>ut</span> <span class='ocrx_word' id='word_1_104' title='bbox 385 1130 485 1220; x_wconf 85' lang='lat' dir='ltr'>fingit</span> <span class='ocrx_word' id='word_1_105' title='bbox 511 1129 598 1202; x_wconf 87' lang='lat' dir='ltr'>Saul</span> <span class='ocrx_word' id='word_1_106' title='bbox 622 1126 794 1200; x_wconf 78' lang='lat' dir='ltr'>Davidem</span> <span class='ocrx_word' id='word_1_107' title='bbox 829 1133 998 1202; x_wconf 90' lang='lat' dir='ltr'>invadere</span> <span class='ocrx_word' id='word_1_108' title='bbox 1028 1155 1096 1201; x_wconf 91' lang='lat' dir='ltr'>re··</span> <span class='ocrx_word' id='word_1_109' title='bbox 1138 1134 1185 1203; x_wconf 92' lang='lat' dir='ltr'>ita</span> <span class='ocrx_word' id='word_1_110' title='bbox 1208 1134 1360 1203; x_wconf 80' lang='lat' dir='ltr'>maxime</span> <span class='ocrx_word' id='word_1_111' title='bbox 1386 1132 1425 1202; x_wconf 91' lang='lat' dir='ltr'>in</span> <span class='ocrx_word' id='word_1_112' title='bbox 1453 1133 1608 1205; x_wconf 89' lang='lat' dir='ltr'>cultibus</span> <span class='ocrx_word' id='word_1_113' title='bbox 1628 1136 1824 1203; x_wconf 86' lang='lat' dir='ltr'>cavendum</span> <span class='ocrx_word' id='word_1_114' title='bbox 1848 1150 1916 1222; x_wconf 89' lang='lat' dir='ltr'>est,</span> <span class='ocrx_word' id='word_1_115' title='bbox 1950 1162 1996 1208; x_wconf 91' lang='lat' dir='ltr'>ne</span> <span class='ocrx_word' id='word_1_116' title='bbox 2018 1140 2126 1213; x_wconf 89' lang='lat' dir='ltr'>stulta</span> 
     </span>
     <span class='ocr_line' id='line_1_10' title="bbox 90 1229 1891 1325; baseline 0.002 -22"><span class='ocrx_word' id='word_1_117' title='bbox 90 1252 225 1324; x_wconf 74' lang='lat' dir='ltr'>gnum,</span> <span class='ocrx_word' id='word_1_118' title='bbox 248 1254 301 1301; x_wconf 76' lang='lat' dir='ltr'>,se</span> <span class='ocrx_word' id='word_1_119' title='bbox 326 1231 441 1323; x_wconf 90' lang='lat' dir='ltr'>palam</span> <span class='ocrx_word' id='word_1_120' title='bbox 472 1256 569 1303; x_wconf 90' lang='lat' dir='ltr'>arma</span> <span class='ocrx_word' id='word_1_121' title='bbox 600 1233 800 1325; x_wconf 88' lang='lat' dir='ltr'>capiuntur.</span> <span class='ocrx_word' id='word_1_122' title='bbox 872 1229 970 1302; x_wconf 89' lang='lat' dir='ltr'>Haec</span> <span class='ocrx_word' id='word_1_123' title='bbox 1000 1233 1084 1304; x_wconf 86' lang='lat' dir='ltr'>vitia</span> <span class='ocrx_word' id='word_1_124' title='bbox 1137 1235 1289 1307; x_wconf 88' lang='lat' dir='ltr'>imitatio</span> <span class='ocrx_word' id='word_1_125' title='bbox 1305 1236 1443 1325; x_wconf 88' lang='lat' dir='ltr'>gignat,</span> <span class='ocrx_word' id='word_1_126' title='bbox 1469 1251 1529 1307; x_wconf 89' lang='lat' dir='ltr'>aut</span> <span class='ocrx_word' id='word_1_127' title='bbox 1546 1234 1891 1312; x_wconf 82' lang='lat' dir='ltr'>confirmeterrores.</span> 
     </span>
     <span class='ocr_line' id='line_1_11' title="bbox 99 1334 2123 1429; baseline 0.004 -24"><span class='ocrx_word' id='word_1_128' title='bbox 99 1337 216 1405; x_wconf 87' lang='lat' dir='ltr'>amnia</span> <span class='ocrx_word' id='word_1_129' title='bbox 241 1335 407 1404; x_wconf 88' lang='lat' dir='ltr'>damnata</span> <span class='ocrx_word' id='word_1_130' title='bbox 433 1349 517 1405; x_wconf 89' lang='lat' dir='ltr'>sunt</span> <span class='ocrx_word' id='word_1_131' title='bbox 539 1357 559 1404; x_wconf 84' lang='lat' dir='ltr'>a</span> <span class='ocrx_word' id='word_1_132' title='bbox 581 1335 680 1420; x_wconf 89' lang='lat' dir='ltr'>Deo,</span> <span class='ocrx_word' id='word_1_133' title='bbox 706 1335 891 1426; x_wconf 86' lang='lat' dir='ltr'>superbia,</span> <span class='ocrx_word' id='word_1_134' title='bbox 917 1334 1084 1405; x_wconf 86' lang='lat' dir='ltr'>inviden·</span> <span class='ocrx_word' id='word_1_135' title='bbox 1238 1336 1351 1429; x_wconf 88' lang='lat' dir='ltr'>Saepe</span> <span class='ocrx_word' id='word_1_136' title='bbox 1374 1338 1478 1407; x_wconf 85' lang='lat' dir='ltr'>etiarn</span> <span class='ocrx_word' id='word_1_137' title='bbox 1498 1337 1733 1408; x_wconf 78' lang='lat' dir='ltr'>aemulatione</span> <span class='ocrx_word' id='word_1_138' title='bbox 1755 1338 1950 1409; x_wconf 90' lang='lat' dir='ltr'>ministeria</span> <span class='ocrx_word' id='word_1_139' title='bbox 1971 1345 2123 1415; x_wconf 85' lang='lat' dir='ltr'>conlun-</span> 
     </span>
     <span class='ocr_line' id='line_1_12' title="bbox 100 1432 2122 1537; baseline 0.003 -29"><span class='ocrx_word' id='word_1_140' title='bbox 100 1437 327 1518; x_wconf 85' lang='lat' dir='ltr'>tia,iniuria.</span> <span class='ocrx_word' id='word_1_141' title='bbox 365 1432 519 1506; x_wconf 83' lang='lat' dir='ltr'>Dillicile</span> <span class='ocrx_word' id='word_1_142' title='bbox 535 1449 719 1508; x_wconf 84' lang='lat' dir='ltr'>astantem</span> <span class='ocrx_word' id='word_1_143' title='bbox 735 1437 844 1510; x_wconf 89' lang='lat' dir='ltr'>acrib.</span> <span class='ocrx_word' id='word_1_144' title='bbox 863 1438 1083 1537; x_wconf 75' lang='lat' dir='ltr'>naturisfre·</span> <span class='ocrx_word' id='word_1_145' title='bbox 1135 1440 1292 1525; x_wconf 92' lang='lat' dir='ltr'>duntur,</span> <span class='ocrx_word' id='word_1_146' title='bbox 1331 1437 1498 1531; x_wconf 85' lang='lat' dir='ltr'>Episcopi</span> <span class='ocrx_word' id='word_1_147' title='bbox 1527 1438 1658 1509; x_wconf 89' lang='lat' dir='ltr'>omisso</span> <span class='ocrx_word' id='word_1_148' title='bbox 1695 1463 1841 1510; x_wconf 91' lang='lat' dir='ltr'>munere</span> <span class='ocrx_word' id='word_1_149' title='bbox 1879 1443 2122 1531; x_wconf 84' lang='lat' dir='ltr'>ecclesiastico,</span> 
     </span>
     <span class='ocr_line' id='line_1_13' title="bbox 101 1532 2124 1634; baseline 0.003 -24"><span class='ocrx_word' id='word_1_150' title='bbox 101 1564 180 1610; x_wconf 80' lang='lat' dir='ltr'>aare</span> <span class='ocrx_word' id='word_1_151' title='bbox 198 1532 266 1607; x_wconf 91' lang='lat' dir='ltr'>hos</span> <span class='ocrx_word' id='word_1_152' title='bbox 282 1538 454 1626; x_wconf 90' lang='lat' dir='ltr'>impetus,</span> <span class='ocrx_word' id='word_1_153' title='bbox 479 1541 540 1608; x_wconf 86' lang='lat' dir='ltr'>sed</span> <span class='ocrx_word' id='word_1_154' title='bbox 559 1539 759 1627; x_wconf 78' lang='lat' dir='ltr'>exemplum</span> <span class='ocrx_word' id='word_1_155' title='bbox 775 1538 906 1609; x_wconf 79' lang='lat' dir='ltr'>illustri</span> <span class='ocrx_word' id='word_1_156' title='bbox 930 1540 1041 1610; x_wconf 78' lang='lat' dir='ltr'>alie&#39;ni</span> <span class='ocrx_word' id='word_1_157' title='bbox 1063 1563 1083 1609; x_wconf 92' lang='lat' dir='ltr'>a</span> <span class='ocrx_word' id='word_1_158' title='bbox 1137 1542 1328 1612; x_wconf 86' lang='lat' dir='ltr'>voluerunt</span> <span class='ocrx_word' id='word_1_159' title='bbox 1349 1566 1449 1633; x_wconf 86' lang='lat' dir='ltr'>pares</span> <span class='ocrx_word' id='word_1_160' title='bbox 1472 1564 1546 1611; x_wconf 90' lang='lat' dir='ltr'>esse</span> <span class='ocrx_word' id='word_1_161' title='bbox 1570 1539 1811 1630; x_wconf 87' lang='lat' dir='ltr'>principibus,</span> <span class='ocrx_word' id='word_1_162' title='bbox 1853 1556 1886 1612; x_wconf 92' lang='lat' dir='ltr'>et</span> <span class='ocrx_word' id='word_1_163' title='bbox 1911 1566 2013 1634; x_wconf 82' lang='lat' dir='ltr'>saepe</span> <span class='ocrx_word' id='word_1_164' title='bbox 2036 1571 2124 1616; x_wconf 90' lang='lat' dir='ltr'>con-</span> 
     </span>
     <span class='ocr_line' id='line_1_14' title="bbox 102 1636 2123 1734; baseline 0.001 -22"><span class='ocrx_word' id='word_1_165' title='bbox 102 1641 263 1734; x_wconf 79' lang='lat' dir='ltr'>supcrbia</span> <span class='ocrx_word' id='word_1_166' title='bbox 286 1653 322 1709; x_wconf 90' lang='lat' dir='ltr'>et</span> <span class='ocrx_word' id='word_1_167' title='bbox 344 1641 540 1709; x_wconf 83' lang='lat' dir='ltr'>invidentia</span> <span class='ocrx_word' id='word_1_168' title='bbox 563 1653 614 1709; x_wconf 88' lang='lat' dir='ltr'>est</span> <span class='ocrx_word' id='word_1_169' title='bbox 637 1636 833 1726; x_wconf 88' lang='lat' dir='ltr'>lonathan,</span> <span class='ocrx_word' id='word_1_170' title='bbox 861 1636 955 1711; x_wconf 89' lang='lat' dir='ltr'>hunc</span> <span class='ocrx_word' id='word_1_171' title='bbox 978 1641 1083 1713; x_wconf 91' lang='lat' dir='ltr'>nobis</span> <span class='ocrx_word' id='word_1_172' title='bbox 1135 1643 1333 1714; x_wconf 88' lang='lat' dir='ltr'>rionatores</span> <span class='ocrx_word' id='word_1_173' title='bbox 1350 1644 1477 1714; x_wconf 82' lang='lat' dir='ltr'>volunt</span> <span class='ocrx_word' id='word_1_174' title='bbox 1493 1665 1611 1731; x_wconf 86' lang='lat' dir='ltr'>regere</span> <span class='ocrx_word' id='word_1_175' title='bbox 1627 1642 1768 1733; x_wconf 90' lang='lat' dir='ltr'>politica</span> <span class='ocrx_word' id='word_1_176' title='bbox 1789 1645 1928 1732; x_wconf 87' lang='lat' dir='ltr'>negotia</span> <span class='ocrx_word' id='word_1_177' title='bbox 1950 1647 2123 1733; x_wconf 88' lang='lat' dir='ltr'>aularum,</span> 
     </span>
     <span class='ocr_line' id='line_1_15' title="bbox 123 1734 2226 1836; baseline 0.002 -22"><span class='ocrx_word' id='word_1_178' title='bbox 123 1764 358 1834; x_wconf 78' lang='lat' dir='ltr'>reponamus,</span> <span class='ocrx_word' id='word_1_179' title='bbox 387 1736 483 1812; x_wconf 91' lang='lat' dir='ltr'>hunc</span> <span class='ocrx_word' id='word_1_180' title='bbox 507 1743 700 1816; x_wconf 86' lang='lat' dir='ltr'>imitemur.</span> <span class='ocrx_word' id='word_1_181' title='bbox 766 1741 835 1813; x_wconf 86' lang='lat' dir='ltr'>Hic</span> <span class='ocrx_word' id='word_1_182' title='bbox 856 1744 1011 1836; x_wconf 90' lang='lat' dir='ltr'>primurn</span> <span class='ocrx_word' id='word_1_183' title='bbox 1031 1757 1084 1814; x_wconf 91' lang='lat' dir='ltr'>est</span> <span class='ocrx_word' id='word_1_184' title='bbox 1134 1759 1196 1816; x_wconf 93' lang='lat' dir='ltr'>aut</span> <span class='ocrx_word' id='word_1_185' title='bbox 1212 1745 1413 1830; x_wconf 89' lang='lat' dir='ltr'>civitatum,</span> <span class='ocrx_word' id='word_1_186' title='bbox 1437 1759 1471 1815; x_wconf 89' lang='lat' dir='ltr'>et</span> <span class='ocrx_word' id='word_1_187' title='bbox 1489 1747 1650 1814; x_wconf 90' lang='lat' dir='ltr'>doctores</span> <span class='ocrx_word' id='word_1_188' title='bbox 1672 1744 1875 1829; x_wconf 87' lang='lat' dir='ltr'>literarum,</span> <span class='ocrx_word' id='word_1_189' title='bbox 1898 1771 1978 1815; x_wconf 86' lang='lat' dir='ltr'>curn</span> <span class='ocrx_word' id='word_1_190' title='bbox 2000 1749 2124 1821; x_wconf 85' lang='lat' dir='ltr'>vident</span> <span class='ocrx_word' id='word_1_191' title='bbox 2221 1734 2226 1747; x_wconf 28' lang='lat' dir='ltr'>i</span> 
     </span>
     <span class='ocr_line' id='line_1_16' title="bbox 100 1769 2125 1944; baseline 0.002 -28"><span class='ocrx_word' id='word_1_192' title='bbox 100 1769 265 1929; x_wconf 74' lang='lat' dir='ltr'>humilis,</span> <span class='ocrx_word' id='word_1_193' title='bbox 292 1844 375 1937; x_wconf 91' lang='lat' dir='ltr'>quia</span> <span class='ocrx_word' id='word_1_194' title='bbox 395 1843 523 1913; x_wconf 88' lang='lat' dir='ltr'>timore</span> <span class='ocrx_word' id='word_1_195' title='bbox 538 1841 606 1914; x_wconf 87' lang='lat' dir='ltr'>Dei</span> <span class='ocrx_word' id='word_1_196' title='bbox 630 1845 787 1934; x_wconf 88' lang='lat' dir='ltr'>agnoscit</span> <span class='ocrx_word' id='word_1_197' title='bbox 811 1867 911 1915; x_wconf 89' lang='lat' dir='ltr'>suam</span> <span class='ocrx_word' id='word_1_198' title='bbox 931 1846 1083 1915; x_wconf 78' lang='lat' dir='ltr'>infirmi·</span> <span class='ocrx_word' id='word_1_199' title='bbox 1134 1847 1391 1938; x_wconf 85' lang='lat' dir='ltr'>disputationes</span> <span class='ocrx_word' id='word_1_200' title='bbox 1432 1846 1477 1915; x_wconf 93' lang='lat' dir='ltr'>de</span> <span class='ocrx_word' id='word_1_201' title='bbox 1516 1846 1689 1936; x_wconf 79' lang='lat' dir='ltr'>religione</span> <span class='ocrx_word' id='word_1_202' title='bbox 1728 1847 1992 1944; x_wconf 88' lang='lat' dir='ltr'>plausibiliores</span> <span class='ocrx_word' id='word_1_203' title='bbox 2033 1875 2125 1937; x_wconf 86' lang='lat' dir='ltr'>esse,</span> 
     </span>
     <span class='ocr_line' id='line_1_17' title="bbox 101 1943 2122 2041; baseline 0.003 -24"><span class='ocrx_word' id='word_1_204' title='bbox 101 1961 223 2027; x_wconf 80' lang='lat' dir='ltr'>utem,</span> <span class='ocrx_word' id='word_1_205' title='bbox 257 1969 323 2015; x_wconf 91' lang='lat' dir='ltr'>uec</span> <span class='ocrx_word' id='word_1_206' title='bbox 342 1946 474 2036; x_wconf 91' lang='lat' dir='ltr'>appetit</span> <span class='ocrx_word' id='word_1_207' title='bbox 499 1969 667 2036; x_wconf 88' lang='lat' dir='ltr'>regnum,</span> <span class='ocrx_word' id='word_1_208' title='bbox 701 1947 774 2018; x_wconf 89' lang='lat' dir='ltr'>imo</span> <span class='ocrx_word' id='word_1_209' title='bbox 797 1947 863 2017; x_wconf 90' lang='lat' dir='ltr'>scit</span> <span class='ocrx_word' id='word_1_210' title='bbox 887 1943 982 2017; x_wconf 90' lang='lat' dir='ltr'>nihil</span> <span class='ocrx_word' id='word_1_211' title='bbox 1009 1971 1082 2017; x_wconf 90' lang='lat' dir='ltr'>esse</span> <span class='ocrx_word' id='word_1_212' title='bbox 1135 1973 1240 2041; x_wconf 92' lang='lat' dir='ltr'>quam</span> <span class='ocrx_word' id='word_1_213' title='bbox 1265 1950 1462 2020; x_wconf 82' lang='lat' dir='ltr'>doctrinam</span> <span class='ocrx_word' id='word_1_214' title='bbox 1488 1948 1697 2019; x_wconf 78' lang='lat' dir='ltr'>inferiorum</span> <span class='ocrx_word' id='word_1_215' title='bbox 1721 1950 1869 2027; x_wconf 88' lang='lat' dir='ltr'>artium,</span> <span class='ocrx_word' id='word_1_216' title='bbox 1895 1949 2122 2024; x_wconf 88' lang='lat' dir='ltr'>liuntsubitn</span> 
     </span>
     <span class='ocr_line' id='line_1_18' title="bbox 101 2042 2122 2142; baseline 0.002 -22"><span class='ocrx_word' id='word_1_217' title='bbox 101 2050 213 2120; x_wconf 83' lang='lat' dir='ltr'>mains</span> <span class='ocrx_word' id='word_1_218' title='bbox 239 2050 279 2116; x_wconf 91' lang='lat' dir='ltr'>in</span> <span class='ocrx_word' id='word_1_219' title='bbox 299 2042 490 2117; x_wconf 86' lang='lat' dir='ltr'>‘hominum</span> <span class='ocrx_word' id='word_1_220' title='bbox 517 2049 611 2133; x_wconf 86' lang='lat' dir='ltr'>vita,</span> <span class='ocrx_word' id='word_1_221' title='bbox 651 2072 758 2142; x_wconf 91' lang='lat' dir='ltr'>quam</span> <span class='ocrx_word' id='word_1_222' title='bbox 787 2050 1080 2139; x_wconf 72' lang='lat' dir='ltr'>gubernationem</span> <span class='ocrx_word' id='word_1_223' title='bbox 1134 2046 1320 2141; x_wconf 85' lang='lat' dir='ltr'>Theologi.</span> <span class='ocrx_word' id='word_1_224' title='bbox 1370 2047 1467 2120; x_wconf 89' lang='lat' dir='ltr'>Haec</span> <span class='ocrx_word' id='word_1_225' title='bbox 1482 2051 1631 2123; x_wconf 89' lang='lat' dir='ltr'>ambitio</span> <span class='ocrx_word' id='word_1_226' title='bbox 1646 2049 1748 2119; x_wconf 86' lang='lat' dir='ltr'>valde</span> <span class='ocrx_word' id='word_1_227' title='bbox 1765 2052 1960 2142; x_wconf 89' lang='lat' dir='ltr'>perniciosa</span> <span class='ocrx_word' id='word_1_228' title='bbox 1982 2068 2034 2124; x_wconf 88' lang='lat' dir='ltr'>est</span> <span class='ocrx_word' id='word_1_229' title='bbox 2050 2049 2122 2125; x_wconf 77' lang='lat' dir='ltr'>Dc·</span> 
     </span>
     <span class='ocr_line' id='line_1_19' title="bbox 102 2146 2118 2245; baseline 0.001 -23"><span class='ocrx_word' id='word_1_230' title='bbox 102 2151 303 2245; x_wconf 83' lang='lat' dir='ltr'>praesertim</span> <span class='ocrx_word' id='word_1_231' title='bbox 321 2151 444 2240; x_wconf 91' lang='lat' dir='ltr'>populi</span> <span class='ocrx_word' id='word_1_232' title='bbox 460 2148 538 2220; x_wconf 89' lang='lat' dir='ltr'>Dei.</span> <span class='ocrx_word' id='word_1_233' title='bbox 589 2149 665 2222; x_wconf 88' lang='lat' dir='ltr'>Scit</span> <span class='ocrx_word' id='word_1_234' title='bbox 680 2152 785 2222; x_wconf 91' lang='lat' dir='ltr'>etiam</span> <span class='ocrx_word' id='word_1_235' title='bbox 803 2146 871 2221; x_wconf 92' lang='lat' dir='ltr'>hoc</span> <span class='ocrx_word' id='word_1_236' title='bbox 884 2152 1000 2241; x_wconf 89' lang='lat' dir='ltr'>ipsum</span> <span class='ocrx_word' id='word_1_237' title='bbox 1025 2176 1081 2237; x_wconf 82' lang='lat' dir='ltr'>re-</span> <span class='ocrx_word' id='word_1_238' title='bbox 1134 2152 1258 2225; x_wconf 90' lang='lat' dir='ltr'>clesiae</span> <span class='ocrx_word' id='word_1_239' title='bbox 1293 2167 1327 2223; x_wconf 90' lang='lat' dir='ltr'>et</span> <span class='ocrx_word' id='word_1_240' title='bbox 1356 2153 1543 2223; x_wconf 89' lang='lat' dir='ltr'>universae</span> <span class='ocrx_word' id='word_1_241' title='bbox 1570 2153 1663 2222; x_wconf 85' lang='lat' dir='ltr'>vitae</span> <span class='ocrx_word' id='word_1_242' title='bbox 1693 2146 1888 2239; x_wconf 90' lang='lat' dir='ltr'>humanae,</span> <span class='ocrx_word' id='word_1_243' title='bbox 1931 2154 2012 2222; x_wconf 89' lang='lat' dir='ltr'>ideo</span> <span class='ocrx_word' id='word_1_244' title='bbox 2046 2157 2118 2226; x_wconf 86' lang='lat' dir='ltr'>lre·</span> 
     </span>
     <span class='ocr_line' id='line_1_20' title="bbox 102 2251 2118 2346; baseline 0.001 -22"><span class='ocrx_word' id='word_1_245' title='bbox 102 2277 204 2345; x_wconf 81' lang='lat' dir='ltr'>gnum</span> <span class='ocrx_word' id='word_1_246' title='bbox 220 2251 293 2322; x_wconf 85' lang='lat' dir='ltr'>Dei</span> <span class='ocrx_word' id='word_1_247' title='bbox 314 2253 448 2321; x_wconf 88' lang='lat' dir='ltr'>donum</span> <span class='ocrx_word' id='word_1_248' title='bbox 475 2274 568 2333; x_wconf 89' lang='lat' dir='ltr'>esse,</span> <span class='ocrx_word' id='word_1_249' title='bbox 594 2275 660 2323; x_wconf 89' lang='lat' dir='ltr'>nec</span> <span class='ocrx_word' id='word_1_250' title='bbox 681 2253 1015 2323; x_wconf 88' lang='lat' dir='ltr'>invadendumesse</span> <span class='ocrx_word' id='word_1_251' title='bbox 1036 2255 1082 2324; x_wconf 93' lang='lat' dir='ltr'>ab</span> <span class='ocrx_word' id='word_1_252' title='bbox 1134 2258 1251 2325; x_wconf 90' lang='lat' dir='ltr'>nanda</span> <span class='ocrx_word' id='word_1_253' title='bbox 1273 2267 1344 2338; x_wconf 90' lang='lat' dir='ltr'>est,</span> <span class='ocrx_word' id='word_1_254' title='bbox 1375 2269 1410 2324; x_wconf 89' lang='lat' dir='ltr'>et</span> <span class='ocrx_word' id='word_1_255' title='bbox 1432 2277 1569 2346; x_wconf 86' lang='lat' dir='ltr'>semper</span> <span class='ocrx_word' id='word_1_256' title='bbox 1601 2256 1752 2324; x_wconf 88' lang='lat' dir='ltr'>tenenda</span> <span class='ocrx_word' id='word_1_257' title='bbox 1777 2257 1913 2342; x_wconf 87' lang='lat' dir='ltr'>regula:</span> <span class='ocrx_word' id='word_1_258' title='bbox 1954 2254 1994 2326; x_wconf 89' lang='lat' dir='ltr'>Si</span> <span class='ocrx_word' id='word_1_259' title='bbox 2015 2256 2118 2327; x_wconf 91' lang='lat' dir='ltr'>illum</span> 
     </span>
     <span class='ocr_line' id='line_1_21' title="bbox 101 2349 2158 2451; baseline 0.001 -23"><span class='ocrx_word' id='word_1_260' title='bbox 101 2358 169 2429; x_wconf 86' lang='lat' dir='ltr'>allo</span> <span class='ocrx_word' id='word_1_261' title='bbox 184 2351 352 2439; x_wconf 89' lang='lat' dir='ltr'>homine,</span> <span class='ocrx_word' id='word_1_262' title='bbox 377 2356 438 2423; x_wconf 91' lang='lat' dir='ltr'>sed</span> <span class='ocrx_word' id='word_1_263' title='bbox 461 2349 558 2425; x_wconf 90' lang='lat' dir='ltr'>hunc</span> <span class='ocrx_word' id='word_1_264' title='bbox 575 2349 780 2426; x_wconf 89' lang='lat' dir='ltr'>habiturum</span> <span class='ocrx_word' id='word_1_265' title='bbox 795 2377 887 2440; x_wconf 91' lang='lat' dir='ltr'>esse,</span> <span class='ocrx_word' id='word_1_266' title='bbox 913 2357 969 2427; x_wconf 91' lang='lat' dir='ltr'>cui</span> <span class='ocrx_word' id='word_1_267' title='bbox 985 2353 1081 2427; x_wconf 90' lang='lat' dir='ltr'>Deus</span> <span class='ocrx_word' id='word_1_268' title='bbox 1134 2358 1216 2428; x_wconf 83' lang='lat' dir='ltr'>volo</span> <span class='ocrx_word' id='word_1_269' title='bbox 1239 2357 1409 2428; x_wconf 90' lang='lat' dir='ltr'>maiorem</span> <span class='ocrx_word' id='word_1_270' title='bbox 1431 2379 1529 2441; x_wconf 91' lang='lat' dir='ltr'>esse,</span> <span class='ocrx_word' id='word_1_271' title='bbox 1563 2358 1649 2448; x_wconf 91' lang='lat' dir='ltr'>quid</span> <span class='ocrx_word' id='word_1_272' title='bbox 1678 2379 1698 2424; x_wconf 91' lang='lat' dir='ltr'>a</span> <span class='ocrx_word' id='word_1_273' title='bbox 1723 2369 1776 2436; x_wconf 88' lang='lat' dir='ltr'>te,</span> <span class='ocrx_word' id='word_1_274' title='bbox 1803 2371 1843 2429; x_wconf 91' lang='lat' dir='ltr'>tu</span> <span class='ocrx_word' id='word_1_275' title='bbox 1876 2381 1933 2425; x_wconf 87' lang='lat' dir='ltr'>me</span> <span class='ocrx_word' id='word_1_276' title='bbox 1962 2380 2118 2451; x_wconf 85' lang='lat' dir='ltr'>sequere.</span> <span class='ocrx_word' id='word_1_277' title='bbox 2155 2425 2158 2431; x_wconf 80' lang='grc'>,</span> 
     </span>
     <span class='ocr_line' id='line_1_22' title="bbox 101 2455 2120 2556; baseline 0 -27"><span class='ocrx_word' id='word_1_278' title='bbox 101 2481 158 2529; x_wconf 90' lang='lat' dir='ltr'>suo</span> <span class='ocrx_word' id='word_1_279' title='bbox 172 2456 327 2528; x_wconf 90' lang='lat' dir='ltr'>consilio</span> <span class='ocrx_word' id='word_1_280' title='bbox 349 2455 544 2526; x_wconf 87' lang='lat' dir='ltr'>traditurus</span> <span class='ocrx_word' id='word_1_281' title='bbox 559 2469 664 2541; x_wconf 91' lang='lat' dir='ltr'>esset,</span> <span class='ocrx_word' id='word_1_282' title='bbox 689 2457 778 2527; x_wconf 89' lang='lat' dir='ltr'>sicut</span> <span class='ocrx_word' id='word_1_283' title='bbox 792 2459 884 2548; x_wconf 89' lang='lat' dir='ltr'>patri</span> <span class='ocrx_word' id='word_1_284' title='bbox 905 2456 993 2529; x_wconf 90' lang='lat' dir='ltr'>Saul</span> <span class='ocrx_word' id='word_1_285' title='bbox 1009 2471 1081 2527; x_wconf 93' lang='lat' dir='ltr'>tra·</span> <span class='ocrx_word' id='word_1_286' title='bbox 1132 2458 1241 2531; x_wconf 89' lang='lat' dir='ltr'>Suam</span> <span class='ocrx_word' id='word_1_287' title='bbox 1264 2458 1415 2556; x_wconf 88' lang='lat' dir='ltr'>quisque</span> <span class='ocrx_word' id='word_1_288' title='bbox 1436 2457 1656 2529; x_wconf 87' lang='lat' dir='ltr'>vocationem</span> <span class='ocrx_word' id='word_1_289' title='bbox 1678 2458 1851 2547; x_wconf 89' lang='lat' dir='ltr'>intelligat</span> <span class='ocrx_word' id='word_1_290' title='bbox 1867 2477 1901 2528; x_wconf 88' lang='lat' dir='ltr'>et</span> <span class='ocrx_word' id='word_1_291' title='bbox 1924 2459 1962 2527; x_wconf 91' lang='lat' dir='ltr'>in</span> <span class='ocrx_word' id='word_1_292' title='bbox 1985 2484 2023 2530; x_wconf 90' lang='lat' dir='ltr'>ea</span> <span class='ocrx_word' id='word_1_293' title='bbox 2047 2485 2120 2530; x_wconf 91' lang='lat' dir='ltr'>ser-</span> 
     </span>
     <span class='ocr_line' id='line_1_23' title="bbox 102 2555 2119 2654; baseline 0 -23"><span class='ocrx_word' id='word_1_294' title='bbox 102 2563 250 2631; x_wconf 84' lang='lat' dir='ltr'>diderat:</span> <span class='ocrx_word' id='word_1_295' title='bbox 275 2558 407 2639; x_wconf 87' lang='lat' dir='ltr'>deinde</span> <span class='ocrx_word' id='word_1_296' title='bbox 421 2580 495 2626; x_wconf 91' lang='lat' dir='ltr'>non</span> <span class='ocrx_word' id='word_1_297' title='bbox 512 2571 563 2627; x_wconf 91' lang='lat' dir='ltr'>est</span> <span class='ocrx_word' id='word_1_298' title='bbox 584 2558 747 2645; x_wconf 85' lang='lat' dir='ltr'>invidus,</span> <span class='ocrx_word' id='word_1_299' title='bbox 772 2572 958 2654; x_wconf 89' lang='lat' dir='ltr'>postquam</span> <span class='ocrx_word' id='word_1_300' title='bbox 985 2561 1082 2630; x_wconf 89' lang='lat' dir='ltr'>videt</span> <span class='ocrx_word' id='word_1_301' title='bbox 1134 2562 1225 2647; x_wconf 86' lang='lat' dir='ltr'>viat,</span> <span class='ocrx_word' id='word_1_302' title='bbox 1259 2585 1406 2648; x_wconf 88' lang='lat' dir='ltr'>eamque</span> <span class='ocrx_word' id='word_1_303' title='bbox 1440 2573 1560 2644; x_wconf 88' lang='lat' dir='ltr'>ornet,</span> <span class='ocrx_word' id='word_1_304' title='bbox 1600 2560 1674 2630; x_wconf 89' lang='lat' dir='ltr'>aive</span> <span class='ocrx_word' id='word_1_305' title='bbox 1696 2560 1741 2630; x_wconf 91' lang='lat' dir='ltr'>sit</span> <span class='ocrx_word' id='word_1_306' title='bbox 1765 2555 1932 2644; x_wconf 91' lang='lat' dir='ltr'>humilis,</span> <span class='ocrx_word' id='word_1_307' title='bbox 1966 2563 2039 2631; x_wconf 88' lang='lat' dir='ltr'>sive</span> <span class='ocrx_word' id='word_1_308' title='bbox 2062 2586 2119 2631; x_wconf 92' lang='lat' dir='ltr'>ar-</span> 
     </span>
     <span class='ocr_line' id='line_1_24' title="bbox 103 2654 2121 2752; baseline 0 -20"><span class='ocrx_word' id='word_1_309' title='bbox 103 2656 312 2733; x_wconf 86' lang='lat' dir='ltr'>Davidem‘a</span> <span class='ocrx_word' id='word_1_310' title='bbox 329 2657 405 2729; x_wconf 89' lang='lat' dir='ltr'>Deo</span> <span class='ocrx_word' id='word_1_311' title='bbox 421 2661 464 2728; x_wconf 88' lang='lat' dir='ltr'>ad</span> <span class='ocrx_word' id='word_1_312' title='bbox 485 2654 576 2730; x_wconf 90' lang='lat' dir='ltr'>hanc</span> <span class='ocrx_word' id='word_1_313' title='bbox 599 2661 893 2750; x_wconf 77' lang='lat' dir='ltr'>gubernationem</span> <span class='ocrx_word' id='word_1_314' title='bbox 916 2674 1079 2732; x_wconf 87' lang='lat' dir='ltr'>vocatum</span> <span class='ocrx_word' id='word_1_315' title='bbox 1134 2664 1224 2748; x_wconf 90' lang='lat' dir='ltr'>dua,</span> <span class='ocrx_word' id='word_1_316' title='bbox 1248 2665 1338 2734; x_wconf 90' lang='lat' dir='ltr'>sicut</span> <span class='ocrx_word' id='word_1_317' title='bbox 1351 2663 1478 2733; x_wconf 88' lang='lat' dir='ltr'>usitate</span> <span class='ocrx_word' id='word_1_318' title='bbox 1494 2662 1628 2732; x_wconf 89' lang='lat' dir='ltr'>dictum</span> <span class='ocrx_word' id='word_1_319' title='bbox 1645 2674 1711 2731; x_wconf 89' lang='lat' dir='ltr'>est:</span> <span class='ocrx_word' id='word_1_320' title='bbox 1738 2660 1901 2752; x_wconf 86' lang='lat' dir='ltr'>Spartam</span> <span class='ocrx_word' id='word_1_321' title='bbox 1927 2678 2050 2734; x_wconf 90' lang='lat' dir='ltr'>nactus</span> <span class='ocrx_word' id='word_1_322' title='bbox 2074 2688 2121 2748; x_wconf 92' lang='lat' dir='ltr'>es,</span> 
     </span>
     <span class='ocr_line' id='line_1_25' title="bbox 102 2759 2243 2849; baseline 0 -14"><span class='ocrx_word' id='word_1_323' title='bbox 102 2787 183 2848; x_wconf 84' lang='lat' dir='ltr'>esse,</span> <span class='ocrx_word' id='word_1_324' title='bbox 210 2786 285 2833; x_wconf 89' lang='lat' dir='ltr'>non</span> <span class='ocrx_word' id='word_1_325' title='bbox 309 2764 426 2832; x_wconf 89' lang='lat' dir='ltr'>studet</span> <span class='ocrx_word' id='word_1_326' title='bbox 446 2785 527 2830; x_wconf 88' lang='lat' dir='ltr'>eum</span> <span class='ocrx_word' id='word_1_327' title='bbox 553 2763 632 2832; x_wconf 90' lang='lat' dir='ltr'>loco</span> <span class='ocrx_word' id='word_1_328' title='bbox 654 2766 897 2847; x_wconf 87' lang='lat' dir='ltr'>moverc,sed</span> <span class='ocrx_word' id='word_1_329' title='bbox 920 2762 1013 2833; x_wconf 88' lang='lat' dir='ltr'>cedit</span> <span class='ocrx_word' id='word_1_330' title='bbox 1037 2765 1082 2849; x_wconf 92' lang='lat' dir='ltr'>ei,</span> <span class='ocrx_word' id='word_1_331' title='bbox 1134 2759 1227 2834; x_wconf 92' lang='lat' dir='ltr'>hanc</span> <span class='ocrx_word' id='word_1_332' title='bbox 1249 2789 1348 2834; x_wconf 87' lang='lat' dir='ltr'>orna.</span> <span class='ocrx_word' id='word_1_333' title='bbox 1423 2761 1525 2833; x_wconf 86' lang='lat' dir='ltr'>llanc</span> <span class='ocrx_word' id='word_1_334' title='bbox 1555 2779 1684 2835; x_wconf 90' lang='lat' dir='ltr'>metam</span> <span class='ocrx_word' id='word_1_335' title='bbox 1707 2787 1779 2832; x_wconf 89' lang='lat' dir='ltr'>non</span> <span class='ocrx_word' id='word_1_336' title='bbox 1805 2778 1940 2834; x_wconf 89' lang='lat' dir='ltr'>tantum</span> <span class='ocrx_word' id='word_1_337' title='bbox 1965 2760 2120 2836; x_wconf 87' lang='lat' dir='ltr'>humana</span> <span class='ocrx_word' id='word_1_338' title='bbox 2234 2772 2243 2789; x_wconf 87' lang='lat'><em>&#39;</em></span> 
     </span>
     <span class='ocr_line' id='line_1_26' title="bbox 105 2864 2122 2958; baseline -0.001 -22"><span class='ocrx_word' id='word_1_339' title='bbox 105 2880 218 2936; x_wconf 89' lang='lat' dir='ltr'>etsese</span> <span class='ocrx_word' id='word_1_340' title='bbox 232 2865 266 2934; x_wconf 93' lang='lat' dir='ltr'>ei</span> <span class='ocrx_word' id='word_1_341' title='bbox 283 2864 441 2948; x_wconf 88' lang='lat' dir='ltr'>subiicit,</span> <span class='ocrx_word' id='word_1_342' title='bbox 464 2877 499 2934; x_wconf 91' lang='lat' dir='ltr'>et</span> <span class='ocrx_word' id='word_1_343' title='bbox 515 2864 644 2953; x_wconf 87' lang='lat' dir='ltr'>gaudet</span> <span class='ocrx_word' id='word_1_344' title='bbox 658 2864 769 2935; x_wconf 90' lang='lat' dir='ltr'>alium</span> <span class='ocrx_word' id='word_1_345' title='bbox 790 2867 1081 2956; x_wconf 83' lang='lat' dir='ltr'>praestantiorem</span> <span class='ocrx_word' id='word_1_346' title='bbox 1136 2868 1326 2958; x_wconf 91' lang='lat' dir='ltr'>sapientia,</span> <span class='ocrx_word' id='word_1_347' title='bbox 1369 2869 1427 2938; x_wconf 89' lang='lat' dir='ltr'>scd</span> <span class='ocrx_word' id='word_1_348' title='bbox 1460 2866 1574 2935; x_wconf 93' lang='lat' dir='ltr'>multo</span> <span class='ocrx_word' id='word_1_349' title='bbox 1613 2864 1723 2955; x_wconf 90' lang='lat' dir='ltr'>magis</span> <span class='ocrx_word' id='word_1_350' title='bbox 1762 2866 1894 2934; x_wconf 89' lang='lat' dir='ltr'>divinis</span> <span class='ocrx_word' id='word_1_351' title='bbox 1928 2868 2122 2958; x_wconf 85' lang='lat' dir='ltr'>praeceptis</span> 
     </span>
     <span class='ocr_line' id='line_1_27' title="bbox 104 2964 2120 3061; baseline 0 -23"><span class='ocrx_word' id='word_1_352' title='bbox 104 2969 244 3041; x_wconf 87' lang='lat' dir='ltr'>electum</span> <span class='ocrx_word' id='word_1_353' title='bbox 266 2988 356 3050; x_wconf 87' lang='lat' dir='ltr'>esse,</span> <span class='ocrx_word' id='word_1_354' title='bbox 382 2964 483 3036; x_wconf 87' lang='lat' dir='ltr'>cuius</span> <span class='ocrx_word' id='word_1_355' title='bbox 504 2965 798 3054; x_wconf 80' lang='lat' dir='ltr'>gubernationem</span> <span class='ocrx_word' id='word_1_356' title='bbox 820 2967 963 3038; x_wconf 85' lang='lat' dir='ltr'>videbat</span> <span class='ocrx_word' id='word_1_357' title='bbox 984 2967 1081 3037; x_wconf 86' lang='lat' dir='ltr'>futu·</span> <span class='ocrx_word' id='word_1_358' title='bbox 1134 2970 1386 3038; x_wconf 90' lang='lat' dir='ltr'>circumdatam</span> <span class='ocrx_word' id='word_1_359' title='bbox 1411 2968 1514 3038; x_wconf 89' lang='lat' dir='ltr'>nobis</span> <span class='ocrx_word' id='word_1_360' title='bbox 1537 2967 1793 3048; x_wconf 89' lang='lat' dir='ltr'>essesciamus‚</span> <span class='ocrx_word' id='word_1_361' title='bbox 1821 2968 1901 3061; x_wconf 89' lang='lat' dir='ltr'>quia</span> <span class='ocrx_word' id='word_1_362' title='bbox 1916 2966 2044 3039; x_wconf 83' lang='lat' dir='ltr'>Petrus</span> <span class='ocrx_word' id='word_1_363' title='bbox 2061 2994 2120 3038; x_wconf 90' lang='lat' dir='ltr'>cx-</span> 
     </span>
     <span class='ocr_line' id='line_1_28' title="bbox 103 3063 2118 3162; baseline 0 -22"><span class='ocrx_word' id='word_1_364' title='bbox 103 3094 168 3141; x_wconf 86' lang='lat' dir='ltr'>ram</span> <span class='ocrx_word' id='word_1_365' title='bbox 195 3068 395 3141; x_wconf 83' lang='lat' dir='ltr'>feliciorem·</span> <span class='ocrx_word' id='word_1_366' title='bbox 426 3067 682 3155; x_wconf 70' lang='lat' dir='ltr'>gubernatione</span> <span class='ocrx_word' id='word_1_367' title='bbox 716 3068 869 3160; x_wconf 86' lang='lat' dir='ltr'>proximi</span> <span class='ocrx_word' id='word_1_368' title='bbox 900 3071 1080 3158; x_wconf 89' lang='lat' dir='ltr'>temporis,</span> <span class='ocrx_word' id='word_1_369' title='bbox 1135 3093 1249 3161; x_wconf 90' lang='lat' dir='ltr'>presse</span> <span class='ocrx_word' id='word_1_370' title='bbox 1269 3071 1457 3162; x_wconf 87' lang='lat' dir='ltr'>praecipit,</span> <span class='ocrx_word' id='word_1_371' title='bbox 1491 3069 1661 3138; x_wconf 84' lang='lat' dir='ltr'>ursimus</span> <span class='ocrx_word' id='word_1_372' title='bbox 1676 3063 2056 3162; x_wconf 79' lang='grc' dir='ltr'>ἀλλοτριοειιίσκοποι,</span> <span class='ocrx_word' id='word_1_373' title='bbox 2083 3084 2118 3141; x_wconf 88' lang='lat' dir='ltr'>et</span> 
     </span>
     <span class='ocr_line' id='line_1_29' title="bbox 101 3166 2120 3266; baseline -0.002 -23"><span class='ocrx_word' id='word_1_374' title='bbox 101 3195 200 3266; x_wconf 79' lang='lat' dir='ltr'>qnam</span> <span class='ocrx_word' id='word_1_375' title='bbox 216 3169 305 3242; x_wconf 90' lang='lat' dir='ltr'>Saul</span> <span class='ocrx_word' id='word_1_376' title='bbox 320 3172 363 3240; x_wconf 82' lang='lat' dir='ltr'>&#39;et</span> <span class='ocrx_word' id='word_1_377' title='bbox 383 3169 458 3259; x_wconf 91' lang='lat' dir='ltr'>ipse</span> <span class='ocrx_word' id='word_1_378' title='bbox 481 3182 678 3241; x_wconf 91' lang='lat' dir='ltr'>tenuerant.</span> <span class='ocrx_word' id='word_1_379' title='bbox 731 3168 914 3240; x_wconf 87' lang='lat' dir='ltr'>Postremo</span> <span class='ocrx_word' id='word_1_380' title='bbox 937 3194 1003 3239; x_wconf 91' lang='lat' dir='ltr'>nec</span> <span class='ocrx_word' id='word_1_381' title='bbox 1025 3171 1083 3239; x_wconf 91' lang='lat' dir='ltr'>in·</span> <span class='ocrx_word' id='word_1_382' title='bbox 1135 3170 1267 3242; x_wconf 89' lang='lat' dir='ltr'>Paulus</span> <span class='ocrx_word' id='word_1_383' title='bbox 1290 3171 1527 3242; x_wconf 89' lang='lat' dir='ltr'>eruditissime</span> <span class='ocrx_word' id='word_1_384' title='bbox 1543 3170 1678 3264; x_wconf 88' lang='lat' dir='ltr'>inquit,</span> <span class='ocrx_word' id='word_1_385' title='bbox 1708 3170 1741 3238; x_wconf 89' lang='lat'>1.</span> <span class='ocrx_word' id='word_1_386' title='bbox 1760 3166 1883 3240; x_wconf 85' lang='lat' dir='ltr'>Thess.</span> <span class='ocrx_word' id='word_1_387' title='bbox 1902 3167 1953 3240; x_wconf 84' lang='grc'>4.;</span> <span class='ocrx_word' id='word_1_388' title='bbox 1987 3168 2120 3241; x_wconf 87' lang='lat' dir='ltr'>Horta-</span> 
     </span>
     <span class='ocr_line' id='line_1_30' title="bbox 103 3268 2243 3367; baseline -0.001 -22"><span class='ocrx_word' id='word_1_389' title='bbox 103 3272 196 3345; x_wconf 84' lang='lat' dir='ltr'>iusiis</span> <span class='ocrx_word' id='word_1_390' title='bbox 218 3271 329 3359; x_wconf 83' lang='lat' dir='ltr'>aflicit</span> <span class='ocrx_word' id='word_1_391' title='bbox 352 3268 544 3353; x_wconf 81' lang='lat' dir='ltr'>Davidem,</span> <span class='ocrx_word' id='word_1_392' title='bbox 574 3273 634 3340; x_wconf 89' lang='lat' dir='ltr'>sed</span> <span class='ocrx_word' id='word_1_393' title='bbox 657 3295 738 3341; x_wconf 89' lang='lat' dir='ltr'>eum</span> <span class='ocrx_word' id='word_1_394' title='bbox 763 3296 843 3341; x_wconf 87' lang='lat' dir='ltr'>vere</span> <span class='ocrx_word' id='word_1_395' title='bbox 860 3273 995 3364; x_wconf 89' lang='lat' dir='ltr'>diligit,</span> <span class='ocrx_word' id='word_1_396' title='bbox 1024 3296 1082 3341; x_wconf 90' lang='lat' dir='ltr'>ve·</span> <span class='ocrx_word' id='word_1_397' title='bbox 1135 3298 1216 3345; x_wconf 92' lang='lat' dir='ltr'>mur</span> <span class='ocrx_word' id='word_1_398' title='bbox 1232 3298 1294 3342; x_wconf 86' lang='lat' dir='ltr'>vos</span> <span class='ocrx_word' id='word_1_399' title='bbox 1308 3274 1432 3344; x_wconf 87' lang='lat' dir='ltr'>fratres</span> <span class='ocrx_word' id='word_1_400' title='bbox 1447 3272 1652 3341; x_wconf 89' lang='lat' dir='ltr'>antecellere</span> <span class='ocrx_word' id='word_1_401' title='bbox 1662 3272 1771 3361; x_wconf 90' lang='lat' dir='ltr'>magis</span> <span class='ocrx_word' id='word_1_402' title='bbox 1793 3285 1827 3340; x_wconf 90' lang='lat' dir='ltr'>et</span> <span class='ocrx_word' id='word_1_403' title='bbox 1851 3270 2020 3360; x_wconf 87' lang='lat' dir='ltr'>singulari</span> <span class='ocrx_word' id='word_1_404' title='bbox 2046 3285 2122 3342; x_wconf 90' lang='lat' dir='ltr'>stu·</span> <span class='ocrx_word' id='word_1_405' title='bbox 2240 3360 2243 3367; x_wconf 23' lang='grc' dir='ltr'>Ι</span> 
     </span>
     <span class='ocr_line' id='line_1_31' title="bbox 104 3372 2122 3471; baseline -0 -27"><span class='ocrx_word' id='word_1_406' title='bbox 104 3389 263 3459; x_wconf 83' lang='lat' dir='ltr'>seratur,</span> <span class='ocrx_word' id='word_1_407' title='bbox 301 3386 336 3444; x_wconf 90' lang='lat' dir='ltr'>et</span> <span class='ocrx_word' id='word_1_408' title='bbox 367 3373 527 3444; x_wconf 80' lang='lat' dir='ltr'>defendit</span> <span class='ocrx_word' id='word_1_409' title='bbox 554 3374 723 3444; x_wconf 90' lang='lat' dir='ltr'>adversus</span> <span class='ocrx_word' id='word_1_410' title='bbox 750 3388 897 3471; x_wconf 84' lang='lat' dir='ltr'>patrem.</span> <span class='ocrx_word' id='word_1_411' title='bbox 972 3373 1082 3467; x_wconf 91' lang='lat' dir='ltr'>ldque</span> <span class='ocrx_word' id='word_1_412' title='bbox 1134 3376 1195 3445; x_wconf 92' lang='lat' dir='ltr'>dio</span> <span class='ocrx_word' id='word_1_413' title='bbox 1217 3400 1340 3446; x_wconf 88' lang='lat' dir='ltr'>curare</span> <span class='ocrx_word' id='word_1_414' title='bbox 1363 3391 1402 3447; x_wconf 90' lang='lat' dir='ltr'>ut</span> <span class='ocrx_word' id='word_1_415' title='bbox 1428 3374 1615 3468; x_wconf 89' lang='lat' dir='ltr'>quiescatis</span> <span class='ocrx_word' id='word_1_416' title='bbox 1638 3387 1671 3444; x_wconf 90' lang='lat' dir='ltr'>et</span> <span class='ocrx_word' id='word_1_417' title='bbox 1694 3374 1802 3463; x_wconf 91' lang='lat' dir='ltr'>agatis</span> <span class='ocrx_word' id='word_1_418' title='bbox 1819 3375 1972 3465; x_wconf 88' lang='lat' dir='ltr'>propria.</span> <span class='ocrx_word' id='word_1_419' title='bbox 2009 3372 2122 3443; x_wconf 84' lang='lat' dir='ltr'>Valde</span> 
     </span>
     <span class='ocr_line' id='line_1_32' title="bbox 104 3469 2212 3570; baseline -0.002 -22"><span class='ocrx_word' id='word_1_420' title='bbox 104 3491 243 3570; x_wconf 82' lang='lat' dir='ltr'>propter</span> <span class='ocrx_word' id='word_1_421' title='bbox 257 3475 386 3545; x_wconf 88' lang='lat' dir='ltr'>multas</span> <span class='ocrx_word' id='word_1_422' title='bbox 402 3498 523 3546; x_wconf 90' lang='lat' dir='ltr'>causas</span> <span class='ocrx_word' id='word_1_423' title='bbox 538 3474 639 3560; x_wconf 85' lang='lat' dir='ltr'>facit,</span> <span class='ocrx_word' id='word_1_424' title='bbox 666 3476 731 3545; x_wconf 91' lang='lat' dir='ltr'>scit</span> <span class='ocrx_word' id='word_1_425' title='bbox 751 3499 788 3543; x_wconf 89' lang='lat' dir='ltr'>se</span> <span class='ocrx_word' id='word_1_426' title='bbox 806 3478 935 3546; x_wconf 88' lang='lat' dir='ltr'>debere</span> <span class='ocrx_word' id='word_1_427' title='bbox 951 3474 1082 3546; x_wconf 85' lang='lat' dir='ltr'>Davidi</span> <span class='ocrx_word' id='word_1_428' title='bbox 1134 3477 1414 3568; x_wconf 84' lang='lat' dir='ltr'>significantibus</span> <span class='ocrx_word' id='word_1_429' title='bbox 1436 3476 1553 3546; x_wconf 85' lang='lat' dir='ltr'>verbis</span> <span class='ocrx_word' id='word_1_430' title='bbox 1573 3498 1658 3544; x_wconf 90' lang='lat' dir='ltr'>usus</span> <span class='ocrx_word' id='word_1_431' title='bbox 1681 3491 1743 3546; x_wconf 88' lang='lat' dir='ltr'>est.</span> <span class='ocrx_word' id='word_1_432' title='bbox 1808 3469 2124 3545; x_wconf 63' lang='lat' dir='ltr'>Prolanos&#39;homi-</span> <span class='ocrx_word' id='word_1_433' title='bbox 2207 3555 2212 3566; x_wconf 23' lang='grc' dir='ltr'><strong>ι</strong></span> 
     </span>
     <span class='ocr_line' id='line_1_33' title="bbox 93 3576 2124 3669; baseline 0 -23"><span class='ocrx_word' id='word_1_434' title='bbox 93 3579 341 3660; x_wconf 82' lang='lat' dir='ltr'>dilectionem,</span> <span class='ocrx_word' id='word_1_435' title='bbox 375 3576 441 3648; x_wconf 89' lang='lat' dir='ltr'>scit</span> <span class='ocrx_word' id='word_1_436' title='bbox 462 3600 499 3647; x_wconf 87' lang='lat' dir='ltr'>se</span> <span class='ocrx_word' id='word_1_437' title='bbox 520 3577 554 3645; x_wconf 89' lang='lat' dir='ltr'>ei</span> <span class='ocrx_word' id='word_1_438' title='bbox 576 3599 673 3646; x_wconf 90' lang='lat' dir='ltr'>nunc</span> <span class='ocrx_word' id='word_1_439' title='bbox 695 3577 892 3647; x_wconf 90' lang='lat' dir='ltr'>subiectum</span> <span class='ocrx_word' id='word_1_440' title='bbox 916 3600 1012 3668; x_wconf 88' lang='lat' dir='ltr'>esse,</span> <span class='ocrx_word' id='word_1_441' title='bbox 1043 3590 1081 3647; x_wconf 93' lang='lat' dir='ltr'>ut</span> <span class='ocrx_word' id='word_1_442' title='bbox 1133 3602 1196 3649; x_wconf 90' lang='lat' dir='ltr'>nes</span> <span class='ocrx_word' id='word_1_443' title='bbox 1210 3579 1357 3648; x_wconf 89' lang='lat' dir='ltr'>ambitio</span> <span class='ocrx_word' id='word_1_444' title='bbox 1375 3579 1512 3658; x_wconf 86' lang='lat' dir='ltr'>invitat,</span> <span class='ocrx_word' id='word_1_445' title='bbox 1538 3590 1578 3647; x_wconf 91' lang='lat' dir='ltr'>ut</span> <span class='ocrx_word' id='word_1_446' title='bbox 1592 3591 1685 3648; x_wconf 86' lang='lat' dir='ltr'>extra</span> <span class='ocrx_word' id='word_1_447' title='bbox 1710 3576 1910 3647; x_wconf 88' lang='lat' dir='ltr'>vocationes</span> <span class='ocrx_word' id='word_1_448' title='bbox 1925 3592 2124 3669; x_wconf 88' lang='lat' dir='ltr'>erumpant,</span> 
     </span>
     <span class='ocr_line' id='line_1_34' title="bbox 103 3678 2243 3772; baseline -0.001 -23"><span class='ocrx_word' id='word_1_449' title='bbox 103 3683 186 3772; x_wconf 87' lang='lat' dir='ltr'>regi,</span> <span class='ocrx_word' id='word_1_450' title='bbox 214 3681 283 3750; x_wconf 91' lang='lat' dir='ltr'>scit</span> <span class='ocrx_word' id='word_1_451' title='bbox 305 3680 410 3749; x_wconf 91' lang='lat' dir='ltr'>etiam</span> <span class='ocrx_word' id='word_1_452' title='bbox 434 3691 577 3771; x_wconf 85' lang='lat' dir='ltr'>propter</span> <span class='ocrx_word' id='word_1_453' title='bbox 596 3678 777 3769; x_wconf 86' lang='lat' dir='ltr'>publicam</span> <span class='ocrx_word' id='word_1_454' title='bbox 793 3680 980 3749; x_wconf 89' lang='lat' dir='ltr'>utilitatem</span> <span class='ocrx_word' id='word_1_455' title='bbox 997 3703 1080 3749; x_wconf 89' lang='lat' dir='ltr'>con·</span> <span class='ocrx_word' id='word_1_456' title='bbox 1135 3695 1174 3751; x_wconf 90' lang='lat' dir='ltr'>ut</span> <span class='ocrx_word' id='word_1_457' title='bbox 1197 3681 1381 3751; x_wconf 84' lang='lat' dir='ltr'>Antonius</span> <span class='ocrx_word' id='word_1_458' title='bbox 1404 3704 1478 3748; x_wconf 90' lang='lat' dir='ltr'>uun</span> <span class='ocrx_word' id='word_1_459' title='bbox 1501 3693 1688 3749; x_wconf 89' lang='lat' dir='ltr'>contentus</span> <span class='ocrx_word' id='word_1_460' title='bbox 1702 3693 1753 3749; x_wconf 90' lang='lat' dir='ltr'>est</span> <span class='ocrx_word' id='word_1_461' title='bbox 1783 3681 1948 3750; x_wconf 84' lang='lat' dir='ltr'>socictate</span> <span class='ocrx_word' id='word_1_462' title='bbox 1979 3680 2121 3770; x_wconf 88' lang='lat' dir='ltr'>imperii</span> <span class='ocrx_word' id='word_1_463' title='bbox 2240 3727 2243 3733; x_wconf 75' lang='lat'>,</span> 
     </span>
     <span class='ocr_line' id='line_1_35' title="bbox 102 3778 2124 3874; baseline -0.002 -20"><span class='ocrx_word' id='word_1_464' title='bbox 102 3784 255 3854; x_wconf 83' lang='lat' dir='ltr'>cordiam</span> <span class='ocrx_word' id='word_1_465' title='bbox 276 3783 446 3852; x_wconf 88' lang='lat' dir='ltr'>tuendam</span> <span class='ocrx_word' id='word_1_466' title='bbox 468 3804 559 3867; x_wconf 88' lang='lat' dir='ltr'>esse,</span> <span class='ocrx_word' id='word_1_467' title='bbox 592 3791 628 3852; x_wconf 89' lang='lat' dir='ltr'>et</span> <span class='ocrx_word' id='word_1_468' title='bbox 649 3804 731 3850; x_wconf 90' lang='lat' dir='ltr'>eum</span> <span class='ocrx_word' id='word_1_469' title='bbox 755 3802 869 3868; x_wconf 88' lang='lat' dir='ltr'>regem</span> <span class='ocrx_word' id='word_1_470' title='bbox 890 3781 954 3874; x_wconf 91' lang='lat' dir='ltr'>qui</span> <span class='ocrx_word' id='word_1_471' title='bbox 970 3805 989 3850; x_wconf 93' lang='lat' dir='ltr'>a</span> <span class='ocrx_word' id='word_1_472' title='bbox 1007 3779 1082 3851; x_wconf 88' lang='lat' dir='ltr'>Deo</span> <span class='ocrx_word' id='word_1_473' title='bbox 1135 3806 1217 3851; x_wconf 89' lang='lat' dir='ltr'>cum</span> <span class='ocrx_word' id='word_1_474' title='bbox 1233 3778 1402 3866; x_wconf 88' lang='lat' dir='ltr'>Octavio,</span> <span class='ocrx_word' id='word_1_475' title='bbox 1427 3785 1486 3850; x_wconf 90' lang='lat' dir='ltr'>sed</span> <span class='ocrx_word' id='word_1_476' title='bbox 1504 3782 1600 3850; x_wconf 91' lang='lat' dir='ltr'>solus</span> <span class='ocrx_word' id='word_1_477' title='bbox 1613 3782 1689 3850; x_wconf 89' lang='lat' dir='ltr'>vult</span> <span class='ocrx_word' id='word_1_478' title='bbox 1705 3804 1852 3870; x_wconf 84' lang='lat' dir='ltr'>regnare</span> <span class='ocrx_word' id='word_1_479' title='bbox 1874 3805 2043 3870; x_wconf 89' lang='lat' dir='ltr'>oppresso</span> <span class='ocrx_word' id='word_1_480' title='bbox 2064 3805 2124 3850; x_wconf 92' lang='lat' dir='ltr'>so-</span> 
     </span>
     <span class='ocr_line' id='line_1_36' title="bbox 103 3876 2121 3972; baseline -0.001 -19"><span class='ocrx_word' id='word_1_481' title='bbox 103 3899 241 3956; x_wconf 78' lang='lat' dir='ltr'>vocatus</span> <span class='ocrx_word' id='word_1_482' title='bbox 255 3896 326 3970; x_wconf 89' lang='lat' dir='ltr'>est,</span> <span class='ocrx_word' id='word_1_483' title='bbox 351 3883 594 3957; x_wconf 88' lang='lat' dir='ltr'>adiuvandum</span> <span class='ocrx_word' id='word_1_484' title='bbox 610 3904 694 3955; x_wconf 91' lang='lat' dir='ltr'>esse.</span> <span class='ocrx_word' id='word_1_485' title='bbox 734 3876 1083 3952; x_wconf 84' lang='lat' dir='ltr'>Haslonathaevir-</span> <span class='ocrx_word' id='word_1_486' title='bbox 1136 3883 1208 3953; x_wconf 87' lang='lat' dir='ltr'>cio:</span> <span class='ocrx_word' id='word_1_487' title='bbox 1232 3896 1295 3953; x_wconf 90' lang='lat' dir='ltr'>aut</span> <span class='ocrx_word' id='word_1_488' title='bbox 1318 3897 1482 3953; x_wconf 84' lang='lat' dir='ltr'>moveant</span> <span class='ocrx_word' id='word_1_489' title='bbox 1504 3907 1577 3951; x_wconf 91' lang='lat' dir='ltr'>nou</span> <span class='ocrx_word' id='word_1_490' title='bbox 1609 3884 1823 3965; x_wconf 89' lang='lat' dir='ltr'>necessaria,</span> <span class='ocrx_word' id='word_1_491' title='bbox 1856 3883 1991 3951; x_wconf 90' lang='lat' dir='ltr'>etiamsi</span> <span class='ocrx_word' id='word_1_492' title='bbox 2016 3905 2121 3972; x_wconf 89' lang='lat' dir='ltr'>supe·</span> 
     </span>
    </p>

    <p class='ocr_par' dir='ltr' id='par_1_4' title="bbox 76 3984 2123 4076">
     <span class='ocr_line' id='line_1_37' title="bbox 76 3984 2123 4076; baseline -0.002 -20"><span class='ocrx_word' id='word_1_493' title='bbox 76 4000 187 4071; x_wconf 78' lang='lat' dir='ltr'>¹tutes</span> <span class='ocrx_word' id='word_1_494' title='bbox 202 3985 394 4076; x_wconf 89' lang='lat' dir='ltr'>diligenter</span> <span class='ocrx_word' id='word_1_495' title='bbox 409 3985 692 4065; x_wconf 87' lang='lat' dir='ltr'>consideremus,</span> <span class='ocrx_word' id='word_1_496' title='bbox 721 3996 756 4053; x_wconf 94' lang='lat' dir='ltr'>et</span> <span class='ocrx_word' id='word_1_497' title='bbox 770 3997 908 4053; x_wconf 89' lang='lat' dir='ltr'>nostros</span> <span class='ocrx_word' id='word_1_498' title='bbox 924 3986 1085 4075; x_wconf 88' lang='lat' dir='ltr'>impetus,</span> <span class='ocrx_word' id='word_1_499' title='bbox 1137 3984 1247 4054; x_wconf 89' lang='lat' dir='ltr'>riores</span> <span class='ocrx_word' id='word_1_500' title='bbox 1288 3988 1490 4054; x_wconf 86' lang='lat' dir='ltr'>vocationes</span> <span class='ocrx_word' id='word_1_501' title='bbox 1522 4007 1596 4053; x_wconf 91' lang='lat' dir='ltr'>non</span> <span class='ocrx_word' id='word_1_502' title='bbox 1639 3984 1807 4053; x_wconf 85' lang='lat' dir='ltr'>videntur</span> <span class='ocrx_word' id='word_1_503' title='bbox 1848 3998 2043 4073; x_wconf 87' lang='lat' dir='ltr'>appetere,</span> <span class='ocrx_word' id='word_1_504' title='bbox 2082 3997 2123 4053; x_wconf 89' lang='lat' dir='ltr'>ut</span> 
     </span>
    </p>

    <p class='ocr_par' dir='ltr' id='par_1_5' title="bbox 76 4081 2117 4184">
     <span class='ocr_line' id='line_1_38' title="bbox 76 4081 2117 4184; baseline -0.003 -26"><span class='ocrx_word' id='word_1_505' title='bbox 76 4089 127 4171; x_wconf 78' lang='lat' dir='ltr'>lsi</span> <span class='ocrx_word' id='word_1_506' title='bbox 148 4089 296 4184; x_wconf 89' lang='lat' dir='ltr'>quando</span> <span class='ocrx_word' id='word_1_507' title='bbox 321 4087 601 4157; x_wconf 70' lang='lat' dir='ltr'>aemulationum</span> <span class='ocrx_word' id='word_1_508' title='bbox 628 4084 761 4155; x_wconf 90' lang='lat' dir='ltr'>semina</span> <span class='ocrx_word' id='word_1_509' title='bbox 795 4086 883 4155; x_wconf 90' lang='lat' dir='ltr'>oriri</span> <span class='ocrx_word' id='word_1_510' title='bbox 910 4087 1084 4168; x_wconf 88' lang='lat' dir='ltr'>videmus,</span> <span class='ocrx_word' id='word_1_511' title='bbox 1135 4085 1176 4158; x_wconf 89' lang='lat' dir='ltr'>C.</span> <span class='ocrx_word' id='word_1_512' title='bbox 1202 4081 1385 4156; x_wconf 88' lang='lat' dir='ltr'>Gracchus</span> <span class='ocrx_word' id='word_1_513' title='bbox 1407 4086 1529 4158; x_wconf 89' lang='lat' dir='ltr'>multis</span> <span class='ocrx_word' id='word_1_514' title='bbox 1562 4086 1665 4156; x_wconf 91' lang='lat' dir='ltr'>novis</span> <span class='ocrx_word' id='word_1_515' title='bbox 1685 4086 1822 4175; x_wconf 86' lang='lat' dir='ltr'>legibus</span> <span class='ocrx_word' id='word_1_516' title='bbox 1847 4086 1927 4154; x_wconf 90' lang='lat' dir='ltr'>latis</span> <span class='ocrx_word' id='word_1_517' title='bbox 1952 4084 2117 4156; x_wconf 90' lang='lat' dir='ltr'>turbabat</span> 
     </span>
    </p>

    <p class='ocr_par' dir='ltr' id='par_1_6' title="bbox 76 4178 2123 4485">
     <span class='ocr_line' id='line_1_39' title="bbox 76 4178 2121 4279; baseline -0.003 -19"><span class='ocrx_word' id='word_1_518' title='bbox 76 4178 225 4261; x_wconf 62' lang='lat' dir='ltr'>*timore</span> <span class='ocrx_word' id='word_1_519' title='bbox 243 4203 278 4276; x_wconf 77' lang='lat' dir='ltr'>et</span> <span class='ocrx_word' id='word_1_520' title='bbox 293 4189 517 4259; x_wconf 81' lang='lat' dir='ltr'>invocatione</span> <span class='ocrx_word' id='word_1_521' title='bbox 531 4184 600 4257; x_wconf 88' lang='lat' dir='ltr'>Dei</span> <span class='ocrx_word' id='word_1_522' title='bbox 615 4186 860 4279; x_wconf 85' lang='lat' dir='ltr'>reprimamus.</span> <span class='ocrx_word' id='word_1_523' title='bbox 912 4185 962 4259; x_wconf 92' lang='lat' dir='ltr'>lta</span> <span class='ocrx_word' id='word_1_524' title='bbox 977 4178 1083 4257; x_wconf 90' lang='lat' dir='ltr'>Chri·</span> <span class='ocrx_word' id='word_1_525' title='bbox 1136 4187 1328 4278; x_wconf 86' lang='lat' dir='ltr'>Rempubl.</span> <span class='ocrx_word' id='word_1_526' title='bbox 1348 4185 1514 4276; x_wconf 84' lang='lat' dir='ltr'>Agraria,</span> <span class='ocrx_word' id='word_1_527' title='bbox 1538 4188 1716 4268; x_wconf 90' lang='lat' dir='ltr'>iudiciali,</span> <span class='ocrx_word' id='word_1_528' title='bbox 1743 4203 1776 4258; x_wconf 93' lang='lat' dir='ltr'>et</span> <span class='ocrx_word' id='word_1_529' title='bbox 1798 4187 1887 4256; x_wconf 89' lang='lat' dir='ltr'>aliis.</span> <span class='ocrx_word' id='word_1_530' title='bbox 1937 4185 2000 4254; x_wconf 87' lang='lat' dir='ltr'>Est</span> <span class='ocrx_word' id='word_1_531' title='bbox 2025 4185 2121 4255; x_wconf 89' lang='lat' dir='ltr'>enim</span> 
     </span>
     <span class='ocr_line' id='line_1_40' title="bbox 104 4289 2121 4381; baseline -0.002 -21"><span class='ocrx_word' id='word_1_532' title='bbox 104 4305 172 4362; x_wconf 87' lang='lat' dir='ltr'>stus</span> <span class='ocrx_word' id='word_1_533' title='bbox 186 4307 329 4365; x_wconf 85' lang='lat' dir='ltr'>revocat</span> <span class='ocrx_word' id='word_1_534' title='bbox 346 4289 490 4362; x_wconf 89' lang='lat' dir='ltr'>Petrum</span> <span class='ocrx_word' id='word_1_535' title='bbox 513 4291 557 4360; x_wconf 90' lang='lat' dir='ltr'>ad</span> <span class='ocrx_word' id='word_1_536' title='bbox 580 4289 898 4362; x_wconf 87' lang='lat' dir='ltr'>considerationem</span> <span class='ocrx_word' id='word_1_537' title='bbox 920 4289 1085 4380; x_wconf 87' lang='lat' dir='ltr'>propriae</span> <span class='ocrx_word' id='word_1_538' title='bbox 1137 4291 1263 4361; x_wconf 82' lang='lat' dir='ltr'>vitiosa</span> <span class='ocrx_word' id='word_1_539' title='bbox 1285 4290 1450 4374; x_wconf 88' lang='lat' dir='ltr'>ambitio,</span> <span class='ocrx_word' id='word_1_540' title='bbox 1481 4289 1654 4379; x_wconf 88' lang='lat' dir='ltr'>cupiditas</span> <span class='ocrx_word' id='word_1_541' title='bbox 1678 4290 1829 4378; x_wconf 88' lang='lat' dir='ltr'>gloriae,</span> <span class='ocrx_word' id='word_1_542' title='bbox 1856 4311 1946 4381; x_wconf 91' lang='lat' dir='ltr'>quae</span> <span class='ocrx_word' id='word_1_543' title='bbox 1968 4312 2041 4356; x_wconf 92' lang='lat' dir='ltr'>non</span> <span class='ocrx_word' id='word_1_544' title='bbox 2059 4313 2121 4379; x_wconf 88' lang='lat' dir='ltr'>ap-</span> 
     </span>
     <span class='ocr_line' id='line_1_41' title="bbox 105 4390 2123 4485; baseline -0 -25"><span class='ocrx_word' id='word_1_545' title='bbox 105 4394 310 4466; x_wconf 85' lang='lat' dir='ltr'>vucationis:</span> <span class='ocrx_word' id='word_1_546' title='bbox 339 4391 398 4464; x_wconf 87' lang='lat' dir='ltr'>Tu</span> <span class='ocrx_word' id='word_1_547' title='bbox 413 4417 469 4463; x_wconf 91' lang='lat' dir='ltr'>me</span> <span class='ocrx_word' id='word_1_548' title='bbox 483 4415 630 4485; x_wconf 86' lang='lat' dir='ltr'>sequere</span> <span class='ocrx_word' id='word_1_549' title='bbox 646 4405 848 4475; x_wconf 88' lang='lat' dir='ltr'>vocantem,</span> <span class='ocrx_word' id='word_1_550' title='bbox 874 4414 939 4460; x_wconf 90' lang='lat' dir='ltr'>nec</span> <span class='ocrx_word' id='word_1_551' title='bbox 951 4405 1084 4460; x_wconf 92' lang='lat' dir='ltr'>certato</span> <span class='ocrx_word' id='word_1_552' title='bbox 1136 4393 1269 4485; x_wconf 88' lang='lat' dir='ltr'>petitur</span> <span class='ocrx_word' id='word_1_553' title='bbox 1289 4393 1435 4476; x_wconf 91' lang='lat' dir='ltr'>ordine,</span> <span class='ocrx_word' id='word_1_554' title='bbox 1452 4393 1549 4459; x_wconf 78' lang='lat' dir='ltr'>¹cum</span> <span class='ocrx_word' id='word_1_555' title='bbox 1578 4390 1742 4460; x_wconf 85' lang='lat' dir='ltr'>videlicet</span> <span class='ocrx_word' id='word_1_556' title='bbox 1770 4391 1953 4482; x_wconf 88' lang='lat' dir='ltr'>quaeritur</span> <span class='ocrx_word' id='word_1_557' title='bbox 1975 4391 2123 4480; x_wconf 89' lang='lat' dir='ltr'>applau-</span> 
     </span>
    </p>

    <p class='ocr_par' dir='ltr' id='par_1_7' title="bbox 76 4474 2127 5099">
     <span class='ocr_line' id='line_1_42' title="bbox 76 4474 2123 4586; baseline -0.004 -17"><span class='ocrx_word' id='word_1_558' title='bbox 76 4474 78 4569; x_wconf 64' lang='lat' dir='ltr'>i</span> <span class='ocrx_word' id='word_1_559' title='bbox 105 4496 337 4567; x_wconf 86' lang='lat' dir='ltr'>aemulatione</span> <span class='ocrx_word' id='word_1_560' title='bbox 364 4508 425 4566; x_wconf 89' lang='lat' dir='ltr'>aut</span> <span class='ocrx_word' id='word_1_561' title='bbox 456 4494 569 4564; x_wconf 88' lang='lat' dir='ltr'>livore</span> <span class='ocrx_word' id='word_1_562' title='bbox 603 4516 684 4564; x_wconf 91' lang='lat' dir='ltr'>cum</span> <span class='ocrx_word' id='word_1_563' title='bbox 714 4493 803 4582; x_wconf 92' lang='lat' dir='ltr'>alio,</span> <span class='ocrx_word' id='word_1_564' title='bbox 835 4493 994 4586; x_wconf 88' lang='lat' dir='ltr'>siquem</span> <span class='ocrx_word' id='word_1_565' title='bbox 1019 4493 1085 4562; x_wconf 90' lang='lat' dir='ltr'>tibi</span> <span class='ocrx_word' id='word_1_566' title='bbox 1137 4518 1196 4564; x_wconf 91' lang='lat' dir='ltr'>sus</span> <span class='ocrx_word' id='word_1_567' title='bbox 1219 4482 1541 4585; x_wconf 87' lang='lat' dir='ltr'>qualiumcunque,</span> <span class='ocrx_word' id='word_1_568' title='bbox 1568 4493 1711 4562; x_wconf 89' lang='lat' dir='ltr'>tentatis</span> <span class='ocrx_word' id='word_1_569' title='bbox 1726 4494 1925 4562; x_wconf 88' lang='lat' dir='ltr'>actionibus</span> <span class='ocrx_word' id='word_1_570' title='bbox 1941 4516 2046 4583; x_wconf 82' lang='lat' dir='ltr'>supra</span> <span class='ocrx_word' id='word_1_571' title='bbox 2070 4493 2123 4559; x_wconf 89' lang='lat' dir='ltr'>vi·</span> 
     </span>
     <span class='ocr_line' id='line_1_43' title="bbox 106 4593 2127 4687; baseline -0.001 -22"><span class='ocrx_word' id='word_1_572' title='bbox 106 4619 325 4687; x_wconf 90' lang='lat' dir='ltr'>praecurrere</span> <span class='ocrx_word' id='word_1_573' title='bbox 351 4598 546 4681; x_wconf 83' lang='lat' dir='ltr'>existimas,</span> <span class='ocrx_word' id='word_1_574' title='bbox 572 4609 636 4667; x_wconf 85' lang='lat' dir='ltr'>etc.</span> <span class='ocrx_word' id='word_1_575' title='bbox 698 4593 861 4664; x_wconf 88' lang='lat' dir='ltr'>Tertium</span> <span class='ocrx_word' id='word_1_576' title='bbox 887 4596 1084 4664; x_wconf 91' lang='lat' dir='ltr'>membrum</span> <span class='ocrx_word' id='word_1_577' title='bbox 1137 4620 1192 4665; x_wconf 88' lang='lat' dir='ltr'>res</span> <span class='ocrx_word' id='word_1_578' title='bbox 1207 4609 1267 4665; x_wconf 92' lang='lat' dir='ltr'>aut</span> <span class='ocrx_word' id='word_1_579' title='bbox 1282 4610 1377 4665; x_wconf 84' lang='lat' dir='ltr'>extra</span> <span class='ocrx_word' id='word_1_580' title='bbox 1394 4593 1635 4677; x_wconf 85' lang='lat' dir='ltr'>vocationem,</span> <span class='ocrx_word' id='word_1_581' title='bbox 1658 4594 1783 4663; x_wconf 84' lang='lat' dir='ltr'>fiducia</span> <span class='ocrx_word' id='word_1_582' title='bbox 1805 4594 1968 4685; x_wconf 90' lang='lat' dir='ltr'>propriae</span> <span class='ocrx_word' id='word_1_583' title='bbox 1985 4594 2127 4683; x_wconf 87' lang='lat' dir='ltr'>sapien·</span> 
     </span>
     <span class='ocr_line' id='line_1_44' title="bbox 108 4691 2123 4792; baseline -0.003 -24"><span class='ocrx_word' id='word_1_584' title='bbox 108 4700 339 4792; x_wconf 81' lang='lat' dir='ltr'>estdeprava</span> <span class='ocrx_word' id='word_1_585' title='bbox 361 4698 578 4783; x_wconf 87' lang='lat' dir='ltr'>imitatione,</span> <span class='ocrx_word' id='word_1_586' title='bbox 602 4691 804 4790; x_wconf 76' lang='grc' dir='ltr'><strong><em>κακοζηλίᾳ</em></strong></span> <span class='ocrx_word' id='word_1_587' title='bbox 824 4709 858 4766; x_wconf 91' lang='lat' dir='ltr'>et</span> <span class='ocrx_word' id='word_1_588' title='bbox 878 4695 1086 4767; x_wconf 83' lang='lat' dir='ltr'>confusione</span> <span class='ocrx_word' id='word_1_589' title='bbox 1139 4698 1234 4781; x_wconf 92' lang='lat' dir='ltr'>tiae,</span> <span class='ocrx_word' id='word_1_590' title='bbox 1261 4710 1321 4766; x_wconf 92' lang='lat' dir='ltr'>aut</span> <span class='ocrx_word' id='word_1_591' title='bbox 1342 4719 1486 4766; x_wconf 90' lang='lat' dir='ltr'>suarum</span> <span class='ocrx_word' id='word_1_592' title='bbox 1510 4695 1652 4766; x_wconf 89' lang='lat' dir='ltr'>virium.</span> <span class='ocrx_word' id='word_1_593' title='bbox 1706 4693 1808 4765; x_wconf 89' lang='lat' dir='ltr'>Hanc</span> <span class='ocrx_word' id='word_1_594' title='bbox 1825 4697 1985 4766; x_wconf 91' lang='lat' dir='ltr'>vitiosam</span> <span class='ocrx_word' id='word_1_595' title='bbox 2008 4696 2123 4764; x_wconf 90' lang='lat' dir='ltr'>ambi-</span> 
     </span>
     <span class='ocr_line' id='line_1_45' title="bbox 109 4792 2123 4889; baseline -0.001 -21"><span class='ocrx_word' id='word_1_596' title='bbox 109 4800 366 4885; x_wconf 86' lang='lat' dir='ltr'>ninistrnrum‚</span> <span class='ocrx_word' id='word_1_597' title='bbox 391 4801 560 4871; x_wconf 88' lang='lat' dir='ltr'>viderunt</span> <span class='ocrx_word' id='word_1_598' title='bbox 579 4800 684 4870; x_wconf 91' lang='lat' dir='ltr'>multi</span> <span class='ocrx_word' id='word_1_599' title='bbox 709 4798 864 4888; x_wconf 86' lang='lat' dir='ltr'>exempla</span> <span class='ocrx_word' id='word_1_600' title='bbox 887 4792 1085 4889; x_wconf 93' lang='lat' dir='ltr'>Propheta·</span> <span class='ocrx_word' id='word_1_601' title='bbox 1139 4798 1271 4867; x_wconf 91' lang='lat' dir='ltr'>tionem</span> <span class='ocrx_word' id='word_1_602' title='bbox 1303 4822 1405 4889; x_wconf 90' lang='lat' dir='ltr'>saepe</span> <span class='ocrx_word' id='word_1_603' title='bbox 1445 4799 1591 4868; x_wconf 88' lang='lat' dir='ltr'>damnat</span> <span class='ocrx_word' id='word_1_604' title='bbox 1619 4795 1773 4889; x_wconf 87' lang='lat' dir='ltr'>Spiritus</span> <span class='ocrx_word' id='word_1_605' title='bbox 1809 4812 1967 4882; x_wconf 91' lang='lat' dir='ltr'>sanctus,</span> <span class='ocrx_word' id='word_1_606' title='bbox 2007 4811 2048 4868; x_wconf 89' lang='lat' dir='ltr'>ut</span> <span class='ocrx_word' id='word_1_607' title='bbox 2078 4797 2123 4866; x_wconf 90' lang='lat' dir='ltr'>ad</span> 
     </span>
     <span class='ocr_line' id='line_1_46' title="bbox 111 4892 2123 4997; baseline -0.002 -27"><span class='ocrx_word' id='word_1_608' title='bbox 111 4924 203 4983; x_wconf 88' lang='lat' dir='ltr'>rum,</span> <span class='ocrx_word' id='word_1_609' title='bbox 231 4902 461 4997; x_wconf 84' lang='lat' dir='ltr'>quidiversis</span> <span class='ocrx_word' id='word_1_610' title='bbox 482 4901 571 4972; x_wconf 90' lang='lat' dir='ltr'>locis</span> <span class='ocrx_word' id='word_1_611' title='bbox 594 4899 890 4971; x_wconf 84' lang='lat' dir='ltr'>sacrificaverunt.</span> <span class='ocrx_word' id='word_1_612' title='bbox 942 4897 984 4968; x_wconf 94' lang='lat' dir='ltr'>ld</span> <span class='ocrx_word' id='word_1_613' title='bbox 1006 4900 1084 4967; x_wconf 91' lang='lat' dir='ltr'>imi·</span> <span class='ocrx_word' id='word_1_614' title='bbox 1138 4897 1339 4973; x_wconf 74' lang='lat' dir='ltr'>Romtsz:</span> <span class='ocrx_word' id='word_1_615' title='bbox 1381 4898 1470 4971; x_wconf 91' lang='lat' dir='ltr'>Dico</span> <span class='ocrx_word' id='word_1_616' title='bbox 1494 4914 1610 4971; x_wconf 90' lang='lat' dir='ltr'>autem</span> <span class='ocrx_word' id='word_1_617' title='bbox 1634 4901 1888 4992; x_wconf 86' lang='lat' dir='ltr'>pergratiam,</span> <span class='ocrx_word' id='word_1_618' title='bbox 1921 4892 2123 4994; x_wconf 89' lang='lat' dir='ltr'>quaemihi</span> 
     </span>
     <span class='ocr_line' id='line_1_47' title="bbox 111 5001 2125 5099; baseline -0.002 -26"><span class='ocrx_word' id='word_1_619' title='bbox 111 5005 167 5075; x_wconf 91' lang='lat' dir='ltr'>tati</span> <span class='ocrx_word' id='word_1_620' title='bbox 185 5020 272 5076; x_wconf 86' lang='lat' dir='ltr'>sunt</span> <span class='ocrx_word' id='word_1_621' title='bbox 291 5018 413 5074; x_wconf 87' lang='lat' dir='ltr'>contra</span> <span class='ocrx_word' id='word_1_622' title='bbox 438 5003 620 5099; x_wconf 87' lang='lat' dir='ltr'>regulam,</span> <span class='ocrx_word' id='word_1_623' title='bbox 647 5014 681 5071; x_wconf 89' lang='lat' dir='ltr'>ct</span> <span class='ocrx_word' id='word_1_624' title='bbox 704 5002 877 5092; x_wconf 89' lang='lat' dir='ltr'>putabant</span> <span class='ocrx_word' id='word_1_625' title='bbox 897 5022 934 5070; x_wconf 89' lang='lat' dir='ltr'>se</span> <span class='ocrx_word' id='word_1_626' title='bbox 950 5002 1086 5071; x_wconf 89' lang='lat' dir='ltr'>cultum</span> <span class='ocrx_word' id='word_1_627' title='bbox 1139 5002 1220 5070; x_wconf 91' lang='lat' dir='ltr'>data</span> <span class='ocrx_word' id='word_1_628' title='bbox 1246 5014 1317 5082; x_wconf 91' lang='lat' dir='ltr'>est,</span> <span class='ocrx_word' id='word_1_629' title='bbox 1344 5003 1531 5087; x_wconf 91' lang='lat' dir='ltr'>omnibus,</span> <span class='ocrx_word' id='word_1_630' title='bbox 1558 5001 1619 5094; x_wconf 89' lang='lat' dir='ltr'>qui</span> <span class='ocrx_word' id='word_1_631' title='bbox 1645 5015 1727 5073; x_wconf 89' lang='lat' dir='ltr'>sunt</span> <span class='ocrx_word' id='word_1_632' title='bbox 1749 5003 1944 5086; x_wconf 90' lang='lat' dir='ltr'>intervos,</span> <span class='ocrx_word' id='word_1_633' title='bbox 1977 5023 2023 5068; x_wconf 91' lang='lat' dir='ltr'>ne</span> <span class='ocrx_word' id='word_1_634' title='bbox 2043 5022 2125 5069; x_wconf 88' lang='lat' dir='ltr'>sen-</span> 
     </span>
    </p>

    <p class='ocr_par' dir='ltr' id='par_1_8' title="bbox 76 5098 2126 5504">
     <span class='ocr_line' id='line_1_48' title="bbox 76 5098 2125 5198; baseline -0.004 -20"><span class='ocrx_word' id='word_1_635' title='bbox 76 5112 78 5117; x_wconf 82' lang='grc'><strong>’</strong></span> <span class='ocrx_word' id='word_1_636' title='bbox 110 5099 177 5178; x_wconf 88' lang='lat' dir='ltr'>Deo</span> <span class='ocrx_word' id='word_1_637' title='bbox 193 5106 409 5197; x_wconf 86' lang='lat' dir='ltr'>singularem</span> <span class='ocrx_word' id='word_1_638' title='bbox 426 5116 617 5198; x_wconf 86' lang='lat' dir='ltr'>praestare,</span> <span class='ocrx_word' id='word_1_639' title='bbox 642 5103 726 5197; x_wconf 88' lang='lat' dir='ltr'>quia</span> <span class='ocrx_word' id='word_1_640' title='bbox 743 5098 940 5194; x_wconf 88' lang='lat' dir='ltr'>Prophetae</span> <span class='ocrx_word' id='word_1_641' title='bbox 963 5101 1010 5172; x_wconf 91' lang='lat' dir='ltr'>ita</span> <span class='ocrx_word' id='word_1_642' title='bbox 1033 5124 1087 5171; x_wconf 91' lang='lat' dir='ltr'>sa·</span> <span class='ocrx_word' id='word_1_643' title='bbox 1140 5104 1230 5176; x_wconf 91' lang='lat' dir='ltr'>tiant</span> <span class='ocrx_word' id='word_1_644' title='bbox 1249 5104 1293 5172; x_wconf 91' lang='lat' dir='ltr'>de</span> <span class='ocrx_word' id='word_1_645' title='bbox 1313 5126 1350 5173; x_wconf 92' lang='lat' dir='ltr'>se</span> <span class='ocrx_word' id='word_1_646' title='bbox 1371 5127 1476 5195; x_wconf 87' lang='lat' dir='ltr'>supra</span> <span class='ocrx_word' id='word_1_647' title='bbox 1503 5127 1608 5196; x_wconf 93' lang='lat' dir='ltr'>quam</span> <span class='ocrx_word' id='word_1_648' title='bbox 1634 5118 1792 5195; x_wconf 90' lang='lat' dir='ltr'>oportet,</span> <span class='ocrx_word' id='word_1_649' title='bbox 1822 5106 1882 5173; x_wconf 93' lang='lat' dir='ltr'>sed</span> <span class='ocrx_word' id='word_1_650' title='bbox 1909 5102 2062 5174; x_wconf 90' lang='lat' dir='ltr'>sentiant</span> <span class='ocrx_word' id='word_1_651' title='bbox 2079 5102 2125 5171; x_wconf 92' lang='lat' dir='ltr'>de</span> 
     </span>
     <span class='ocr_line' id='line_1_49' title="bbox 109 5203 2124 5298; baseline -0.004 -19"><span class='ocrx_word' id='word_1_652' title='bbox 109 5210 363 5293; x_wconf 81' lang='lat' dir='ltr'>eribcaverant,</span> <span class='ocrx_word' id='word_1_653' title='bbox 392 5210 454 5278; x_wconf 88' lang='lat' dir='ltr'>aed</span> <span class='ocrx_word' id='word_1_654' title='bbox 477 5205 630 5278; x_wconf 88' lang='lat' dir='ltr'>imitatio</span> <span class='ocrx_word' id='word_1_655' title='bbox 652 5217 726 5277; x_wconf 92' lang='lat' dir='ltr'>erat</span> <span class='ocrx_word' id='word_1_656' title='bbox 746 5204 892 5274; x_wconf 90' lang='lat' dir='ltr'>umbrae</span> <span class='ocrx_word' id='word_1_657' title='bbox 913 5216 1089 5289; x_wconf 85' lang='lat' dir='ltr'>externae,</span> <span class='ocrx_word' id='word_1_658' title='bbox 1140 5207 1372 5292; x_wconf 72' lang='lat' dir='ltr'>remouens,</span> <span class='ocrx_word' id='word_1_659' title='bbox 1396 5220 1435 5276; x_wconf 93' lang='lat' dir='ltr'>ut</span> <span class='ocrx_word' id='word_1_660' title='bbox 1457 5207 1584 5298; x_wconf 84' lang='lat' dir='ltr'>cuique</span> <span class='ocrx_word' id='word_1_661' title='bbox 1604 5206 1786 5277; x_wconf 91' lang='lat' dir='ltr'>distribuit</span> <span class='ocrx_word' id='word_1_662' title='bbox 1801 5203 1898 5277; x_wconf 89' lang='lat' dir='ltr'>Deus</span> <span class='ocrx_word' id='word_1_663' title='bbox 1921 5226 2124 5273; x_wconf 87' lang='lat' dir='ltr'>mensuram</span> 
     </span>
     <span class='ocr_line' id='line_1_50' title="bbox 110 5303 2126 5403; baseline -0.002 -23"><span class='ocrx_word' id='word_1_664' title='bbox 110 5322 225 5384; x_wconf 77' lang='lat' dir='ltr'>naon</span> <span class='ocrx_word' id='word_1_665' title='bbox 239 5305 441 5403; x_wconf 86' lang='lat' dir='ltr'>prophetici</span> <span class='ocrx_word' id='word_1_666' title='bbox 453 5309 608 5402; x_wconf 89' lang='lat' dir='ltr'>spiritus.</span> <span class='ocrx_word' id='word_1_667' title='bbox 661 5304 714 5378; x_wconf 87' lang='lat' dir='ltr'>lta</span> <span class='ocrx_word' id='word_1_668' title='bbox 728 5305 896 5387; x_wconf 84' lang='lat' dir='ltr'>omnibus</span> <span class='ocrx_word' id='word_1_669' title='bbox 910 5306 1090 5399; x_wconf 80' lang='lat' dir='ltr'>tempori·</span> <span class='ocrx_word' id='word_1_670' title='bbox 1140 5307 1234 5379; x_wconf 82' lang='lat' dir='ltr'>fidei.</span> <span class='ocrx_word' id='word_1_671' title='bbox 1285 5303 1594 5381; x_wconf 69' lang='lat' dir='ltr'>ussaunein:</span> <span class='ocrx_word' id='word_1_672' title='bbox 1630 5305 1670 5379; x_wconf 83' lang='lat' dir='ltr'>st</span> <span class='ocrx_word' id='word_1_673' title='bbox 1694 5308 1775 5402; x_wconf 89' lang='lat' dir='ltr'>quis</span> <span class='ocrx_word' id='word_1_674' title='bbox 1789 5319 1906 5398; x_wconf 88' lang='lat' dir='ltr'>putat,</span> <span class='ocrx_word' id='word_1_675' title='bbox 1929 5328 1965 5376; x_wconf 91' lang='lat' dir='ltr'>se</span> <span class='ocrx_word' id='word_1_676' title='bbox 1990 5305 2126 5400; x_wconf 88' lang='lat' dir='ltr'>aliquid</span> 
     </span>
     <span class='ocr_line' id='line_1_51' title="bbox 109 5406 1872 5504; baseline -0.003 -19"><span class='ocrx_word' id='word_1_677' title='bbox 109 5410 171 5485; x_wconf 85' lang='lat' dir='ltr'>bus</span> <span class='ocrx_word' id='word_1_678' title='bbox 200 5412 309 5486; x_wconf 86' lang='lat' dir='ltr'>multi</span> <span class='ocrx_word' id='word_1_679' title='bbox 337 5423 528 5504; x_wconf 83' lang='lat' dir='ltr'>peccarunt</span> <span class='ocrx_word' id='word_1_680' title='bbox 556 5411 595 5480; x_wconf 91' lang='lat' dir='ltr'>iu</span> <span class='ocrx_word' id='word_1_681' title='bbox 616 5407 794 5490; x_wconf 87' lang='lat' dir='ltr'>Ecclesia,</span> <span class='ocrx_word' id='word_1_682' title='bbox 834 5429 944 5501; x_wconf 84' lang='lat' dir='ltr'>prava</span> <span class='ocrx_word' id='word_1_683' title='bbox 972 5406 1090 5481; x_wconf 87' lang='lat' dir='ltr'>imita·</span> <span class='ocrx_word' id='word_1_684' title='bbox 1143 5433 1235 5492; x_wconf 87' lang='lat' dir='ltr'>esse,</span> <span class='ocrx_word' id='word_1_685' title='bbox 1263 5432 1344 5481; x_wconf 88' lang='lat' dir='ltr'>cum</span> <span class='ocrx_word' id='word_1_686' title='bbox 1360 5406 1454 5480; x_wconf 88' lang='lat' dir='ltr'>nihil</span> <span class='ocrx_word' id='word_1_687' title='bbox 1469 5408 1535 5493; x_wconf 88' lang='lat' dir='ltr'>sit,</span> <span class='ocrx_word' id='word_1_688' title='bbox 1561 5408 1715 5499; x_wconf 88' lang='lat' dir='ltr'>seipsum</span> <span class='ocrx_word' id='word_1_689' title='bbox 1732 5408 1872 5500; x_wconf 82' lang='lat' dir='ltr'>decipit.</span> 
     </span>
    </p>
   </div>
   <div class='ocr_carea' id='block_1_3' title="bbox 1534 5506 1617 5587">
    <p class='ocr_par' dir='ltr' id='par_1_9' title="bbox 1534 5506 1617 5587">
     <span class='ocr_line' id='line_1_52' title="bbox 1534 5506 1617 5587; baseline -0.036 0"><span class='ocrx_word' id='word_1_690' title='bbox 1534 5506 1617 5587; x_wconf 61' lang='grc' dir='ltr'>ιδ’</span> 
     </span>
    </p>
   </div>
   <div class='ocr_carea' id='block_1_4' title="bbox 0 0 2272 5780">
    <p class='ocr_par' dir='ltr' id='par_1_10' title="bbox 0 0 2272 5780">
     <span class='ocr_line' id='line_1_53' title="bbox 0 0 2272 5780; baseline 0 0"><span class='ocrx_word' id='word_1_691' title='bbox 0 0 2272 5780; x_wconf 95' lang='lat' dir='ltr'> </span> 
     </span>
    </p>
   </div>
  </div>
 </body>
</html>
