4522 5782
8 4176 12 4185 ,
128 4124 277 4192 corpus,
308 4101 344 4170 id
367 4115 433 4187 est,
468 4105 511 4172 ad
537 4126 640 4172 usum
668 4102 843 4186 alienum,
868 4116 990 4171 contra
1012 4102 1111 4170 ordi-

109 187 349 271 sotss.
438 206 443 219 ·
708 171 1781 261 annuunscaurauxrourtca··z-.2
2028 164 2134 250 utu

113 388 187 438 esse
209 363 369 433 membra
392 360 458 431 filii
480 357 547 431 Dei
570 359 697 444 simul,
722 359 807 452 quia
831 380 872 429 ea
895 354 1101 427 coniunctio
1152 377 1236 440 stro,
1260 367 1297 425 et
1317 356 1450 445 organa
1472 348 1684 445 adhibeant,
1714 367 1756 425 ut
1771 347 1928 425 Clodius
1948 372 2014 422 sue
2037 342 2132 424 mauu

112 467 306 560 approbata
325 477 376 533 est
392 488 411 534 a
428 462 519 534 Deo.
568 458 617 533 Et
633 461 802 551 coniuges
826 461 933 530 ambo
953 469 1102 551 possum
1153 458 1295 527 caedem
1315 457 1424 528 iacit?

114 591 188 639 eise
216 567 374 636 membri
407 563 473 636 filli
507 563 601 643 Del,
643 564 717 631 imo
747 577 831 633 tunt
860 562 958 631 velut
987 582 1102 632 unum
1257 575 1342 649 Dixi
1373 596 1500 667 puppa,
1532 571 1766 647 Obieeffomm
1795 575 2029 647 collationem
2060 574 2134 661 fieri,

114 671 328 741 membrum.
384 666 454 737 Nec
467 669 607 736 &hemi
630 690 695 735 nec
718 665 885 734 avellitur
911 663 1021 733 &fillo
1036 660 1104 733 Dei
1154 702 1229 750 non
1246 701 1430 749 tamarum
1447 675 1671 767 formalium,
1697 693 1755 748 aut
1773 700 2007 769 organorum,
2055 675 2132 747 Nam
2180 662 2182 711 i

115 773 289 854 mallius,
327 765 464 838 bibens
497 767 789 838 ‘⁰⁰⁵110ffldlss0m
831 790 911 835 ⁰¹¹¹ss
943 765 1104 853 ⁶⁰¹¹l¹¹802
1154 782 1193 850 in
1208 782 1368 874 quolibet
1386 794 1527 872 peccato
1543 782 1672 872 duplex
1688 783 1726 852 lit
1741 781 1958 866 destructio,
1990 778 2134 870 prioriu

115 875 201 967 quia
226 895 265 940 ea
290 874 509 940 consuetudo
532 883 583 939 est
604 865 944 961 approbataaDeo‚
970 881 1005 938 et
1025 889 1101 935 non
1157 897 1342 974 90⁶0,an
1377 906 1446 976 qu,
1469 906 1505 952 ,e
1527 885 1654 955 averita
1676 884 1749 975 ipse
1772 905 1791 952 ὃ
1815 876 1917 968 Deo,
1951 892 1988 952 et
2007 881 2135 952 fieren,

116 976 252 1065 rumpit
269 975 451 1043 unitatem.
503 970 573 1043 Sed
597 995 676 1040 curn
694 982 840 1059 vagatur
854 969 967 1040 libido
982 982 1104 1038 contra
1156 998 1320 1054 „gemae
1344 985 1416 1054 im
1438 999 1472 1055 eg
1494 987 1630 1054 monis,
1663 1066 1667 1075 ⁶
1697 981 1746 1056 Ut
1768 981 1861 1054 cain
1890 982 2135 1076 primumip„

118 1089 344 1166 PfflfflPfflm
366 1072 460 1158 Del·
502 1088 587 1143 ⁸⁰⁰0
615 1071 782 1141 &V‘lllllff
811 1095 962 1163 Per⁸⁰¹¹³
989 1096 1008 1140 ³
1031 1070 1105 1138 ⁶¹3⁰
1159 1109 1233 1157 sese
1255 1087 1414 1157 destruit.
1466 1086 1587 1155 Altera
1612 1086 1804 1156 destructio
1830 1100 1883 1156 est
1899 1085 2048 1157 obiecti.
2097 1080 2137 1157 Ut
2180 1164 2182 1171 ,

119 1177 206 1263 Del,
233 1176 472 1267 ⁸¹P⁰ll⁰ll¹¹rs
498 1176 588 1245 tlfil
610 1174 808 1244 membrum
832 1173 1107 1259 ⁸⁶⁰fll‘l0tltt·
1159 1214 1239 1259 cum
1263 1186 1351 1261 Cain
1377 1189 1543 1259 interficit
1567 1190 1726 1262 tratrem.
1783 1187 1835 1258 lta
1866 1186 1908 1256 in
1933 1186 2136 1258 scortatione

119 1304 208 1350 num
233 1279 394 1362 dl³b⁰lls
426 1275 711 1373 ⁵lC⁰lN⁸r⁰ffl¹l
734 1274 928 1346 ΡίθῙθῐΜθῑ
949 1272 1107 1345 llffllbl·
1160 1291 1273 1382 prima
1297 1290 1487 1360 destructio
1515 1291 1629 1359 estin
1652 1292 1835 1363 voluntate
1859 1304 1895 1360 et
1917 1290 2137 1361 cordeabec·

120 1382 202 1452 liter
222 1393 403 1470 vagantur.
1161 1407 1263 1463 rante
1278 1417 1296 1460 a
1313 1390 1401 1465 Deo.
1453 1391 1577 1461 Postea
1595 1394 1786 1481 destructio
1808 1391 1974 1489 sequitur
1995 1390 2139 1461 obiecto·

221 1490 275 1565 Ex
293 1491 357 1564 bac
376 1495 600 1565 enarratione
615 1508 796 1587 utcunque
812 1492 962 1581 intelligi
986 1502 1110 1580 potest,
1162 1519 1262 1572 rum,
1288 1518 1377 1588 quae
1403 1488 1459 1561 bic
1485 1508 1569 1564 sunt
1592 1510 1719 1588 corpus
1740 1494 1930 1589 proprium
1957 1509 1994 1566 et
2025 1516 2139 1583 corpus

121 1598 303 1694 quomodo
331 1596 461 1668 Paulus
494 1597 719 1666 transtulerit
749 1597 883 1666 dictum
915 1597 954 1664 in
978 1590 1110 1663 Genesi
1163 1598 1307 1666 alterius
1335 1619 1517 1688 personae.
1587 1595 1636 1668 Ut
1659 1611 1775 1667 autem
1801 1620 1933 1690 corpus
1967 1596 2139 1687 proprium

122 1705 166 1771 ad
182 1698 366 1790 spirituale
381 1699 598 1788 coniugium.
652 1697 803 1768 Videtur
816 1711 933 1768 autem
960 1697 1108 1766 obscura
1164 1699 1340 1768 obiectum
1361 1712 1412 1766 est
1429 1693 1535 1782 buiris
1558 1699 1716 1779 sceleris,
1743 1700 1791 1768 ita
1810 1699 2017 1792 plerunque
2036 1712 2141 1790 postea

122 1804 205 1874 rudi
228 1801 352 1871 lectori
367 1801 661 1886 accommodatio,
688 1824 794 1893 quam
818 1798 989 1895 recensui.
1040 1794 1111 1867 Sed
1165 1798 1310 1871 haerent
1323 1823 1456 1891 poenae
1473 1802 1512 1873 in
1529 1803 1671 1892 proprio
1689 1825 1847 1892 corpore,
1875 1801 2047 1871 videlicet
2060 1800 2143 1869 saevi

123 1919 242 1977 tamen
269 1903 399 1996 siquis
424 1928 499 1971 eam
520 1915 653 1972 attente
667 1902 922 1983 considerabit,
949 1910 1112 1989 agnoscet
1165 1902 1302 1992 morbi,
1329 1917 1388 1972 aut
1410 1902 1492 1994 quia
1518 1904 1664 1974 seminis
1687 1904 1818 1973 abusus
1841 1917 1913 1989 est,
1947 1917 2142 1993 grassantur

123 2004 278 2075 Paulum
295 2000 364 2073 hoc
379 2005 552 2089 voluisse,
578 2006 673 2095 quod
697 2003 852 2075 recitavi.
907 2001 996 2074 Vult
1018 2000 1113 2070 enim
1167 2028 1300 2098 poenae
1324 2005 1361 2073 iu
1390 2003 1550 2090 liberos,
1589 2020 1629 2076 ut
1653 2019 1732 2098 post
1759 2002 1911 2075 Davidis
1939 2005 2143 2076 adulterium

125 2107 163 2177 in
184 2130 339 2192 summa,
367 2107 529 2176 ordinem
546 2130 565 2174 a
582 2103 660 2175 Deo
676 2105 908 2177 constitutum
929 2127 1004 2174 non
1026 2126 1114 2172 cou·
1166 2106 1328 2200 sequitur
1341 2107 1513 2176 incestum
1528 2122 1690 2198 stuprum
1706 2106 1818 2188 filiae,
1845 2108 1982 2177 deinde
1997 2106 2142 2175 filiorum

125 2210 344 2280 turbandum
360 2231 443 2278 esse.
495 2206 564 2276 Hic
581 2221 631 2278 est
646 2213 756 2286 ordo,
778 2221 818 2277 ut
841 2207 1026 2297 coniuges,
1051 2203 1113 2297 qui
1166 2208 1289 2301 tragici
1311 2209 1485 2283 interitus.
1546 2208 1645 2279 Sicut
1671 2207 1867 2302 plerunque
1890 2230 2034 2302 poenae
2054 2208 2143 2276 inea

125 2326 211 2383 sunt
230 2313 390 2380 membra
413 2304 548 2381 Christi
558 2358 575 2409 ,ἱ
602 2333 676 2378 non
698 2325 870 2399 vagentur
890 2306 1114 2390 libidinibus,
1167 2335 1205 2380 re
1229 2325 1447 2400 grassantur,
1479 2333 1548 2404 qua
1573 2326 1754 2404 peccatur,
1788 2324 1821 2382 et
1845 2326 1887 2383 ut
1911 2310 1952 2380 in
1979 2312 2073 2381 libro
2089 2308 2145 2380 Sa·

126 2414 317 2506 quodcum
333 2412 485 2497 faciunt,
510 2410 679 2480 desinunt
699 2433 772 2480 esse
796 2412 953 2481 membra
969 2406 1114 2490 Christi,
1166 2413 1320 2504 pientiae
1336 2413 1482 2483 dicitur:
1509 2411 1579 2482 Per
1593 2437 1683 2506 quae
1700 2413 1780 2506 quis
1798 2428 1929 2505 peccat,
1953 2436 2022 2506 per
2036 2413 2144 2483 eadem

114 2530 160 2585 et
197 2513 287 2584 fiunt
323 2514 483 2583 membra
514 2512 651 2606 polluta
687 2528 885 2585 scortorum
918 2525 953 2582 et
983 2533 1114 2601 organa
1167 2516 1326 2605 punitur.
1381 2512 1422 2583 ld
1441 2538 1481 2584 eo
1499 2515 1556 2596 fit,
1583 2531 1623 2586 ut
1636 2516 1788 2585 sciamus
1804 2539 1939 2607 poenas
1964 2538 2044 2585 nou
2064 2513 2144 2585 acci·

123 2615 272 2690 diaboli.
1167 2618 1251 2687 dere
1268 2641 1369 2700 casu,
1395 2619 1455 2685 sed
1482 2640 1564 2685 vere
1587 2640 1660 2686 esse
1687 2617 2061 2695 certorumscelerum
2075 2615 2144 2684 viu-

227 2731 300 2805 Nec
326 2758 367 2802 ex
389 2732 484 2804 dicto
502 2729 652 2802 Genesis
674 2755 797 2802 omnes
820 2731 1011 2823 particulae
1027 2754 1115 2800 con·
1167 2720 1274 2787 dlect-
1339 2717 1445 2802 ilem,
1478 2731 1518 2789 ul
1547 2721 1698 2788 ⁸⁰l³m¹¹⁸
1721 2741 1785 2789 ¹¹⁰⁸
1810 2717 1930 2790 ³90⁰
1952 2740 2146 2790 mmmm*

127 2848 260 2927 gpuum
287 2837 331 2904 ad
358 2832 461 2905 Pauli
491 2849 750 2925 argumentum·
820 2834 912 2904 Nam
942 2831 1115 2925 particula
1166 2821 1243 2890 ilfll'l
1268 2822 1314 2889 de
1336 2822 1391 2889 llll
1416 2821 1501 2911 lPSlS
1523 2821 1677 2908 delitiis,
1701 2833 1742 2891 ul
1757 2822 1945 2894 redeamus
1967 2822 2013 2891 ad
2034 2819 2143 2915 poeni·

127 2933 257 3010 Unum
289 2937 431 3029 proprie
461 2938 658 3022 intellecta,
707 2950 746 3007 ut
777 2935 816 3005 iu
840 2933 998 3025 Genesi,
1041 2956 1114 3002 uon
1165 2925 1324 2997 tentiam.

127 3039 310 3129 congruit,
336 3040 468 3109 scilicet
486 3041 530 3109 de
548 3037 868 3130 lnsepsrabilitate.
918 3039 988 3110 Sed
1004 3037 1115 3105 altera
1269 3040 1389 3131 Quare
1405 3055 1521 3113 autem
1540 3043 1653 3112 maius
1668 3043 1835 3114 delictum
1853 3057 1906 3115 est
1923 3043 2144 3138 propriicor-
2180 3074 2182 3133 ς

126 3142 302 3233 particula
328 3143 492 3230 congruit
514 3144 558 3210 de
583 3141 853 3223 commixtione,
876 3139 1057 3210 Antonius
1077 3138 1115 3208 fit
1166 3145 1264 3234 poris
1278 3144 1433 3214 abusus?
1457 3146 1512 3215 Ad
1533 3147 1567 3213 id
1583 3147 1774 3232 respondo:
1803 3140 1901 3238 Quia
1918 3148 2058 3219 maiore
2072 3169 2142 3216 cura

128 3267 210 3312 caro
227 3242 447 3333 Cleopatrae.
499 3241 568 3311 Hic
591 3267 665 3311 non
689 3255 808 3312 manet
830 3243 890 3312 illa
913 3243 1033 3313 unitas
1054 3263 1113 3309 or·
1166 3269 1232 3315 nos
1254 3246 1348 3338 ipsos
1373 3270 1492 3337 regere
1512 3249 1697 3332 debemus,
1723 3273 1830 3339 quam
1853 3248 1963 3335 alios,
1992 3265 2029 3322 et
2047 3248 2140 3337 magis

127 3344 272 3431 diuata,
298 3347 342 3414 de
356 3369 426 3438 qua
440 3345 600 3439 loquitur
617 3344 779 3419 Genesis.
1166 3372 1185 3417 a
1204 3350 1308 3417 nobis
1326 3349 1501 3440 depellere
1521 3365 1720 3441 peccatum,
1747 3375 1854 3442 quam
1872 3350 1920 3419 ab
1936 3351 2039 3434 aliis,
2064 3351 2138 3419 sicut

1166 3445 1234 3520 hoc
1258 3451 1374 3542 ipsum
1400 3450 1537 3520 facilius
1560 3466 1622 3521 est.
1680 3450 1728 3523 Et
1752 3453 1790 3522 in
1816 3452 1916 3545 vagis
1939 3451 2137 3525 libidinibus

151 3531 193 3610 Ὁ
208 3529 248 3609 (ll
273 3529 486 3633 πορνεύων,
511 3539 561 3621 εἷς
574 3535 616 3612 τὸ
632 3534 730 3613 't'tlwtt
746 3542 856 3633 σῶμα
870 3531 1088 3631 ignoraret.
1166 3554 1361 3623 multorum
1384 3555 1619 3622 conscientiae
1636 3577 1655 3621 a
1673 3550 1749 3623 Deo
1765 3555 1985 3631 avelluntur.
2038 3552 2136 3627 David

230 3632 445 3710 Fornicans
461 3641 500 3710 in
513 3639 705 3741 proprium
723 3664 852 3739 corpus
865 3646 1001 3736 peccal·
1166 3678 1264 3724 suam
1295 3669 1329 3726 et
1362 3656 1541 3725 adulterae
1575 3656 1824 3757 conscientiam
1858 3657 2007 3749 polluit.
2067 3655 2136 3728 ldeo

228 3787 425 3884 Exaggerat
439 3797 605 3868 delictum
622 3821 663 3866 ex
687 3797 834 3865 obiecto.
889 3795 974 3865 Plus
997 3810 1113 3886 peccat
1167 3751 1251 3827 hm
1270 3770 1405 3849 peccam
1422 3779 1644 3852 nequaqum
1661 3757 1753 3827 levia
1770 3761 1936 3830 ducenda
1952 3775 2050 3835 tunt.

121 3870 236 3979 Cato,
263 3920 337 3967 sese
351 3898 582 3984 interficiens,
611 3900 767 3992 quamsi
791 3899 900 3966 aliurn
917 3898 1113 3968 interfecis-

128 4012 192 4068 set.
253 3995 305 4069 lta
329 4023 409 4069 cum
438 4001 555 4070 omnis
577 4002 743 4071 scortatio
766 3999 903 4090 polluat
926 4001 1111 4090 proprium
1151 4066 1155 4071 .
1414 4030 1483 4113 De
1517 4025 1666 4137 Capite
1704 4029 1892 4137 septimo·

128 4225 209 4271 nem
231 4197 366 4272 aDeo
386 4204 609 4289 institutum,
635 4217 669 4274 et
685 4205 841 4274 destruat
857 4203 1028 4295 templum
1045 4200 1111 4273 Dei
1267 4191 1309 4263 lu
1326 4193 1438 4282 capite
1459 4192 1609 4282 septimo
1635 4191 1796 4260 doctrina
1825 4189 1932 4260 valde
1960 4191 2137 4264 necessaria
2180 4250 2182 4259 .

128 4301 168 4370 in
187 4307 333 4397 teipso,
360 4330 433 4374 non
448 4309 599 4376 ducatur
614 4330 686 4375 esse
699 4306 776 4374 leve
792 4318 986 4396 peccatum.
1164 4299 1229 4370 toti
1251 4294 1430 4371 Ecclesiae
1451 4295 1605 4409 traditur
1628 4294 1673 4367 de
1692 4293 1876 4386 coniugio,
1903 4319 2015 4389 quam
2031 4296 2138 4366 ordire

231 4422 338 4512 Quod
353 4449 436 4493 vero
452 4425 589 4517 inquit,
608 4438 743 4494 caetera
759 4436 897 4513 peccata
913 4437 1008 4494 extra
1026 4445 1111 4514 pro·
1164 4401 1403 4473 stellablmffi·
1575 4486 1581 4491 .

128 4523 245 4612 prium
270 4548 397 4616 corpus
419 4526 515 4611 fieri,
550 4528 586 4595 id
614 4526 832 4613 intelligatur
855 4527 900 4594 de
924 4526 1111 4612 generibus
1267 4515 1417 4591 Occasio
1438 4531 1554 4587 autern
1586 4511 1713 4587 barum
1744 4520 2022 4610 responsionum
2049 4518 2137 4593 initio

127 4625 355 4713 delictorum,
382 4651 471 4721 quae
494 4643 576 4699 sunt
598 4628 850 4722 frequentiora.
902 4625 1111 4697 Homicidae
1164 4623 1417 4695 consideretur.

126 4728 325 4821 plerunque
350 4730 388 4798 in
408 4729 498 4799 alios
523 4732 702 4815 saeviunt,
735 4730 887 4800 rariores
914 4742 1012 4815 sunt,
1048 4730 1110 4823 qui
1266 4740 1398 4830 Magna
1420 4740 1513 4831 apud
1536 4732 1709 4807 Ethnicos
1739 4739 1904 4811 confusio
1930 4742 2003 4814 fuit
2032 4741 2135 4814 tibidi.

126 4829 194 4899 tlbl
228 4844 378 4901 mortem
407 4835 654 4904 consciscunt:
697 4826 734 4900 hl
767 4856 908 4925 q¹10que
938 4834 976 4901 in
1007 4856 1109 4902 tuum
1164 4869 1270 4928 num,
1296 4858 1330 4914 et
1346 4841 1467 4911 crebra
1483 4841 1629 4911 fuerunt
1647 4838 1813 4913 divortia.
1867 4840 1994 4932 Quare
2007 4847 2084 4931 alii,
2104 4857 2134 4912 ut

10 4954 13 4959 ’
125 4955 252 5024 corpus
280 4949 439 5023 peccant·
496 4934 578 5007 Sed
608 4933 710 5005 Pauli
742 4934 880 5009 ditium.
908 4958 989 5004 tum
1011 4959 1109 5026 ·q¹10·
1162 4948 1222 5030 fit,
1247 4947 1286 5014 iu
1304 4969 1398 5014 novo
1415 4945 1533 5014 studio
1550 4958 1713 5034 acceptae
1733 4944 1919 5014 doctrinae
1942 4960 1978 5016 et
2001 4969 2132 5016 corrver·

124 5036 206 5103 dam
226 5038 379 5106 candore
400 5037 613 5127 accipiatur,
635 5039 679 5106 de
697 5037 759 5123 iis,
783 5059 872 5129 quae
894 5036 1033 5126 saepius
1049 5058 1109 5105 ac·
1162 5049 1292 5134 sionis,
1314 5069 1460 5137 prorsus
1475 5046 1727 5115 dissuadebant
1742 5046 1922 5136 coniugia.
1958 5047 2034 5118 Alii
2048 5070 2133 5142 prae-

121 5136 256 5213 cidunt.
1162 5161 1259 5220 textu
1285 5147 1470 5236 religionis
1499 5147 1651 5218 divortia
1683 5147 1871 5218 faciebant.
1943 5146 2132 5241 Respondet

223 5256 293 5326 Sed
317 5282 381 5328 cur
399 5259 505 5342 dicit,
532 5255 641 5330 Extra
665 5279 793 5346 corpus
815 5254 910 5340 fieri,
934 5280 1013 5327 cum
1032 5255 1107 5325 sin·
1161 5250 1271 5340 igitur
1285 5249 1435 5330 Paulus,
1468 5264 1502 5320 et
1523 5249 1661 5341 aliquot
1685 5250 1901 5320 necessarias
1919 5251 2059 5339 regulas
2075 5266 2131 5321 tra-

119 5355 193 5440 guli
208 5373 389 5448 peccantes
406 5369 555 5436 ardeant
569 5361 690 5457 pravis
703 5358 887 5430 affectibus
902 5359 940 5426 in
955 5381 1105 5451 corpore
1161 5356 1233 5442 dit,
1273 5376 1361 5444 quas
1381 5354 1508 5424 ordine
1537 5351 1693 5424 recitabo
1710 5376 1721 5422 s
1754 5351 1915 5444 primum
1946 5353 2132 5426 definitione
