4522 5782
91 46 196 187 mur
759 108 1008 187 rrtsruna
1043 86 1459 187 uuucuearu'nss.
1750 184 1753 191 ,
2014 110 2132 187 -ιοοι
2202 225 2207 235 ,

85 281 220 356 dubito
246 290 450 357 'teststnrus
490 304 566 354 csse
604 282 685 375 pios
716 296 752 356 ct
782 282 943 359 cruditos
975 289 1083 375 viros,
1239 283 1391 376 Scripsit
1404 271 1755 377 Philippus'sccretu
1773 292 1918 371 rogatus
1933 286 2126 361 consilium

82 400 126 457 ct
156 410 200 456 cr
232 378 302 457 boc
332 386 410 475 ipsu
441 410 583 479 quoque
613 388 841 479 quantumvis
869 391 970 461 brevi
996 392 1083 462 scri·
1136 386 1303 478 Principe
1326 385 1518 466 Electore,
1564 384 1631 452 sub
1655 385 1757 454 cuius
1780 387 1918 455 ditione
1940 403 2127 480 natusest,

83 500 173 582 pto,
209 501 246 559 et
280 489 485 579 cognituros
519 503 555 559 et
587 490 826 561 admiraturus
865 515 940 562 esse
979 508 1082 565 autu-
1135 491 1284 578 paucula
1308 492 1352 559 de
1368 485 1488 558 Coena
1506 485 1673 570 Domini,
1698 488 1809 575 magis
1830 503 1870 559 ut
1888 490 1982 561 rixas
1996 494 2043 562 de
2059 494 2121 566 illa

82 590 139 662 ris
163 590 348 683 pietatem,
374 591 512 679 ingenii
534 590 758 677 felicitatem,
784 593 910 665 iudicii
934 598 1081 668 rectitu-
1132 588 1351 683 Edelbergae
1374 603 1487 676 ortas,
1512 604 1546 660 et
1571 588 1711 680 publice
1734 590 1779 658 de
1803 604 1965 681 suggestu
1985 597 2120 667 mutuis

82 692 234 778 dinem,
266 693 501 763 confessionis
525 694 780 781 constantiam,
815 696 854 765 in
880 700 1079 769 communi·
1132 696 1422 767 concionatorum
1437 692 1608 764 conviciis
1622 692 1825 776 cumulatas,
1848 695 2008 767 suaderet
2027 722 2119 791 quu-

24 872 28 879 ,
82 796 199 865 canda
221 816 308 864 sana
337 795 500 865 doctrina
525 795 777 886 benignitatem
803 812 837 870 et
860 801 1077 883 facilitatem,
1131 822 1202 890 quo
1218 800 1327 868 modo
1347 796 1456 887 sopiri
1475 810 1510 867 et
1524 793 1664 876 dirimi,
1689 816 1795 886 quam
1810 809 1849 867 ut
1864 796 1909 865 de
1931 797 2006 886 ipsa
2031 822 2118 869 con·

79 909 119 968 st
135 895 207 966 alia
223 895 337 987 ipsius
356 896 515 987 ingentia
530 895 645 981 dona,
672 899 803 991 quibus
820 901 946 972 clausit
963 903 1077 989 vivus,
1129 900 1299 970 troversia
1316 899 1586 991 pronunciaret,
1601 895 1764 964 indicans
1779 897 1930 965 formam
1944 899 2116 992 loquendi

81 1010 119 1069 ct
133 995 315 1069 Ecclesiae
329 997 397 1068 Dei
414 1000 552 1072 utiliter
568 1000 731 1085 servivit,
758 996 850 1071 nibil
874 1004 944 1074 sibi
968 1029 1077 1098 quae·
1129 1024 1169 1070 ex
1186 1001 1313 1087 Paulo,
1336 1025 1405 1095 qua
1421 1000 1636 1070 tutissimum
1652 1011 1742 1069 esset
1757 998 1810 1067 uti
1825 998 1976 1084 interea,
2001 1002 2115 1073 donec

79 1122 188 1189 rens,
213 1100 335 1170 nullos
351 1113 497 1192 captans
521 1102 577 1170 vel
596 1100 737 1191 Regum
761 1127 801 1172 ac
825 1118 1008 1194 potentum
1023 1107 1075 1177 fa·
1128 1106 1172 1172 de
1192 1118 1264 1174 tuta
1287 1103 1528 1174 controversia
1555 1102 1593 1169 in
1616 1098 1763 1193 Synodo
1785 1113 2009 1177 statueretur.
2069 1102 2112 1174 ln

79 1224 209 1286 votes,
245 1200 303 1270 vcl
326 1203 425 1293 vulgi
450 1204 658 1296 applausus,
694 1204 750 1272 vel
776 1206 989 1292 dignitatum
1015 1231 1073 1278 ac·
1126 1205 1188 1274 illa
1204 1207 1338 1298 pagella
1354 1208 1397 1274 ad
1415 1227 1528 1274 unum
1544 1202 1690 1291 scripta,
1716 1215 1849 1273 secreto
1865 1203 2013 1293 scripta,
2035 1228 2143 1275 uuu=

63 1303 279 1387 watenes,
305 1304 401 1374 velo
429 1328 490 1374 um
516 1305 695 1391 cumulos,
722 1331 874 1399 quarum
900 1310 1073 1382 virtutum
1126 1308 1164 1375 in
1189 1303 1257 1378 boc
1278 1308 1429 1400 scripta,
1462 1320 1503 1377 ut
1522 1307 1743 1394 vulgaretur,
1775 1316 1808 1374 et
1837 1317 1956 1375 tamen
1985 1320 2109 1378 contra

77 1417 188 1477 testes
214 1404 362 1499 reliquit
382 1328 557 1498 piurimus
590 1408 752 1477 omnium
780 1410 948 1481 ordinum
978 1412 1074 1483 virus
1126 1410 1345 1480 voluntatem
1367 1408 1519 1491 autoris,
1549 1420 1583 1477 et
1604 1406 1746 1498 quidem
1769 1400 1848 1497 pust
1872 1420 2022 1477 mortem
2045 1411 2108 1480 dc-

76 1508 151 1577 lide
176 1505 426 1597 dignissimus,
458 1507 552 1579 inter
574 1533 664 1602 quus
686 1511 875 1602 praecipue
896 1515 1073 1605 appellare
1124 1535 1221 1581 mum
1237 1512 1434 1602 publicata,
1459 1512 1498 1582 fit
1512 1508 1647 1578 mentio
1664 1504 1708 1577 D.
1727 1499 1913 1577 Heslsuss'i
1926 1508 2032 1599 paulo
2049 1510 2108 1580 in-

77 1610 196 1678 visum
213 1622 266 1680 est
285 1606 543 1680 Celsitudinem
566 1624 680 1697 tuam,
707 1610 949 1685 lllustrissime
965 1614 1071 1686 Prin·
1125 1614 1331 1684 clementior
1348 1613 1448 1692 talis,
1478 1624 1517 1682 ul
1536 1611 1610 1679 ‘3¹¹⁸
1631 1609 1803 1679 amorim
1820 1610 1967 1678 ‘Ufflmft
1983 1610 2021 1679 ln
2036 1609 2107 1683 Ec·

76 1733 181 1803 ceps,
205 1733 295 1803 quae
308 1707 505 1782 Dominum
529 1703 773 1810 Philippum,
811 1717 949 1809 dequo
974 1741 1071 1788 nnnc
1124 1715 1228 1784 clesia
1254 1727 1288 1785 et
1318 1714 1573 1805 antiquissimis
1603 1711 1836 1800 scriptoribus
1864 1723 2107 1803 postponatur.

81 1834 179 1903 ago,
215 1812 374 1882 fortassis
400 1812 473 1909 ·(ut
504 1815 682 1910 existimo)
706 1817 752 1885 de
782 1816 871 1887 facie
901 1819 1072 1908 ignotum,
1122 1813 1219 1885 Haec
1236 1830 1287 1887 est
1301 1817 1432 1886 iniuria
1449 1816 1529 1899 illa,
1555 1809 1887 1882 bocfaciuusPatris
1905 1825 1976 1881 tam
1994 1828 2106 1906 atrox,

77 1916 221 1984 siucero
244 1936 284 1982 ac
307 1916 483 1985 constanti
508 1940 628 1985 amore
652 1940 790 2008 semper
811 1920 952 2007 dilexit,
985 1946 1070 2014 pro·
1123 1933 1161 1988 ut
1179 1919 1338 1989 omnium
1362 1930 1583 2009 acceptorum
1607 1916 1858 1984 beneficiorum
1884 1915 2048 2002 privatim
2071 1929 2105 1987 et

76 2030 157 2107 pter
174 2014 447 2087 admirationem
470 2019 648 2087 donorum
668 2031 703 2087 et
724 2024 973 2110 praestantiam
997 2024 1070 2092 vir·
1123 2019 1264 2110 ptrblice
1285 2020 1552 2109 praestitorum,
1588 2017 1747 2085 omnium
1771 2014 1942 2085 virtutum
1969 2041 2106 2088 memo·

74 2130 198 2190 tutum
213 2117 343 2207 ipsios,
367 2142 518 2211 quarum
534 2116 737 2213 αὐτόπτης,
761 2135 796 2193 et
813 2123 883 2193 fide
900 2125 1069 2215 dignissi-
1122 2123 1211 2192 riam
1228 2123 1368 2214 penitus
1387 2122 1525 2192 aboleat
1542 2135 1575 2190 et
1591 2119 1790 2208 extinguat,
1817 2129 1852 2187 et
1867 2117 2026 2187 animum
2041 2143 2105 2205 cu·

75 2242 159 2291 mus
178 2219 287 2289 index
312 2233 450 2309 praeter
474 2221 687 2290 innumerus
708 2222 796 2292 alios
813 2237 897 2295 tuae
914 2224 1069 2298 Celsitu-
1122 2225 1269 2316 piditate
1286 2224 1464 2295 vindictae
1481 2236 1575 2295 tanta
1593 2224 1778 2303 accendat,
1802 2232 1841 2288 ut
1858 2243 1916 2303 ea,
1948 2219 2016 2289 nisi
2035 2215 2104 2293 boc

73 2322 156 2391 clini
178 2342 254 2391 csse
276 2323 411 2412 putuit,
437 2335 472 2391 et
496 2323 565 2392 fuit
593 2319 688 2393 baud
713 2325 844 2412 dubie,
871 2329 926 2398 vir
949 2330 1070 2399 erudi·
1122 2330 1227 2396 modo
1251 2326 1467 2417 defensionis
1488 2322 1724 2396 atrocissimae
1741 2335 1774 2393 et
1788 2321 2103 2392 contumeliosissi-

74 2426 199 2508 tiunc,
223 2423 364 2509 virtute,
389 2424 578 2516 pmdcntia
596 2448 636 2495 ac
654 2426 723 2495 bde
738 2431 1071 2517 praestantissimus,
1121 2451 1199 2497 mae
1212 2429 1332 2499 satiari
1349 2452 1422 2499 non
1438 2428 1559 2520 possit.
1629 2470 1633 2477 -

74 2524 219 2597 Ductor
231 2519 457 2597 Huldcricus
473 2521 712 2621 Sisiugerus,
742 2526 974 2604 celsitudinis
988 2547 1068 2605 tuae
1209 2529 1278 2602 Sed
1297 2531 1325 2600 si
1342 2555 1416 2602 non
1433 2530 1546 2602 voluit
1561 2523 1694 2597 babere
1709 2526 1883 2596 rationem
1901 2548 1968 2595 sua
1983 2525 2104 2598 existi-

70 2624 331 2701 Cancellarius.
1121 2632 1308 2717 metionis,
1342 2658 1447 2726 quam
1483 2646 1619 2704 certum
1652 2643 1702 2698 est
1736 2630 1830 2720 apud
1866 2628 2104 2717 intelligentes

178 2726 232 2797 Ea
249 2729 293 2798 de
311 2752 414 2800 causa
435 2725 532 2801 bunc
547 2731 699 2802 Domini
714 2725 892 2831 Philippi
905 2734 1068 2805 libellum
1121 2730 1290 2804 nonnihil
1314 2736 1428 2805 minui
1451 2731 1516 2805 bac
1545 2745 1643 2805 tanta
1673 2731 1879 2820 asperitate,
1919 2754 1987 2822 qua
2019 2751 2104 2801 usus

74 2827 387 2901 tuacCclsitudini
403 2830 530 2902 offerre
544 2835 769 2924 potissimum
786 2837 905 2918 volui,
930 2851 971 2908 ut
988 2860 1069 2929 per·
1121 2851 1173 2908 est
1196 2837 1233 2905 io
1257 2853 1458 2918 mortuum,
1498 2837 1536 2905 in
1560 2835 1693 2924 optime
1718 2832 1903 2911 meritum,
1937 2835 1976 2899 in
1994 2830 2104 2900 Prae·

75 2932 175 3002 lecto
192 2955 255 3016 cu,
278 2944 311 3002 et
327 2934 468 3023 cognita
484 2936 684 3008 sinceritate
707 2939 747 3007 in
768 2938 953 3020 doctrina,
980 2940 1069 3010 etin
1121 2952 1316 3030 captorem,
1349 2939 1421 3009 imo
1446 2939 1485 3007 in
1514 2949 1720 3030 parentem:
1755 2933 2004 3025 aequissimum
2029 2946 2103 3004 erat

74 3033 403 3105 communicatione
420 3036 502 3118 fida,
527 3040 764 3127 patrocinium
780 3040 948 3130 suscipiat
963 3035 1083 3110 buius·
1120 3064 1263 3131 parcere
1286 3041 1398 3132 ipsius
1427 3035 1694 3111 honestissimae
1720 3047 1754 3104 et
1778 3058 1875 3104 nunc
1896 3033 2103 3103 adflectissi·

77 3134 171 3207 tsnti
189 3135 277 3220 viri,
303 3137 366 3229 qui
393 3137 494 3229 quasi
514 3161 638 3229 parum
653 3164 672 3209 a
687 3142 759 3210 suis
775 3141 931 3212 alumnis
956 3156 991 3214 et
1014 3143 1070 3212 di·
1121 3165 1199 3212 mae
1213 3143 1385 3228 familiae,
1410 3167 1429 3210 a
1447 3166 1515 3235 qua
1539 3140 1660 3212 multis
1682 3150 1733 3207 est
1755 3136 1901 3205 affectus
1922 3135 2102 3207 beneficiis

74 3237 227 3328 scipulis
249 3252 338 3309 esset
353 3239 549 3330 flagellatus
565 3241 650 3310 dum
673 3243 826 3323 viveret,
850 3245 956 3314 etiarn
973 3268 1062 3315 mor·
1122 3267 1264 3335 parcere
1293 3240 1379 3315 buic
1408 3238 1585 3328 Scbolae,
1624 3239 1777 3309 versanti
1809 3239 1847 3305 in
1876 3238 2103 3307 acerbissimo

76 3352 165 3413 suus
189 3341 438 3433 conquiescere
457 3367 532 3410 nou
554 3356 687 3433 potest,
715 3346 804 3437 quin
827 3369 867 3414 ex
888 3346 948 3430 iis,
965 3371 1071 3439 quos
1122 3346 1218 3418 luctu
1244 3362 1389 3441 propter
1410 3347 1618 3429 orbitatem,
1644 3365 1786 3436 parcere
1810 3340 1958 3410 miserae
1975 3341 2104 3411 iuven·

10 3478 15 3483 ·
76 3440 122 3513 in
146 3462 351 3533 suamensa
375 3445 439 3512 diu
466 3444 575 3528 aluit,
610 3446 844 3537 quibuscum
864 3471 937 3517 non
962 3452 1070 3519 morlo
1121 3450 1215 3533 tuti,
1253 3449 1431 3521 desiderio
1464 3450 1583 3519 amissi
1616 3443 1762 3514 rectoris
1792 3441 1993 3512 studiorum
2024 3442 2104 3511 lan-

76 3541 223 3637 publice
245 3545 464 3629 doctrinam,
489 3549 550 3614 scd
572 3547 739 3637 privatim
762 3548 871 3618 ctiam
893 3572 983 3641 quae
1006 3546 1070 3619 ba·
1121 3552 1261 3639 guenti,
1284 3575 1425 3640 parcere
1448 3546 1627 3621 Ecclesiae
1654 3559 1688 3615 et
1710 3544 1926 3637 posteritati,
1945 3566 2104 3634 ‘parcere

75 3645 159 3717 buit
175 3657 211 3715 et
227 3648 368 3738 potuim
387 3648 555 3727 consilia,
580 3662 615 3718 et
636 3663 767 3720 secreta
783 3672 846 3719 sua
863 3653 1065 3720 cummuni·
1121 3653 1276 3742 denique
1299 3652 1393 3738 Deo,
1431 3653 1486 3724 cui
1518 3676 1598 3723 cum
1627 3649 1722 3719 buna
1746 3645 1960 3716 conscientia
1983 3644 2105 3727 serviit

73 3746 192 3832 cavit,
220 3749 351 3840 quibus
377 3746 482 3819 etiam
513 3773 574 3818 cor
602 3773 726 3841 suum,
759 3751 790 3821 si
820 3750 995 3838 licuisset,
1028 3776 1069 3822 ex
1121 3745 1342 3851 Philippus,
1376 3777 1423 3824 ne
1445 3753 1492 3824 ita
1517 3752 1731 3824 deformaret
1762 3761 1796 3818 et
1819 3746 2037 3826 doctrinam,
2072 3758 2105 3816 et

75 3861 411 3941 pectoreeremtum
428 3852 696 3942 impertivisset,
723 3853 836 3946 aliqui
851 3855 890 3922 in
911 3877 1070 3944 exangue
1121 3878 1237 3924 mores
1270 3871 1302 3927 et
1336 3857 1493 3927 actiones
1519 3851 1627 3924 buius
1650 3851 1739 3933 viri,
1772 3848 1872 3942 quasi
1897 3846 2105 3917 veteratorie

74 3973 209 4043 eorpus
241 3952 370 4043 sepulti
393 3955 573 4036 saeviant,
602 3954 779 4024 vindictae
810 3955 929 4025 studio
955 3970 1067 4042 tanto,
1121 3958 1244 4026 luserit
1265 3957 1303 4025 in
1328 3958 1489 4027 doctriua
1515 3955 1674 4037 coelesti,
1702 3964 1736 4022 et
1756 3947 1993 4041 blasphemias
2014 3949 2105 4018 scri-

75 4065 115 4125 ct
138 4053 331 4123 acerbitate
364 4067 483 4139 tanta,
515 4068 557 4124 ut
583 4059 750 4142 credam,
786 4057 815 4125 si
845 4080 963 4126 coram
985 4060 1071 4150 ipsis
1123 4060 1247 4146 pserit,
1272 4060 1472 4130 antdixerit
1488 4060 1526 4128 in
1541 4059 1654 4128 lilium
1669 4053 1755 4137 Dei,
1777 4075 1865 4121 neve
1887 4050 1966 4119 aliis
1982 4049 2107 4119 convi-

73 4154 247 4225 miserum
266 4168 301 4225 et
321 4155 391 4225 iarn
416 4172 620 4247 putrescens
641 4161 789 4229 cadaver
812 4149 985 4256 Philippi
1009 4183 1069 4230 ex·
1121 4161 1184 4230 ciis
1206 4185 1286 4229 eum
1307 4162 1565 4252 proscinderet,
1606 4161 1645 4228 in
1665 4154 1826 4247 sepulcro
1856 4152 2106 4245 quiescentem,

76 4258 236 4349 positum
253 4258 317 4342 sit,
344 4280 404 4328 eus
424 4260 591 4328 dentibus
604 4284 704 4330 more
726 4284 852 4330 canum
868 4262 1069 4348 irruituros,
1121 4263 1194 4331 imo
1211 4263 1248 4331 in
1271 4264 1351 4336 sinu
1378 4279 1413 4336 et
1434 4266 1617 4353 complexu
1642 4259 1708 4328 filii
1724 4254 1790 4328 Dei
1816 4255 1945 4324 iudicis
1969 4268 2002 4323 et
2024 4257 2105 4322 viu·

74 4374 113 4430 et
124 4360 343 4431 frustulatim
358 4384 498 4429 carnem
516 4361 592 4429 eius
606 4362 820 4432 laceraturus
838 4386 922 4432 esse.
1123 4365 1211 4434 dicis
1246 4367 1409 4436 omnium
1443 4366 1640 4447 scelerum,
1690 4374 1724 4430 et
1755 4357 1919 4447 inprimis
1957 4357 2107 4446 iugrati-

181 4458 279 4550 Quid
298 4462 393 4531 enim
414 4464 510 4532 aliud
533 4486 692 4549 censeas,
719 4466 748 4533 si
773 4464 868 4553 legas
888 4464 1072 4557 scripturn,
1123 4467 1278 4546 tudinis,
1319 4467 1556 4558 perfruentem
1583 4467 1676 4535 laeto
1705 4474 1895 4551 conspectu
1929 4472 1964 4528 et
1997 4458 2107 4528 collo·

77 4564 177 4657 quod
199 4570 320 4632 recens
334 4565 480 4657 qnidam
498 4587 580 4633 suae
594 4567 776 4635 doctrinae
791 4579 826 4635 et
840 4568 954 4634 famae
968 4583 1071 4639 tuen·
1123 4570 1207 4663 quio
1226 4566 1302 4639 Dei.

73 4676 141 4737 dae
160 4688 283 4750 causa,
309 4680 349 4736 ut
366 4667 479 4736 videri
496 4666 592 4750 vult,
618 4668 655 4735 in
674 4669 801 4756 vulgus
819 4669 970 4757 sparsit?
995 4670 1072 4739 Ad·
1226 4668 1284 4740 An
1302 4666 1361 4741 bic
1376 4671 1420 4742 sit
1434 4668 1588 4762 Spiritus
1605 4666 1690 4751 Dei,
1715 4658 1925 4736 debacchari
1943 4663 1980 4732 in
2005 4663 2108 4732 talem

77 4791 203 4838 versus
227 4790 333 4860 quam
351 4767 523 4839 iniuriam
549 4792 633 4837 vero
655 4793 728 4838 susc
744 4773 773 4837 is
789 4770 972 4839 defendit?
998 4771 1072 4841 Aut
1124 4785 1221 4842 tanta
1245 4774 1454 4856 acerbitate,
1493 4771 1652 4841 iudicent
1676 4769 1748 4840 alii.
1819 4762 1953 4834 Paulus
1984 4766 2019 4834 2.
2045 4761 2111 4832 Ti-

77 4894 170 4965 quae
190 4883 392 4959 potestesse
410 4868 654 4960 Praeceptoris
669 4871 850 4954 fidissimi,
876 4873 948 4939 imo
959 4870 1073 4943 Patris
1126 4872 1238 4946 moth.
1257 4879 1291 4946 Ξ.
1308 4887 1400 4945 certe
1418 4897 1499 4943 suos
1516 4872 1697 4942 ministros
1720 4869 1824 4939 aliter
1840 4865 2007 4948 iustruit,
2032 4886 2112 4931 cum

77 4964 380 5070 eduropyosoisov
395 4984 429 5040 et
446 4972 704 5060 benignissimi,
725 4973 859 5041 iniuria
874 4987 945 5042 tam
962 4987 1075 5057 atrox,
1126 4977 1259 5067 inquit:
1287 4970 1485 5048 dorilensis*
1508 4970 1642 5065 κυρίου
1665 4970 1709 5044 οὐ
1728 4966 1787 5043 clei
1798 4960 1990 5059 μάχεσθαι
1997 5017 2008 5050 ,
2037 4961 2110 5035 dtt'

77 5098 170 5169 quac
192 5085 329 5144 tantam
352 5089 533 5143 mereatur
556 5074 799 5156 acerbitatem,
825 5088 865 5143 ut
884 5075 958 5143 eius
978 5098 1074 5144 mor·
1124 5076 1235 5169 ἤπιον
1250 5071 1343 5150 εἶναι
1357 5074 1450 5173 πρὸς
1463 5073 1688 5148 ΠΑΝΤΑΣ
1691 5125 1702 5157 ,
1730 5065 1964 5151 διδακτικὸν,
1994 5064 2112 5148 ἀνεξι-

10 5196 20 5205 ·
77 5180 131 5248 tui
153 5179 305 5245 cadaver
323 5179 581 5265 propemodum
607 5191 641 5246 et
667 5176 804 5246 tumulo
829 5177 1001 5246 refossum
1026 5177 1073 5247 ita
1125 5177 1244 5249 κακὸν
1265 5180 1305 5250 ἐν
1325 5174 1522 5274 πρᾳότητι,
1558 5170 1783 5249 παιδεύοντα
1805 5166 1894 5251 τοὺς
1914 5165 2115 5242 ἀντιδιατι-

81 5276 493 5351 crudeliterlnceretur?
1128 5279 1329 5372 θεμένους,
1357 5297 1421 5353 ιιι.
1461 5372 1477 5385 .

1543 5374 1626 5449 67*
