4522 5782
108 201 207 279 cero
439 270 500 301 ,Ι
675 146 839 257 'etita
866 182 982 263 ster.
1010 177 1220 255 sensura
1249 181 1551 263 asenarius.
1727 212 1749 265 .-
1897 238 1924 277 ,
2045 197 2118 268 ,ιω

109 405 189 447 rum
220 373 335 463 aliqua
361 364 479 435 civilia
504 360 673 431 beneficia
698 362 741 429 ad
771 381 893 429 servos
914 381 988 427 non
1011 378 1096 449 per-
1151 382 1170 426 a
1201 355 1390 429 seditione.
1456 356 1625 431 Pulcrum
1651 360 1720 433 fuit
1747 376 1787 435 et·
1809 361 1980 435 Demadis
2004 368 2126 449 dietim,

110 482 237 552 tinent.
1155 455 1363 531 Alexandro
1398 475 1540 532 mortuo
1572 465 1763 536 exereitum
1791 467 1872 539 eius·
1899 469 2048 539 similem
2073 496 2128 543 cue

92 597 99 609 ·
214 572 305 648 Usus
322 583 372 641 est
388 578 503 637 autem
521 561 655 633 Paulus
671 555 730 634 bic
745 562 886 633 duobus
906 557 1101 643 vocabulis,
1152 560 1299 657 Cyclopi
1328 561 1454 633 effosso
1482 565 1606 635 oculo:
1643 581 1678 636 et
1702 569 1810 639 illud:
1848 567 1978 662 adeum
2008 567 2128 665 λάμιαιε

113 683 211 753 iubet
246 688 422 767 praestare
454 670 562 744 iusta,
604 664 736 734 scilicet
771 665 940 734 mandata
963 663 1102 751 legibus
1153 680 1188 735 et
1212 661 1281 735 boc
1304 658 1462 735 Erasmi:
1496 664 1602 737 Mens
1625 665 1828 741 Christiana
1852 669 2051 743 stomachus
2070 675 2139 771 liu.¹

114 782 246 854 (livinis
272 792 305 847 et
332 769 505 864 positivis,
561 765 694 838 Seneca
722 767 770 836 sic
803 766 982 859 loquitur:
1021 760 1101 832 Non
1154 763 1322 837 theranus
1347 780 1410 836 est.
1473 765 1523 838 Et
1547 793 1624 837 mea
1648 775 1806 843 narratio
1834 775 1880 844 de
1911 778 2070 864 gentibus
2088 791 2129 847 ιι-

115 890 221 956 licere
239 875 473 951 inhominem
493 869 814 962 quaeiusnaturae
833 881 937 940 vetat.
991 863 1103 936 Addit
1155 869 1433 956 temperantibus
1456 871 1648 958 religiones
1669 875 1713 943 ad
1737 899 1820 945 suas
1841 891 2005 961 naturas,
2037 895 2070 949 et
2087 904 2130 949 re-

118 1002 235 1058 autern
279 979 435 1050 Paulus:
488 971 665 1040 Praestate
706 971 963 1064 aequalitatem.
1017 964 1105 1035 Vult
1162 973 1215 1062 gis
1235 967 1424 1040 Gallorum
1440 970 1634 1043 Ludovici:
1657 998 1730 1045 non
1754 980 1935 1069 pertinent
1956 984 2000 1049 ad
2024 1002 2121 1073 regen

118 1102 259 1183 praeter
284 1083 366 1160 illa,
401 1099 491 1168 quae
513 1066 867 1163 comprehenduntur
889 1067 1107 1157 obligatione
1158 1097 1247 1167 quae
1275 1080 1880 1154 anteacontraducemfactasuut.
1939 1079 2102 1156 Etvetust

120 1190 217 1262 civili
234 1185 309 1255 dari
327 1179 515 1255 beneficia,
535 1196 625 1265 quae
641 1176 858 1264 obligatione
875 1171 1028 1243 naturali
1044 1173 1106 1241 de·
1160 1176 1331 1246 discernit
1357 1176 1464 1244 salem
1498 1178 1690 1265 candidum
1711 1204 1728 1247 a
1751 1184 1875 1272 nigro,
1909 1200 1942 1254 et
1964 1187 2130 1256 candidum

121 1298 276 1370 lientur,
313 1298 352 1353 ut
387 1277 613 1351 benemeritis
646 1279 762 1347 clauda
798 1289 880 1347 sunt
913 1273 1106 1363 singularia
1160 1279 1247 1346 dicit
1271 1300 1342 1344 esse
1367 1275 1557 1362 Mercurii,
1584 1294 1621 1347 ut
1648 1297 1729 1352 sient
1751 1286 1862 1368 dicta,
1890 1290 2131 1379 quaeboneeo.

123 1392 296 1488 praemia,
322 1383 464 1456 levandi
482 1393 564 1448 sunt
584 1377 722 1448 labores
738 1379 888 1467 aegrotis
904 1391 937 1446 et
953 1375 1109 1445 senibus.
1161 1379 1307 1449 lentiam
1330 1395 1475 1467 augent,
1503 1395 1542 1451 ut
1565 1381 1778 1457 Alexandri:
1809 1386 1963 1476 Regium
1979 1406 2029 1459 est
2042 1393 2081 1458 be

124 1497 255 1568 Seneca
279 1486 478 1578 exemplum
499 1482 628 1567 allegat
652 1482 696 1550 de
720 1481 892 1550 occultata
922 1477 1066 1548 domina
1090 1499 1109 1542 a
1161 1483 1344 1552 facientem
1364 1485 1454 1551 ferre
1471 1485 1670 1564 maledicta,
1695 1503 1756 1561 aut
1774 1489 1862 1559 illud
1883 1489 2018 1561 Plauti:
2042 1490 2131 1563 3οώ

124 1595 235 1667 servis
256 1604 354 1680 capta
375 1590 475 1659 urbe.
531 1581 623 1651 lllud
648 1582 751 1652 etiam
773 1582 1015 1650 consideretur
1030 1600 1110 1648 curn
1163 1586 1254 1652 bene
1279 1585 1372 1673 quod
1400 1586 1457 1665 tit,
1497 1584 1533 1655 id
1563 1588 1705 1655 demum
1739 1612 1843 1677 grave
1871 1617 1913 1661 ac
1934 1606 2131 1682 gratumsst.

125 1703 169 1767 de
194 1694 402 1787 aeqrralitate
423 1688 570 1769 dicitur,
603 1685 902 1754 considerandum
922 1705 1015 1764 esse,
1049 1678 1112 1748 ubi
1164 1683 1211 1755 Ει
1237 1689 1281 1751 de
1304 1681 1370 1754 hoc
1399 1709 1525 1775 genere
1550 1689 1637 1777 petit
1661 1687 1920 1778 Callimachus,
1946 1711 1987 1766 ut
2012 1694 2129 1765 Gratiae

127 1799 319 1892 aequalitas
344 1788 552 1883 geometrica
577 1789 809 1876 proportione
830 1786 946 1854 locum
972 1778 1111 1865 babeat,
1166 1788 1974 1870 atubantmanugambmqgi„„memineo
2008 1796 2051 1867 Ni

126 1903 188 1972 ubi
208 1920 292 1968 usus
316 1897 361 1964 sit
385 1889 605 1984 aequalitatis
629 1884 850 1959 arithmetica
871 1885 1114 1978 proportione.
1166 1913 1249 1958 vero
1275 1890 1382 1957 salem
1410 1891 1574 1961 dixerunt
1601 1916 1674 1962 esse
1696 1893 1846 1982 Momo‚
1886 1913 1925 1970 ut
1950 1916 2030 1971 sunt
2049 1923 2131 1969 vem.

130 2002 221 2073 Cum
244 1998 329 2068 dicit
354 1993 504 2064 Paulus:
538 1988 718 2060 Praestate
740 1989 1006 2083 aequalitatem,
1041 2009 1115 2055 non
1168 2004 1270 2061 natae
1294 1987 1601 2080 reprehensiones,
1633 2009 1672 2065 ut
1691 1995 1927 2089 Antiphontis
1953 2005 1995 2071 ad
2021 1999 2139 2097 Diony-2

129 2105 208 2175 vult
230 2122 348 2172 servos
367 2095 444 2166 freri
466 2092 629 2186 aequales
653 2092 710 2161 vel
733 2115 835 2183 pares
856 2090 1023 2171 domiuo,
1053 2088 1114 2157 sed
1168 2095 1277 2174 sium,
1295 2095 1449 2182 optimos
1464 2097 1651 2166 statuarios
1667 2095 1819 2169 Athenis
1832 2106 2055 2176 adducendos
2067 2128 2130 2183 esset

128 2205 207 2276 vult
224 2201 357 2274 servari
371 2198 617 2290 aequalitatem
637 2195 848 2285 geometrica
870 2191 1116 2286 proportione.
1170 2195 1231 2290 qui
1252 2196 1416 2265 fecissent
1442 2210 1575 2267 statuae
1598 2202 1841 2292 tyrannicidi,

131 2307 224 2378 Tota
245 2318 362 2374 autem
383 2297 469 2368 baec
487 2297 646 2366 doctrina
663 2319 758 2364 nirnc
775 2319 917 2388 quoque
940 2293 1118 2385 sequenda
1245 2295 1335 2367 Cum
1352 2311 1466 2365 autem
1484 2295 1680 2371 bicPaulus
1698 2305 1859 2373 nominat
1874 2308 2021 2396 gratiam
2036 2307 2133 2379 inser.

131 2423 200 2492 est,
225 2407 321 2486 etin
340 2401 487 2473 familiis
509 2413 542 2469 et
567 2399 604 2466 in
628 2399 882 2485 gubernatione
907 2395 1119 2487 principum.
1171 2423 1288 2483 mone,
1303 2399 1492 2470 vultvitari
1507 2403 1775 2483 scurrilitatem,
1795 2410 2076 2490 obscoenitatem,
2090 2412 2134 2479 ῐῃ.

131 2510 284 2581 Meneni
300 2505 440 2575 Vincula
457 2502 541 2589 '⁰83⁸
557 2500 721 2581 dlvlssaes
749 2523 838 2592 quae
856 2498 989 2586 parlier
1008 2497 1121 2585 ligant
1171 2503 1376 2580 sulsitatem,
1392 2502 1842 2587 iactantiam,virulentiam
1855 2525 1891 2581 et
1901 2510 2134 2607 sycophantias.

135 2625 170 2682 et
186 2608 369 2698 Principes
383 2618 416 2675 et
434 2603 616 2694 populum.
670 2599 854 2691 Principes
876 2623 947 2669 non
972 2598 1022 2668 sic
1039 2608 1122 2666 surtt
1172 2604 1297 2675 Postea
1315 2628 1394 2673 cum
1412 2605 1519 2675 salem
1538 2608 1710 2693 nominat,
1731 2634 1804 2679 non
1821 2637 1968 2704 prorsus
1981 2611 2136 2686 eit-Philo.

133 2713 290 2790 domini,
317 2723 357 2780 ut
379 2708 482 2776 liceat
499 2704 548 2772 eis
565 2703 727 2774 subditos
742 2702 818 2771 sine
835 2702 925 2773 iusta
943 2723 1044 2770 causa
1063 2699 1123 2768 in·
1175 2701 1276 2797 sophi
1289 2707 1473 2776 desalibus
1484 2708 1653 2801 loquitur,
1669 2712 1732 2780 etsi
1749 2707 1806 2784 bis
1820 2739 1968 2807 quoque
1984 2720 2137 2789 locum:

134 2815 307 2895 lelfitffl,
342 2824 404 2880 ‘tul
425 2809 564 2878 alifem
584 2806 767 2877 simullai&
790 2828 911 2874 ⁰⁰r¹¹m
934 2803 1010 2873 ⁸3⁰²
1032 2803 1122 2871 futla
1176 2812 1234 2878 sed
1254 2810 1465 2896 generaliter
1492 2811 1656 2901 iutelligit
1681 2815 1786 2883 salem
1814 2817 1991 2888 iudicium
2016 2836 2097 2891 recte
2113 2836 2139 2890 et

135 2940 238 2987 631]δᾶ
264 2929 327 2987 elt·
1176 2916 1297 2981 dextre
1315 2915 1582 2981 accommodans
1599 2914 1745 2983 verbum
1753 2914 1832 2999 Dei,
1849 2936 1889 2989 ut
1900 2920 2055 2996 Marcii).
2068 2923 2139 2992 diei.

1176 3031 1249 3085 tur:
1275 3011 1400 3082 Bonus
1414 3030 1463 3084 est
1481 3015 1552 3098 sal,
1574 3010 1699 3084 habete
1719 3019 1755 3087 in
1771 3022 1873 3090 vobis
1890 3025 2021 3103 salem,
2045 3041 2074 3094 et
2091 3048 2139 3112 pa-

1176 3142 1249 3184 cem
1272 3111 1398 3185 habete
1420 3117 1513 3184 inter
1535 3140 1608 3187 vos.
1660 3118 1730 3190 Ubi
1755 3124 1805 3190 sal
1823 3124 2139 3210 significarentur„

240 3222 431 3292 Manifesta
460 3218 664 3286 deformitas
689 3229 741 3284 est
765 3214 934 3282 vitiorum
957 3211 1126 3284 Scurrili-
1177 3220 1242 3289 Dei
1263 3232 1353 3287 recte
1384 3219 1620 3301 intellectum,
1654 3218 1816 3294 adhibito
1847 3227 1985 3300 iudicio
2007 3255 2065 3301 seu
2084 3233 2139 3300 dis.

139 3327 219 3397 tatis
239 3341 272 3394 et
291 3321 514 3393 lnsulsitatis.
565 3317 771 3390 Scurrilitas
789 3340 869 3384 cum
895 3315 1126 3404 impudentia,
1176 3321 1346 3402 crimine,
1371 3344 1414 3388 ne
1431 3321 1701 3393 transformetur
1718 3324 1754 3394 in
1771 3325 1980 3419 prophanas
1998 3336 2139 3419 imagine

97 3472 103 3477 ,
139 3428 314 3508 vanitate,
342 3423 598 3503 obscoenitate,
625 3419 805 3488 autetiam
823 3418 1013 3486 virulentia
1038 3441 1125 3484 con·
1178 3424 1301 3503 tiones,
1324 3436 1363 3492 ut
1379 3420 1557 3505 Servetus,
1571 3418 1820 3515 Thammerus,
1835 3434 1897 3523 qui
1914 3435 2038 3508 dicunt
2053 3430 2139 3535 λόγοι

139 3530 258 3599 iuncta
277 3542 337 3595 est.
372 3523 513 3592 Dicitur
530 3536 644 3591 autem
662 3513 980 3610 Scurra,aoauip,
1006 3519 1041 3586 id
1065 3532 1127 3601 est,
1178 3548 1252 3593 non
1281 3546 1352 3591 esse
1377 3516 1656 3617 ὑφιστάμενον,
1696 3530 1755 3597 sed
1784 3555 1858 3601 esse
1884 3561 2009 3605 vocem
2038 3563 2139 3607 evane-

138 3648 291 3711 stercus,
321 3640 360 3696 ut
385 3628 429 3695 sit
454 3625 552 3716 quasi
577 3636 728 3691 stercora
752 3621 920 3707 loquens,
947 3615 1125 3713 σκώρλέ-
1177 3638 1342 3696 scientem,
1402 3626 1508 3706 leem,
1541 3629 1849 3704 nedetpffiverps
1874 3638 2139 3711 distint'ioffibm

139 3756 232 3831 guae.
287 3728 421 3799 Graece
445 3726 678 3795 nominantur
695 3715 929 3818 βωμόλοχοι,
957 3723 1057 3813 quasi
1081 3725 1123 3791 ad
1178 3743 1210 3796 et
1229 3729 1448 3810 necessariis,
1476 3727 1689 3801 misceantur
1704 3731 1741 3801 in
1758 3759 1870 3806 unum
1887 3735 1996 3809 chaos
2012 3769 2080 3812 nnn
2094 3743 2139 3810 mi

137 3859 234 3906 aram
261 3835 446 3913 cubantes,
480 3828 562 3920 quia
588 3829 630 3895 ad
654 3826 821 3895 sacrificia
846 3821 949 3893 mrilti
974 3824 1126 3894 mendici
1177 3832 1318 3911 scenda,
1340 3845 1378 3900 ut
1396 3831 1646 3919 Anabaptistae
1662 3858 1735 3902 non
1751 3837 1958 3914 discernunt
1976 3848 2139 3917 vindictae

139 3936 387 4018 accurrebant,
420 3931 483 4025 qui
500 3930 606 3997 variis
622 3929 724 4018 nugis
743 3925 927 4016 pecuniam
946 3927 1125 3996 mendica·
1180 3932 1354 4022 privatam
1377 3958 1394 3998 a
1418 3932 1559 4001 iudiciis
1583 3935 1756 4005 divinitus
1781 3943 1977 4029 ordinatis,
2011 3964 2044 4021 et
2065 3952 2139 4019 dam·

140 4042 254 4119 bant,
295 4036 385 4106 sicut
411 4047 443 4104 et
469 4032 774 4123 praestigiatores,
813 4028 874 4120 qui
911 4027 1127 4118 pulvisculus
1178 4034 1410 4103 nantiudicia
1435 4046 1467 4102 et
1494 4048 1605 4103 totum
1632 4038 1815 4126 politicum
1838 4047 2020 4126 ordinem,
2070 4052 2139 4122 leem

141 4154 344 4212 sanctorum
375 4134 679 4206 circumtulerunt.
731 4128 915 4199 lnsulsitas
940 4154 1023 4197 vero
1052 4145 1127 4202 stu·
1180 4159 1224 4205 ue
1252 4138 1371 4206 nativa
1402 4136 1610 4225 significatio
1635 4141 1824 4213 verborum
1858 4163 2041 4237 mutetur,
2078 4155 2139 4221 sicut

140 4267 207 4336 por
230 4254 282 4311 est
304 4240 436 4308 nimius
458 4250 493 4307 et
514 4236 682 4323 indignus
704 4229 860 4304 bomine.
921 4228 1018 4301 luter
1042 4226 1127 4301 baec
1179 4234 1342 4309 monachi
1360 4239 1465 4306 fidem
1482 4250 1620 4308 tantum
1637 4242 1841 4335 intelligunt
1862 4252 2035 4325 noticiam
2058 4253 2139 4326 hisp,

141 4345 228 4414 vitia
246 4337 460 4431 Philosophi
481 4338 654 4407 collocant
676 4334 849 4412 medium,
878 4337 972 4423 quod
991 4345 1040 4402 est
1060 4333 1129 4402 Le·
1179 4340 1270 4422 riae,
1296 4339 1411 4432 qualis
1427 4353 1477 4409 est
1493 4353 1527 4410 et
1546 4341 1584 4408 in
1604 4343 1733 4434 impiis.
1788 4346 1900 4437 ltem,
1924 4379 1972 4424 ne
1996 4361 2139 4427 addanae

139 4468 223 4538 pos,
250 4445 312 4537 qui
335 4458 386 4514 est
409 4444 447 4511 iu
470 4464 633 4512 sermone
655 4433 845 4506 hilaritatis
871 4448 905 4504 et
929 4435 1128 4527 asperitatis
1179 4442 1366 4531 opiniones
1387 4456 1582 4530 pugnantes
1603 4469 1683 4515 cum
1713 4449 1973 4541 fundamento,
2007 4475 2045 4530 ue
2065 4459 2139 4551 Papi.

139 4547 345 4617 ῐῐιθᾶθιιῐῐθ·
1180 4557 1251 4612 stae
1282 4545 1410 4614 docent
1448 4539 1609 4613 homines
1644 4563 1802 4620 mortuos
1829 4554 2053 4633 invocandos
2083 4586 2139 4632 esst

242 4644 307 4716 Est
321 4659 439 4716 autem
462 4643 634 4713 excellens
649 4643 687 4709 in
703 4635 848 4709 bomine
863 4654 1126 4724 ornamentum,
1179 4647 1307 4715 docent
1325 4669 1431 4737 opera
1455 4643 1639 4717 bominum
1663 4653 1792 4722 mereri
1816 4659 2065 4732 remissionem
2088 4688 2139 4756 pec·

141 4751 235 4823 dicta
261 4762 294 4818 et
318 4770 495 4816 sermones
525 4743 744 4836 tempestitve
769 4744 926 4833 proferre
955 4766 1016 4810 seu
1039 4743 1126 4832 bgu-
1180 4761 1363 4831 catorum,
1403 4745 1543 4834 fingunt
1576 4747 1725 4825 Missam
1759 4760 1893 4828 mereri
1927 4768 2139 4836 remissione„

140 4869 215 4924 rate
235 4876 295 4922 seu
320 4849 547 4938 simpliciter,
577 4849 636 4938 qui
654 4858 713 4914 aut
735 4846 876 4914 moestis
902 4845 1060 4913 dolorem
1079 4844 1129 4911 le·
1180 4863 1400 4937 peccatorum
1419 4850 1612 4941 etquidem
1630 4877 1670 4922 ex
1693 4879 1800 4946 opere
1821 4879 1995 4950 operato,
2023 4873 2136 4938 aetorso

140 4958 261 5038 uiant,
293 4967 352 5022 aut
381 4953 417 5019 in
440 4950 540 5020 iratis
565 4948 695 5019 nimios
719 4961 837 5016 motus
860 4959 934 5015 arte
955 4946 1131 5033 frangant,
1179 4974 1305 5041 panem
1322 4951 1358 5019 in
1374 4952 1711 5040 circumgestatione.
1762 4959 1865 5031 Haec
1887 4968 2042 5040 absurda
2067 4993 2139 5061 pror·

10 5088 16 5097 .
140 5081 204 5127 aus
229 5058 401 5146 superbos
425 5047 697 5143 reprehendant.
758 5049 987 5119 Concurrunt
1011 5061 1126 5116 autem
1179 5076 1238 5121 sus
1263 5067 1357 5123 extra
1379 5054 1505 5141 scripta
1523 5052 1728 5146 prophetica
1752 5075 1786 5132 et
1810 5070 2011 5154 apostolica
2035 5075 2135 5140 indoti

139 5159 273 5248 ingenii
292 5157 451 5226 celeritas
466 5167 499 5223 et
514 5152 668 5241 cognitio
687 5152 877 5221 multarum
895 5173 1026 5221 rerum.
1076 5149 1129 5219 Ac
1179 5154 1391 5225 addiderunt
1427 5149 1567 5227 ethnica
1605 5162 1858 5249 superstitione
1893 5173 1937 5239 ad
1976 5175 2139 5243 doctrinan

140 5255 226 5328 haec
250 5284 329 5326 cum
357 5258 491 5328 accedit
521 5253 737 5336 moderatio,
779 5265 892 5322 totum
917 5247 985 5320 boc
1016 5250 1128 5321 virtus
1178 5250 1364 5333 Ecclesiae.
1418 5254 1459 5327 ln
1489 5251 1545 5327 his
1575 5262 1743 5356 exemplis
1773 5270 1965 5345 manifesta
1987 5293 2036 5350 est
2056 5272 2139 5345 insul·

137 5384 210 5431 esse
225 5360 370 5445 dicitur,
397 5371 437 5430 ut
451 5355 615 5427 Menenii
640 5354 810 5447 apologus
832 5353 1010 5423 revocavit
1033 5353 1126 5424 cives
1178 5357 1272 5429 sitas.

185 3084 313 3158 Sermo
330 3092 442 3154 vester
458 3080 496 3150 iu
513 3079 643 3175 gratio
660 3073 741 3148 sals
757 3072 924 3147 conditus
945 3075 994 3146 sit
1013 3085 1075 3150 etc.
