4522 5782
82 222 145 296 too
233 220 336 301 xnt.
385 218 424 297 t.
448 202 1315 308 conuenta-neaersntraonno
1334 208 1665 296 aontnrnms.
1717 216 1819 301 car.
1845 224 1892 301 x.
1968 232 2093 317 sarto

134 394 247 468 'Haec
261 397 507 490 interpretatio
524 388 646 471 dextre
662 384 867 485 intelleita‘,
886 384 1038 469 nonvi-
1162 414 1167 425 ·
1194 384 1269 464 Ant
1285 392 1384 484 signa
1401 404 1585 465 verterunt
1607 390 1646 461 in
1660 394 1809 465 numina
1827 418 1888 469 seu
1904 395 2016 488 Deos,
2043 420 2085 479 ut

82 503 240 589 peranda
262 487 329 572 est.
393 498 673 583 consecramus,
705 500 743 571 id
770 512 841 587 eit,
872 502 1039 572 addimus
1086 491 1263 569 Chaldaei
1293 511 1326 568 et
1350 495 1477 566 Persae
1510 496 1628 585 ignem
1657 496 1836 570 linxerunt
1868 525 1941 572 esse
1962 506 2081 597 ipsum

84 624 144 671 era
170 604 275 671 verba
302 615 339 675 et
360 603 553 691 gratiarum
586 604 784 695 actionem,
815 626 862 672 ne
883 604 937 673 sit·
951 625 1037 673 usus
1071 595 1223 701 ··Daum,
1243 601 1331 693 quia
1355 599 1544 668 audierant
1563 597 1639 687 igni
1660 599 1807 691 delapso
1831 625 1873 672 ex
1895 607 1996 676 coelo
2020 608 2080 678 in.

82 704 218 773 nsanos
247 726 310 774 seu
341 701 528 799 physicus,
566 708 627 775 sed
657 707 704 777 sit
732 704 941 776 consolatio·
958 704 1038 775 ani·
1086 722 1209 775 tcnsas
1222 724 1296 772 esse
1311 701 1482 773 victimas.

82 829 132 875 ae.
190 806 262 877 Sed
295 807 485 877 sacrificuli
518 807 662 894 dicunt,
699 816 978 891 εοιιιειιειιιιιι,ἶ
997 808 1036 877 id
1188 803 1262 879 Alii
1288 805 1467 891 linxerunt
1490 802 1582 873 ritus
1604 823 1680 872 esse
1700 825 1824 893 opera,
1852 827 1943 898 quae
1962 832 2075 880 mere-
2196 820 2201 827 “

82 919 113 991 ι,
140 907 291 979 facimus
315 907 447 980 virtute
473 909 665 981 verborum
688 910 922 982 mutationem
949 910 1036 981 sult-
1082 914 1208 978 centur
1222 907 1466 977 remissionem
1483 916 1718 995 peccatorum.
1755 901 1804 975 Et
1816 901 1888 976 hac
1905 910 2076 999 opinione
2117 966 2122 975 .

82 997 203 1082 antiae.
590 1028 595 1041 ·
738 996 757 1031 “’
873 1038 876 1043 ·
1083 1010 1313 1081 cumularunt
1327 1009 1392 1081 illa
1410 1029 1536 1099 opera,
1561 1019 1596 1076 et
1613 1027 1687 1076 non
1711 1007 1827 1077 solum
1846 1031 1956 1079 novas
1978 1028 2074 1085 cert-

141 1113 255 1181 Adest
276 1124 393 1183 autem
407 1107 585 1183 ¹Christus
607 1133 672 1185 suo
688 1111 937 1199 Sacramenta,
958 1136 1033 1184 non
1083 1112 1242 1196 moriat,
1270 1112 1333 1180 sed
1364 1109 1468 1181 etiam
1500 1131 1593 1178 nova
1617 1106 1768 1179 numina
1788 1122 1822 1179 et
1845 1134 1959 1182 novos
1979 1110 2074 1187 Deos

82 1211 123 1280 iia
144 1215 433 1285 sacerdos·laciat
456 1215 508 1285 ihi
530 1217 795 1299 mutationem,¹
808 1228 869 1286 aut
886 1217 969 1310 quia
988 1218 1033 1287 sit
1082 1215 1378 1303 excogitaverunt.

82 1314 145 1382 sin
163 1317 281 1384 verbis
298 1330 438 1387 mutans
453 1340 526 1402 res,
553 1319 613 1387 sed
640 1319 724 1412 quia
748 1319 937 1388 liberrime¹
952 1319 1042 1389 vult·
1181 1314 1242 1387 Sic
1266 1310 1449 1384 Pharisaei
1475 1311 1648 1402 putabant
1670 1334 1707 1380 se
1731 1313 1860 1382 mereri
1890 1317 2071 1403 remissio·

82 1430 157 1485 esse
184 1418 270 1489 ritui
302 1440 408 1512 quem
442 1418 616 1499 instituit,
656 1420 748 1490 sieut
770 1420 925 1512 Spiritus
950 1442 1032 1489 san·
1079 1440 1161 1505 nem
1189 1417 1263 1487 suis
1287 1417 1483 1499 sacrificiis,
1517 1428 1561 1497 et,
1582 1413 1754 1483 iubebant
1775 1415 1946 1506 populum
1968 1442 2071 1511 saepe

82 1540 115 1586 rs
132 1518 313 1589 liberrime
328 1522 424 1592 adest
444 1521 721 1612 in¹baptisando.
803 1540 807 1549 ·
907 1530 912 1553 ⁹
1080 1518 1195 1605 lacere
1227 1518 1477 1604 mactationes,
1522 1528 1563 1586 ut
1596 1509 1665 1583 hoc
1695 1517 1801 1584 modo
1835 1531 1974 1609 peccata
2006 1524 2071 1592 de-

1004 1660 1007 1665 ·
1078 1618 1249 1695 letentur.

82 1715 153 1814 ιύχὶ
171 1718 350 1795 κοινωνία
364 1726 434 1795 τοῦ
448 1720 605 1825 αἵματρς
620 1726 691 1797 τοῦ
702 1718 1002 1823 Χριστοῦἒστὶγ.
1180 1720 1228 1791 Ηί
1242 1745 1377 1792 errores
1393 1722 1507 1813 vagati
1523 1735 1606 1793 sunt
1619 1722 1657 1790 in
1674 1739 1801 1811 genere
1817 1712 1973 1791 humano
1989 1744 2066 1793 om·

141 1874 178 1939 io
198 1888 265 1953 m,
290 1886 344 1944 est
360 1872 420 1941 ina
439 1898 493 1942 res
508 1890 649 1945 externa
666 1876 837 1965 venun,
862 1901 931 1970 qua
948 1858 1030 1947 tan.
1077 1824 1185 1893 ΝΜ
1204 1827 1388 1898 attubus

82 1974 113 2041 is
129 1972 275 2041 Domini
294 1972 400 2044 nubis
418 1969 618 2049 exhibetur.
720 2018 723 2023 ·
904 2064 911 2075 Ι

136 2074 194 2145 Sic
207 2076 308 2166 panis
323 2072 430 2168 quein
443 2072 652 2167 frangimus,
668 2094 719 2149 est
737 2080 797 2155 illa
815 2102 870 2149 res
884 2094 1026 2151 externa

82 2176 209 2261 sibilis,
237 2202 305 2269 qtra
328 2170 501 2248 efficimur
525 2181 611 2249 socii
636 2184 844 2255 set-membra
867 2184 1027 2273 corporis

82 2279 183 2351 tristi.
234 2278 335 2349 Sicut
359 2276 769 2373 dicitursEvangclinm
794 2296 846 2353 cst
867 2285 1025 2374 potentia

82 2380 121 2483 ei,
145 2380 180 2449 id
198 2395 264 2467 est,
291 2381 352 2448 illa
370 2404 425 2450 res
440 2404 501 2451 seu
518 2382 816 2470 instrumentum,
842 2410 913 2478 quo
930 2385 1026 2457 Dens

82 2482 238 2554 :silicam
891 2548 895 2555 .

136 2582 330 2654 Recentior
364 2598 457 2653 aetas
493 2581 748 2657 monachornm
779 2589 1024 2673 linxittrans-

82 2685 337 2767 hstantionem,
364 2711 470 2773 qsram
491 2689 537 2757 ita
563 2714 657 2758 novo
676 2690 822 2759 nantino
837 2716 1025 2781 nuncupa-

82 2799 138 2872 nt,
174 2790 218 2855 de
248 2811 317 2879 qaia
342 2787 548 2881 priusquam
574 2792 676 2873 dico,
703 2796 876 2885 quaedam
901 2797 945 2863 dc
967 2819 1023 2864 ra·

84 2913 131 2956 ne
150 2888 458 2957 sacramentorum
474 2892 624 2960 dicenda
641 2908 734 2961 sunt.
841 2970 844 2975 ,

134 2990 313 3058 Exordiar
327 3005 444 3060 antem
463 3016 481 3059 a
502 2993 616 3076 primo
633 2994 748 3063 initio.
856 2982 860 2987 ⁵

138 3088 294 3160 Ecclesia
307 3090 373 3160 Dei
390 3092 571 3180 colligitur
582 3120 665 3161 vnce
680 3097 1023 3182 promissionis-inde

82 3216 145 3286 pue
169 3194 213 3260 ah
240 3195 362 3278 initio,
401 3219 482 3262 merx
509 3211 584 3284 post
612 3198 740 3265 editam
766 3200 914 3287 prienam
942 3226 1022 3287 pro-

83 3296 257 3373 ssionem,
294 3320 361 3385 qna
391 3298 519 3383 recepti
546 3310 628 3365 scint
652 3296 824 3393 Adamet
847 3300 941 3369 Eva:
983 3327 1023 3371 ac

83 3422 171 3485 oper
198 3398 335 3465 addidit
364 3398 590 3483 promissioni
616 3396 710 3467 Dens
743 3417 882 3471 externa
912 3404 1021 3487 signa.

114 3502 158 3567 sle
185 3499 294 3585 signis
319 3512 399 3565 aute
431 3500 608 3589 ‹lilnvium
641 3526 713 3569 rann
749 3504 859 3571 multa
893 3506 1020 3594 scripta

82 3615 126 3670 tt.
179 3604 247 3671 sed
272 3618 390 3669 tamen
415 3600 553 3691 signnm
578 3618 651 3671 erat
677 3603 749 3695 ipsa
776 3606 856 3695 agni
880 3606 1021 3679 innom-

82 3704 153 3773 tlltt.

1178 1925 1229 1995 lta
1253 1920 1508 1996 circumferunt
1531 1922 1690 2015 Papistae
1721 1944 1868 2012 panem,
1909 1936 1944 1994 et
1968 1926 2066 1997 allia*¹

1076 2040 1176 2099 mant
1196 2051 1271 2097 esse
1292 2023 1422 2101 Deum.
1482 2022 1530 2097 Et
1553 2027 1597 2095 de
1624 2022 1756 2107 Missa,
1790 2025 1835 2092 de
1857 2028 2084 2097 monasticis

1068 2128 1204 2213 ‚ritibus
1221 2131 1406 2213 dixerunt,
1433 2122 1521 2205 haec
1543 2147 1651 2217 opera
1674 2125 1804 2194 mereri
1817 2126 2062 2199 remissionem

1076 2244 1309 2321 peccatorum.
1361 2228 1409 2298 Et
1422 2230 1573 2320 populus
1591 2224 1656 2297 hac
1669 2227 1896 2316 persuasione
1912 2228 2063 2299 lasciua-

1076 2349 1148 2419 tus,
1184 2355 1309 2421 magna
1343 2332 1493 2424 pecunia
1522 2328 1696 2399 cumulari
1725 2328 1812 2398 tales
1846 2331 2063 2401 ceremonias

1074 2435 1220 2507 curavit.

1174 2534 1250 2605 Hos
1275 2550 1385 2610 tetros
1409 2556 1546 2605 errores
1569 2553 1708 2603 necesse
1725 2529 1830 2600 estin
1849 2529 1886 2598 in
1903 2524 2060 2604 Ecclesia

1073 2640 1194 2709 taxari.
1269 2634 1319 2711 Et
1356 2638 1516 2706 videmus
1549 2628 1744 2725 Prophetas
1778 2632 1994 2721 gravissimis
2025 2647 2060 2705 ct

1072 2741 1273 2831 asperrimis
1297 2738 1527 2831 concionibus
1548 2730 1615 2807 hos
1636 2736 1775 2805 iurares
1797 2736 1986 2821 damnare,
2018 2749 2060 2806 ut

1073 2840 1200 2912 Psalm.
1217 2842 1297 2923 aa:
1327 2840 1407 2912 Non
1423 2840 1462 2907 in
1479 2838 1657 2909 sacrificiis
1671 2835 1742 2906 tuis
1758 2858 1900 2925 arguam
1916 2849 1962 2905 te.
2009 2830 2059 2908 Et

1072 2942 1202 3013 lesaiae
1229 2948 1275 3023 1.Ι
1298 2938 1346 3013 Et
1367 2942 1491 3017 leram.
1507 2938 1563 3011 7.:
1594 2938 1676 3009 Non
1701 2937 1862 3028 praecepi
1884 2938 1929 3005 de
1953 2931 2058 3008 holo-

1070 3047 1216 3133 caustis„
1245 3047 1308 3115 ubi
1325 3058 1418 3113 certe
1438 3042 1578 3131 ludaeis
1596 3039 1784 3109 videbatur
1799 3032 1981 3128 Propheta
1998 3062 2058 3108 ex-

1070 3172 1187 3239 presse
1209 3136 1370 3240 pugnare
1394 3168 1474 3215 cum
1496 3144 1581 3233 lege'.
1640 3138 1688 3211 Et
1704 3134 1819 3210 Oscae
1835 3138 1886 3209 6.:
1913 3136 2060 3209 Miseri·
2096 3174 2105 3201 0

1069 3250 1230 3347 cordiam
1257 3249 1356 3331 volo,
1398 3270 1472 3315 non
1501 3242 1736 3315 sacrificium:
1776 3258 1810 3311 et
1839 3240 2056 3329 agnitionem

1069 3334 1264 3441 Dii'rnagis
1281 3373 1385 3445 apuam
1403 3342 1618 3421 holocausta.

1142 3444 1148 3453 ’
1168 3438 1335 3546 Denique¹
1347 3440 1473 3539 passim
1492 3442 1529 3516 in
1550 3440 1736 3539 Prophetis
1754 3442 1879 3512 obviae
1895 3456 1977 3519 sunt
2002 3456 2057 3515 ta-

1068 3554 1339 3641 les-conciones,
1404 3549 1499 3619 Haec
1526 3573 1610 3639 uero
1634 3549 1711 3617 loca
1734 3559 1935 3615 tantum-eo
1956 3545 2055 3613 indi-

1066 3652 1144 3725 'cav'i
1162 3712 1179 3743 ,Ι
1205 3672 1242 3727 ιιι
1271 3658 1332 3723 illa
1358 3650 1474 3745 vetera
1498 3650 1689 3720 certamina
1710 3648 1868 3715 iuniores
1892 3646 2055 3716 conside·

185 3820 193 3836 .
501 3820 509 3836 .
549 3821 557 3838 .
1069 3748 1225 3837 rent‚'et
1243 3772 1433 3847 agnoscant
1450 3754 1578 3822 similia
1595 3774 1670 3819 esse
1687 3746 1936 3837 praesentium.

129 3818 267 3887 Di'n‘iss
292 3843 582 3935 ‘¹¹“l'l'r⁰m¹⁵⁵¹⁰
613 3840 778 3895 '‘mm‘'
803 3839 871 3909 ‘⁸¹’
910 3842 1020 3899 “ll‘'
1169 3858 1324 3930 Reiectis
1340 3882 1421 3925 vero
1437 3856 1624 3930 abusibus,
1651 3864 1745 3920 extet
1759 3849 1797 3919 in
1812 3844 1968 3918 Ecclesia
1986 3846 2054 3916 do-

82 3923 149 3995 ἰὼ
175 3927 231 4041 ad,
244 3920 688 4039 9¹'⁵'‘³¹]'¹‘⁴¹⁸“¹fibrih‘oe’
714 3929 874 4005 addim-'¹¹
898 3943 950 3999 ‘⁵²
972 3932 1016 4000 ³5·
1066 3961 1178 4031 ctrina
1197 3985 1283 4051 pura
1299 3974 1333 4030 et
1347 3960 1482 4046 integra
1500 3959 1544 4024 de
1560 3953 1697 4023 iusticia
1714 3950 1807 4033 lidei,
1833 3950 1928 4041 qnod
1945 3943 2053 4017 homo

82 4051 158 4105 Μ’
184 4028 565 4094 ⁵⁰¹¹¹⁰⁰¹⁶¹r⁰¹¹m⁰¹⁵¹Q
1067 4064 1211 4153 accipiat
1247 4061 1489 4132 remissionem
1524 4069 1764 4146 peccatorum,
1809 4063 1843 4119 et
1870 4062 2053 4139 reputetur

130 4140 173 4211 Et
195 4144 361 4230 deinceps
380 4141 416 4207 in
436 4144 646 4211 ceremoniis
661 4143 829 4214 Las'iticis
846 4149 956 4218 multa
972 4151 1018 4217 si·-
1068 4166 1179 4235 5113ffls
1205 4164 1275 4234 fide
1299 4146 1442 4257 probior
1464 4160 1576 4228 filium
1600 4156 1670 4227 Dei
1690 4150 1833 4248 gratis,
1866 4173 1941 4219 non
1967 4172 2052 4238 pro.

82 4245 275 4325 olnernnt,
302 4245 467 4311 rrsactatio
486 4246 565 4331 agni
587 4243 762 4315 Priscatos.
816 4244 861 4317 Et
885 4264 1019 4339 postre-
1068 4283 1143 4359 pres
1161 4267 1340 4357 propriam
1359 4260 1589 4353 dignitatem,
1616 4280 1744 4347 opera,
1772 4266 1833 4323 aut
1850 4253 2009 4325 virtutes,
2092 4312 2106 4329 ,

82 4359 195 4435 ¹P⁰⁵l
218 4348 408 4413 adtentum
430 4343 599 4429 Mffil‘ffla
626 4345 826 4438 B'Pll⁵m¹¹⁸
849 4350 1018 4422 ‘leiim
1169 4370 1311 4438 Deinde
1344 4368 1525 4435 sciendum
1560 4375 1629 4443 est,
1659 4361 1756 4443 {duos
1788 4377 1861 4424 esse
1899 4354 2053 4444 potiores

85 4449 187 4519 mini·
1003 4500 1007 4511 ·
1066 4474 1153 4540 lines
1177 4470 1500 4540 sacramentorum.
1560 4464 1662 4531 Alter
1684 4474 1760 4543 est,
1790 4468 1831 4525 ut
1858 4457 1930 4527 sint
1952 4457 2052 4545 signa

126 4563 177 4633 lta
192 4562 347 4632 Ecclesia
365 4585 502 4653 semper
530 4590 615 4635 voce
640 4567 885 4657 promissionis
904 4583 937 4639 et
952 4569 1014 4640 Sa·
1067 4571 1328 4641 l’romissionis.
1380 4569 1499 4645 Alter,
1524 4576 1564 4632 ut
1586 4564 1657 4633 sint
1679 4561 1777 4649 signa
1800 4557 2055 4641 confessionis,

82 4667 216 4735 mentis
241 4666 428 4732 constituta
458 4681 527 4746 est,
567 4683 601 4735 ct
632 4692 651 4736 u
681 4670 826 4737 caeteris
855 4672 1018 4759 gentibus
1066 4690 1098 4741 et
1118 4672 1338 4761 distinguant
1359 4667 1551 4765 Ecclesiam
1570 4662 1637 4734 Dei
1663 4686 1683 4731 a
1707 4661 1852 4731 cacteris
1874 4661 2051 4748 gentibus.

86 4769 195 4838 tincta
204 4818 215 4850 ,
244 4781 278 4836 et
297 4765 419 4835 Patres
436 4780 468 4835 et
482 4764 712 4857 Prophetae,·
727 4784 760 4862 et
778 4796 901 4839 eorum
916 4774 1016 4843 audi·
1066 4772 1114 4844 ttt
1131 4772 1355 4871 circumcisio
1367 4771 1519 4861 primum
1544 4779 1617 4845 erat
1633 4766 1773 4856 signum
1801 4759 2054 4852 promissionis.

82 4893 124 4938 es
160 4869 208 4959 pii
242 4884 275 4937 et
309 4866 441 4936 eruditi
470 4868 722 4941 intellexerunt
752 4873 950 4943 doctrinam
974 4876 1018 4943 de
1065 4872 1156 4944 Nam
1179 4862 1369 4967 promissio
1388 4872 1469 4940 iacit
1491 4868 1707 4938 mentionem
1734 4864 1889 4935 seminis.
1943 4858 2054 4979 lgitnr

81 4969 424 5057 ›missionegratiae
452 4983 485 5038 et
509 4971 596 5054 lide,
638 4984 673 5041 et
695 4996 777 5041 vero
803 4997 871 5043 usu
898 4975 1018 5063 signo·
1067 4978 1167 5046 inea
1199 4988 1298 5061 parte
1330 4975 1469 5062 signum
1501 4971 1701 5039 institutum
1727 4981 1791 5038 est.
1859 4960 2052 5078 Atquesta

82 5098 120 5142 n.
184 5070 255 5141 Sed
289 5094 415 5159 magna
452 5071 645 5143 multitudo
680 5096 818 5165 semper
849 5079 1017 5146 omnihus
1045 5078 1307 5149 'testimoninm
1326 5090 1377 5146 est
1399 5072 1640 5143 devolnotate
1658 5066 1725 5139 Dei
1744 5088 1825 5155 erga
1845 5085 1931 5148 nos,
1965 5074 2055 5132 secut

83 5175 201 5243 atibus
217 5173 326 5241 oblita
344 5185 394 5242 est
411 5172 593 5242 doctrinae
607 5175 652 5243 de.
667 5176 901 5265 promissione
924 5190 957 5246 et
974 5180 1018 5247 de
1065 5181 1140 5271 ipsa
1158 5178 1358 5272 promissio.
1407 5172 1456 5246 Ει
1478 5186 1570 5243 recte
1594 5170 1711 5263 inquit
1726 5166 1962 5255 Augustinus:
1990 5161 2057 5236 Sa·

85 5275 169 5346 ticio
184 5275 290 5358 fidei,
318 5285 351 5344 et
372 5274 554 5363 signorum
569 5298 672 5346 usum
686 5275 809 5347 multis
822 5278 939 5348 modis
953 5281 1017 5349 de·
1065 5292 1285 5352 oramentnm
1301 5292 1353 5350 est
1367 5279 1515 5347 verbum
1532 5274 1690 5350 visibile,
1718 5270 1754 5337 id
1773 5280 1838 5350 est,
1864 5267 1959 5335 idem
1978 5290 2056 5333 mo-

1065 5396 1127 5456 net
1143 5384 1238 5478 quod
1259 5380 1468 5473 promissio,
1494 5378 1553 5443 sed
1571 5373 1724 5444 incurrit
1746 5370 1786 5439 in
1807 5370 1949 5452 oculos,
1976 5390 2057 5437 cum

1478 5472 1561 5546 70*
