4522 5782
109 190 208 268 1³⁷⁹
693 185 823 264 Ptin.
848 183 968 262 MEL.
995 181 1208 261 SCRIPTA
1230 182 1535 265 mastica
2065 193 2150 266 138⁰
2192 178 2194 187 ’

113 360 305 444 tentionis,
332 383 421 456 quac
437 360 654 434 damnantur
675 360 844 431 omnibus
866 359 989 447 dictis,
1015 381 1106 453 quac
1158 361 1285 436 crucis.
1324 356 1589 456 Tonc'qnoque
1604 359 1746 433 animus
1762 375 1958 435 contentus
1976 361 2042 448 sit,
2065 362 2149 434 inita

114 466 337 564 praecipiunt
361 464 563 549 veritatem,
600 477 636 534 et
657 456 850 555 prohibent
870 460 1110 542 mendacium.
1161 461 1252 534 illud
1272 465 1304 536 l.
1319 464 1421 561 Petri
1437 459 1489 536 5.:
1523 459 1777 537 Humiliamioi
1800 467 1869 536 sub
1889 464 2031 560 potenti
2054 490 2149 535 manu

112 573 213 639 iuxta
231 569 339 636 illud:
366 562 447 636 Non
464 565 561 637 dicas
573 566 701 635 falsum
717 565 970 636 testimonium.
995 558 1110 655 Ephe.
1160 563 1249 652 Dei,
1275 579 1310 637 et
1326 581 1420 659 petat
1434 564 1693 655 mitigationem
1709 588 1730 638 a
1745 564 1834 640 Deo.

119 669 173 742 4.:
198 668 425 763 Deponentes
442 669 686 747 mendacium,
709 667 900 759 loquimini
916 667 1110 737 veritatem.

118 771 168 844 Et
184 772 323 862 regulas
338 771 443 840 etiani
460 792 668 862 sequamur:
698 765 880 858 Fugienda
892 770 1110 839 consuetudo

119 874 205 946 salsa
237 873 459 955 docentium,
497 871 594 943 iuxta
622 872 756 939 dictum
786 871 816 945 l.
839 866 1004 944 Corinth.
1038 864 1110 945 15.:

121 976 365 1066 Corrumpunt
381 974 494 1043 bonos
517 997 631 1042 mores
654 973 829 1064 colloquia
852 997 970 1065 prava.
1023 969 1112 1042 ltem
1266 987 1817 1082 Tandemrepetitpraeceptum
1839 992 2039 1063 deluenda
2065 997 2151 1087 puri.

122 1076 240 1148 Lucae
285 1075 519 1146 duodecimo:
572 1073 702 1146 Cavete
739 1076 952 1147 fermentum
986 1069 1113 1145 Phari·
1166 1105 1237 1163 me
1267 1091 1453 1175 domina,
1501 1106 1535 1162 et
1564 1093 1686 1162 misces
1710 1094 1864 1165 dicium:
1917 1085 2059 1165 Coram
2079 1093 2153 1167 Deo

121 1202 297 1249 saeorum.
1167 1192 1234 1291 qui
1255 1187 1414 1282 vivificat
1435 1190 1573 1265 omnia.
1625 1192 1723 1263 Haec
1746 1197 1921 1287 particula
1945 1200 2096 1288 pertinet
2115 1203 2151 1267 ad
2178 1276 2180 1281 ,

81 1310 84 1315 ’
1169 1295 1386 1376 doctrinam,
1414 1320 1503 1390 quae
1521 1296 1675 1366 traditur
1696 1297 1734 1363 iu
1758 1299 1988 1368 enarratione
2015 1302 2152 1394 symboli

175 1402 370 1503 Magnum
388 1403 530 1485 lucrum
551 1416 602 1478 est
616 1404 738 1504 pietas
753 1429 832 1477 cnm
849 1402 1065 1505 αὐταρκείᾳ,
1169 1401 1215 1468 de
1232 1398 1427 1481 creatione,
1451 1399 1545 1490 quod
1569 1398 1733 1468 videlicet
1748 1395 1843 1468 Deus
1866 1424 1945 1470 nou
1969 1402 2153 1472 discesserit

1170 1527 1189 1570 a
1210 1501 1317 1569 rebus
1340 1499 1513 1582 conditis,
1542 1499 1631 1569 sicut
1655 1500 1802 1570 discedit
1822 1502 1924 1572 faber
1944 1527 1964 1570 a
1984 1505 2065 1572 navi
2081 1528 2153 1573 con·

227 1597 291 1668 Bis
306 1622 389 1670 usus
409 1612 461 1669 est
482 1599 656 1668 vocabulo
676 1597 872 1686 Quaestus,
895 1598 1051 1689 primum
1075 1598 1119 1666 de
1170 1615 1323 1686 structa,
1356 1605 1417 1670 sed
1444 1623 1583 1690 semper
1606 1613 1778 1672 sustentet
1808 1626 1883 1686 res,
1926 1606 2043 1674 donec
2069 1621 2151 1676 sont:

126 1702 278 1792 aucupio
301 1702 469 1795 loquens,
495 1715 530 1771 et
551 1714 673 1770 taxans
695 1701 823 1792 impios
841 1700 1024 1782 homines,
1058 1698 1119 1792 qui
1172 1703 1363 1796 etquidem
1378 1714 1550 1774 sustentet
1566 1701 1758 1773 liberrime.
1790 1701 1843 1774 lta
1862 1705 1996 1775 dicitur
2014 1708 2053 1775 in
2071 1706 2151 1776 Actis

126 1805 334 1893 religionem
354 1804 514 1897 quaestui
529 1798 672 1882 habent,
698 1804 794 1895 quod
809 1826 946 1895 semper
960 1801 999 1870 in
1015 1825 1121 1871 mun·
1173 1807 1297 1899 capite.
1317 1804 1392 1877 17.:
1418 1803 1459 1875 ln
1478 1804 1554 1895 ipso
1576 1827 1720 1890 sumus,
1744 1805 1901 1876 vivimus
1917 1821 1951 1878 et
1975 1833 2152 1880 movemur.

127 1910 175 1978 do
194 1906 362 1976 usitatum
381 1920 443 1977 est.
495 1903 619 1975 Postea
642 1906 793 1996 opponit
815 1906 921 1974 aliam
945 1905 1122 1993 significa·
1174 1907 1262 1979 ltem
1271 1958 1283 1992 ,
1309 1906 1428 1978 Lucae
1447 1909 1521 1979 ia:
1552 1902 1637 1976 Duo
1653 1928 1808 1997 passeres
1831 1930 1908 1977 asse
1932 1925 2101 1993 veneunt,
2123 1924 2150 1977 et

123 2008 262 2096 tionem
282 2007 458 2092 vocabuli,
481 2005 659 2100 inquiens,
686 2006 894 2095 religionem
913 2028 1034 2076 revera
1049 2027 1122 2075 esse
1174 2033 1269 2079 unus
1284 2033 1324 2080 ex
1342 2009 1415 2079 illis
1429 2031 1503 2079 non
1519 2008 1612 2079 cadit
1627 2022 1875 2098 superterram
1895 2011 1976 2078 sine
1994 2024 2087 2101 patre
2100 2035 2148 2078 ve-

128 2133 297 2200 maguum
313 2109 470 2193 lucrum,
497 2111 593 2201 quod
617 2133 658 2205 co
681 2109 829 2194 dicitur,
855 2131 930 2178 non
945 2109 1044 2204 quod
1061 2132 1123 2176 ve·
1175 2125 1261 2186 stro.
1315 2107 1432 2180 Vestri
1445 2123 1562 2181 autern
1578 2110 1699 2200 capilli
1714 2111 1838 2203 capitis
1852 2136 1980 2181 omnes
1994 2113 2147 2183 numerati

129 2213 174 2284 lit
189 2234 263 2281 esse
277 2212 459 2297 venalem,
484 2212 545 2283 sed
562 2211 645 2304 quia
662 2211 739 2281 vult
751 2210 921 2300 intelligi,
947 2223 1040 2280 recte
1057 2203 1124 2278 lia-
1176 2227 1268 2284 sunt.
1321 2212 1432 2295 Item,
1458 2210 1599 2281 Psalmo
1620 2210 1719 2284 144:
1756 2210 1829 2301 Qui
1852 2216 1914 2284 dat
1940 2216 2150 2307 escamipso·

128 2314 230 2385 beuti
257 2336 334 2382 eam
363 2336 429 2405 per
455 2335 528 2383 sese
558 2313 695 2384 honum
725 2326 907 2382 aeternnm
939 2334 1032 2395 esse,
1065 2308 1123 2379 cui
1175 2340 1278 2401 rum,
1303 2329 1335 2386 et
1352 2314 1460 2406 pullis
1473 2337 1661 2385 corvorum
1677 2315 1930 2387 invocantibus
1945 2341 2042 2389 euin.

128 2413 227 2486 Deus
257 2416 362 2485 etiam
389 2415 489 2485 addit
519 2416 612 2483 bona
648 2415 864 2504 corporalia,
905 2415 1001 2483 iuxta
1034 2413 1121 2480 illud

129 2511 305 2589 Matthaei
332 2515 388 2591 6.:
426 2514 588 2586 Primum
613 2516 769 2610 quaerite
793 2539 940 2606 rognum
972 2511 1057 2598 Dei,
1091 2526 1125 2582 et
1277 2499 1380 2573 Hanc
1395 2503 1543 2572 liberam
1560 2502 1793 2594 praesentiam
1811 2517 1845 2574 et
1862 2502 2082 2576 voluntatem
2095 2499 2151 2569 Ilei

132 2633 267 2690 caetera
291 2617 505 2688 adiiciamus
528 2617 640 2688 vobis.
700 2615 806 2700 leem,
836 2621 867 2689 1.
886 2610 1046 2688 Timosh.
1067 2611 1123 2686 4.:
1177 2606 1483 2695 cogitarenecesse
1499 2618 1549 2675 esc
1565 2606 1603 2672 in
1622 2605 1721 2673 omni
1736 2606 1986 2686 invocatione,
2012 2606 2088 2699 quia
2102 2603 2152 2696 qui

131 2720 250 2792 Pietas
276 2715 386 2790 habet
415 2719 667 2812 promissiones
696 2720 889 2812 praesentis
920 2732 953 2790 et
985 2719 1125 2788 futurae
1177 2708 1332 2779 retinent
1345 2706 1633 2796 imaginatione&
1660 2731 1749 2800 qnae
1773 2708 1915 2797 fingunt
1935 2721 2094 2779 naturam
2112 2704 2152 2772 tlt

134 2824 241 2893 vitae.
1177 2809 1263 2880 lerri
1278 2810 1354 2880 sine
1370 2806 1466 2893 Deo,
1492 2822 1552 2878 aut
1566 2805 1682 2878 Deum
1697 2811 1742 2878 ad
1759 2831 1879 2880 causas
1903 2812 2077 2881 secundas
2088 2805 2152 2877 alli·

1059 2973 1068 2991 ,
1178 2925 1297 3002 gotum
1315 2933 1407 2996 esse,
1433 2934 1508 2987 uon
1524 2910 1693 2981 invocant
1709 2907 1846 2992 Deum,
1872 2913 1937 2982 sed
1953 2908 2148 2982 contumelia

206 2978 211 2986 .
237 2972 350 3044 Addit
363 2985 502 3059 autem,
528 2973 577 3044 sic
593 2997 665 3044 esse
688 2973 849 3060 lucrum,
872 2985 914 3045 ut
928 2987 1004 3044 tum
1022 2987 1126 3091 etiam
1179 3036 1260 3084 eum
1281 3011 1471 3097 adficiunt,
1500 3026 1541 3084 ut
1557 3007 1726 3102 Epicurei
1747 3027 1808 3085 aut
1832 3011 1959 3085 stoici,
2012 3013 2076 3084 Ηῑς
2097 3011 2153 3079 im.

136 3088 298 3169 ⁰9⁰¹¹⁸³¹
312 3098 378 3146 ¹¹⁰⁸
402 3100 511 3166 ΡΜ
535 3088 720 3147 ⁶⁰¹¹¹e¹¹l⁰⁸
742 3098 835 3161 ‘me’
873 3089 908 3146 ει
929 3075 1073 3170 quidem
1097 3098 1127 3144 ⁸¹
1178 3115 1248 3207 piis
1273 3114 1545 3204 cogitationibus
1573 3113 1657 3183 fides
1685 3138 1816 3205 magno
1838 3116 1967 3185 labore
1991 3123 2155 3206 repugnet.

137 3178 264 3250 ⁰rd¹⁰e
294 3201 511 3263 vwmmm’
553 3193 678 3249 'mum
717 3201 827 3269 pam
861 3190 1026 3249 mntem
1055 3199 1129 3296 “ie
1179 3213 1227 3289 Et
1242 3213 1328 3287 haec
1343 3240 1460 3308 pugna
1477 3217 1516 3285 in
1532 3215 1739 3309 quotidiana
1760 3218 1992 3288 invocatione
2009 3214 2156 3287 discenda

138 3294 268 3374 9⁰⁵⁵&
319 3278 390 3351 Sed
413 3294 588 3369 augentur
605 3293 743 3350 ‘mmm
768 3280 891 3351 ’Μὴ
912 3280 1129 3398 ⁸t⁰¹¹i⁵⁸imf⁸
1180 3334 1242 3392 est.
1297 3316 1354 3389 Ad
1371 3321 1519 3389 eandem
1537 3316 1736 3389 doctrinam
1759 3319 1913 3410 pertinet
1928 3320 2064 3390 dictum
2077 3317 2156 3385 inlra

139 3381 273 3467 Μὴ
297 3405 387 3475 ‘¹¹¹³‘
403 3383 694 3501 ‘lsacullifibu'’
722 3395 756 3452 εἰ
777 3383 958 3468 ''mum'’
992 3395 1027 3452 εἰ
1050 3407 1129 3450 ³⁰¹²
1181 3419 1336 3514 positum
1360 3423 1391 3491 1.
1417 3415 1578 3493 Timoth.
1600 3419 1651 3490 6.:
1689 3419 1839 3510 sperent
1862 3421 1902 3489 in
1917 3418 1998 3491 Deo
2022 3421 2157 3497 vivente,

138 3506 241 3568 mae,
267 3495 302 3552 et
316 3481 594 3574 Rebuspublicis
610 3496 752 3557 nocent.
800 3481 855 3552 Ac
876 3481 1009 3554 Paulus
1034 3496 1130 3554 taxat
1181 3536 1215 3594 e,
1228 3523 1419 3615 praebente
1434 3522 1538 3592 nobis
1559 3522 1678 3592 omnia
1696 3524 1741 3592 ad
1756 3523 1966 3608 fruendum,
1993 3523 2057 3608 ubi
2069 3520 2157 3592 epam

139 3581 229 3657 haec
249 3583 353 3665 vitia,
388 3586 634 3676 profusiones,
668 3584 892 3675 rapacitates,
928 3585 1129 3658 avaritiam.
1181 3637 1329 3697 testatur
1357 3624 1491 3694 victum
1521 3625 1625 3694 nobis
1651 3648 1672 3694 a
1691 3621 1768 3695 Deo
1797 3626 1897 3711 dari,
1938 3628 2002 3697 sed
2025 3622 2100 3696 dari
2123 3621 2157 3690 ad

141 3685 328 3806 Pmie‘ei
367 3711 447 3757 ⁰⁰¹⁰
485 3678 918 3807 ⁰⁰mi⁰³l.“.¹3w'l’²⁶‘⁰⁶l'’
958 3688 1035 3759 ΝΗ
1065 3710 1131 3758 ¹¹⁰⁸
1182 3729 1392 3814 lrueuddm,
1426 3726 1555 3811 idest,
1588 3727 1633 3796 ad
1657 3750 1759 3798 usum
1782 3727 2055 3801 convenientem
2071 3738 2158 3796 natu-

142 3789 289 3860 obedire
305 3811 345 3857 in
361 3812 480 3876 cruce,
504 3813 545 3861 ac
559 3812 761 3861 meminisse
774 3790 972 3861 doctrinam
987 3791 1032 3860 de
1048 3814 1132 3882 pro·
1183 3852 1262 3922 m,
1288 3853 1363 3901 non
1378 3829 1422 3899 ad
1437 3828 1659 3921 profusiones
1672 3823 1900 3900 Antonianas
1915 3845 1981 3907 etc·

141 3890 353 3962 missionum
375 3892 612 3986 corporalium
630 3890 831 3979 intellectu,
857 3894 951 3986 quod
969 3892 1133 3962 videlicet
1762 3957 1764 3960 ,

145 3991 396 4086 intelligendae
414 3995 487 4068 sint
508 4019 588 4068 cuni
610 3995 814 4089 exceptione
834 3994 1072 4086 castigationis
1098 4006 1133 4064 et
1197 4047 1208 4056 -
1356 3988 1499 4067 Finis
1521 3993 1701 4093 primae
1727 3991 2001 4096 Epistulae.

1476 809 1669 915 Praecipio
1685 815 1757 889 libi
1775 827 1837 891 etc.
