4530 5776
183 163 282 259 nst
396 198 418 253 ,-
488 190 519 247 ,-
580 198 648 257 .,
774 149 1048 257 aurunco
1071 88 1658 265 maestamque-roas
1833 206 1861 267 .·.
1921 212 1943 273 ,
2126 157 2224 249 ten

189 363 260 415 tur.
278 368 283 373 ·
304 337 401 409 tun
416 334 509 409 enim
526 326 623 407 Deus
641 328 678 401 in
702 350 829 421 genere
853 324 1011 401 bumano
1034 329 1176 420 agnosci
1198 318 1203 355 ¹
1227 330 1399 413 visibilis,
1434 345 1468 403 et
1491 331 1665 424 praesidia
1688 334 1884 406 necessaria
1901 339 1949 407 -ad
1975 337 2220 411 defensionem

190 448 324 527 tilium,
357 440 448 510 sicut
464 436 584 528 inquit
598 435 641 507 ad
662 456 783 507 omnes
799 444 939 523 gentes„
966 431 1105 503 Psalmo
1123 432 1177 505 θα
1227 435 1338 524 regis,
1363 434 1501 525 legum,
1526 434 1744 507 iudiciorum
1761 451 1796 508 et
1814 442 1959 531 populi,
1984 455 2021 513 et
2035 464 2100 512 m
2118 437 2219 515 habes

193 541 416 619 Osculamini
440 539 565 607 lilium.
612 533 696 605 ldeo
716 535 793 605 vult
816 526 1009 603 Ecclesiam
1036 547 1071 603 et
1094 558 1180 603 con·
1228 549 1433 628 potestatem
1464 534 1552 628 legis
1573 536 1712 631 aliquas
1745 542 1941 625 condendi,
1980 558 2015 615 et
2040 546 2218 637 ambiguas

193 648 283 742 spici
306 660 341 716 et
367 640 527 711 exaudiri
550 650 735 709 sonantem
763 632 999 724 Evangelium
1025 639 1069 706 de
1088 636 1180 717 tilio,
1229 639 1496 733 interpretandi.
1538 634 1596 733 =Et
1613 640 1705 711 valet
1726 638 1972 735 interpretatio
1994 661 2145 739 propter
2169 670 2217 717 η.

193 757 283 823 sicut
305 747 475 839 scriptum
490 755 541 812 est
555 739 696 809 Psalmo
716 738 791 813 18.:
818 736 860 808 ln
883 762 1025 809 ornnem
1050 751 1181 811 terram
1229 742 1322 833 giam
1344 728 1582 815 autoritatem.
1715 730 1719 739 ’

2259 812 2263 843 Ι

194 853 304 926 exivit
325 868 434 919 sonus
456 866 594 915 eorum.
1332 855 1381 929 Ut
1403 857 1444 925 in
1466 879 1574 948 regno
1593 856 1735 932 Gallico
1758 876 1842 934 sunt
1867 864 1959 956 leges
1981 866 2022 939 in
2043 865 2215 961 aliquibu,
2258 906 2263 948 ¹

296 967 408 1059 Saepe
432 979 549 1035 autem
571 958 792 1049 horribiliter
811 981 976 1053 oppressa
1002 972 1036 1030 et
1057 960 1182 1028 obscu.
1231 959 1505 1030 circumstantiis
1535 961 1723 1032 dissimiles
1756 967 1802 1037 ab
1831 968 1980 1038 aliarum
2016 970 2214 1061 pomarum
2258 979 2264 1051 l

196 1091 272 1147 ΝΜ
295 1086 347 1143 0⁸1
369 1067 488 1159 ‘egnit
513 1063 728 1149 idolalrlcisss
760 1074 802 1131 1¹1
822 1056 949 1132 Esdiac
974 1063 1005 1129 1.
1036 1061 1183 1132 dicitur:
1232 1063 1389 1153 legibus,
1414 1074 1449 1131 et
1465 1061 1596 1133 iudicia
1617 1068 1806 1138 constituta
1827 1085 1911 1140 sunt
1934 1073 2038 1143 certis
2061 1072 2215 1171 personis
2258 1111 2263 1147 r

195 1178 275 1251 Nisi
291 1172 472 1247 Dominus
492 1166 693 1261 reliquisset
716 1163 821 1233 nobis
845 1184 982 1247 semen,
1009 1164 1100 1233 sicut
1117 1160 1185 1233 So·
1232 1182 1266 1238 et
1285 1164 1389 1236 locis:
1424 1186 1490 1232 nec
1517 1164 1600 1236 licet
1623 1162 2067 1243 Gallicas'controversias
2094 1176 2215 1243 reterre
2259 1214 2263 1253 2

198 1275 401 1351 domafacti
420 1292 584 1341 essemus.
635 1260 924 1341 nitescebat:
956 1265 1032 1335 Nisi
1056 1265 1185 1334 abbre·
1234 1270 1277 1337 ad
1303 1267 1433 1336 iudicia
1456 1264 1608 1340 aliorum
1633 1293 1835 1359 regnorum.
1904 1272 1969 1347 Est
1994 1290 2027 1345 et
2056 1301 2119 1345 rex
2140 1276 2217 1344 visi·
2261 1328 2263 1335 .

198 1382 285 1455 viati
306 1392 419 1451 essent
441 1370 478 1443 hi
503 1373 597 1453 dies,
621 1368 740 1440 omnis
763 1391 845 1436 caro
862 1368 1034 1460 periisset.
1068 1364 1116 1436 Et
1132 1380 1184 1435 ta-
1234 1370 1335 1448 bilis,
1363 1380 1396 1436 et
1414 1362 1472 1435 bic
1487 1370 1645 1440 munitus
1663 1387 1714 1443 est
1734 1378 1939 1453 necessariis
1961 1378 2163 1470 praesidiis,
2188 1390 2217 1448 et

197 1509 283 1557 meu
312 1476 483 1574 reliquiae
508 1484 699 1565 supersunt
720 1483 754 1543 et
784 1470 936 1539 subinde
967 1471 1186 1540 instauratur
1234 1470 1338 1542 habet
1358 1482 1566 1561 potestatem
1582 1473 1840 1565 interpretandi
1856 1479 1967 1568 leges,
1995 1494 2031 1551 et
2046 1480 2217 1550 condendi

196 1585 371 1669 Ecclesia,
397 1593 436 1651 ut
452 1574 577 1653 Esaiae
591 1572 652 1649 46.
675 1572 822 1643 dicitur:
857 1568 976 1642 Etiam
994 1572 1031 1640 in
1047 1583 1184 1641 senecta
1233 1574 1371 1665 aliquas
1387 1595 1510 1645 novas.
1539 1572 1628 1644 Tale
1643 1592 1695 1647 est
1711 1602 1858 1668 reguum
1875 1580 2217 1672 pontificisllomani.
2260 1634 2263 1647 ,

198 1689 341 1781 gestabo
364 1701 398 1755 te
421 1696 484 1753 etc.
537 1674 584 1748 Et
608 1672 734 1747 Esaiae
755 1666 834 1743 59.:
880 1670 959 1743 Hoc
983 1686 1034 1742 est
1063 1672 1186 1741 foedus
1234 1673 1323 1747 Tale
1341 1673 2218 1774 luitetregnumimpiorumpontificuminlgrggt,
2261 1740 2263 1747 ¹

200 1817 318 1863 meum
344 1811 424 1858 curn
450 1783 517 1867 eis,
560 1778 647 1849 dicit
670 1775 866 1855 Dominus,
908 1776 1054 1865 spiritus
1075 1797 1186 1859 meus,
1235 1776 1340 1847 Talia
1355 1799 1460 1867 regna
1479 1778 1517 1847 iu
1533 1774 1688 1851 Ecclesia
1704 1782 1808 1857 multi
1823 1787 1991 1857 omnibns
2005 1789 2218 1879 temporibus

200 1895 263 1989 qui
281 1904 328 1961 est
348 1890 384 1958 in
404 1900 456 1969 te,
482 1897 516 1954 et
534 1882 641 1951 verba
657 1901 732 1947 mea
748 1901 841 1974 qrrae
860 1878 963 1969 posui
980 1877 1017 1947 in
1034 1899 1094 1945 ore
1115 1891 1187 1959 tuo,
1236 1879 1472 1953 somniarunt,

201 2020 275 2067 non
302 1991 466 2063 recedent
482 1987 528 2057 ab
544 2006 605 2053 ore
623 1995 703 2063 tuo,
727 1995 761 2050 et
778 1981 901 2049 abore
918 1979 1062 2049 seminis
1080 1977 1131 2047 tui
1148 1978 1186 2046 in
1335 1994 1404 2066 Sed
1424 1997 1601 2069 discamus
1624 2002 1809 2089 fugiendae
1829 2030 1902 2076 me
1919 2004 1983 2079 hm
1999 2006 2221 2097 imaginatio.

201 2096 468 2188 “impilmum’
521 2084 629 2168 Μ’
653 2076 784 2199 Mfflh·
800 2082 884 2159 ²82²
909 2076 986 2171 1⁴:8⁰
1005 2081 1186 2198 V⁰bl⁸⁰¹¹f¹¹
1236 2121 1320 2183 nes,
1347 2112 1380 2166 et
1397 2093 1591 2171 Ecclesiam
1615 2107 1679 2175 etsi
1705 2108 1855 2179 visibilis
1878 2127 1948 2195 est,
1981 2127 2102 2183 tamen
2120 2110 2220 2179 dissi-

203 2225 280 2272 sum
313 2218 424 2288 usqne
453 2193 499 2261 ad
529 2197 868 2259 consummationem
896 2183 1019 2253 seculi.
1072 2180 1120 2253 Et
1149 2206 1187 2250 tn
1236 2201 1357 2271 mitem
1376 2203 1625 2295 esseimperiis
1641 2208 1803 2297 politicis.
1837 2210 1884 2282 Et
1901 2237 2006 2303 regna
2028 2215 2089 2284 illa
2105 2213 2220 2305 ponti·
2254 2234 2258 2247 ·

204 2300 364 2399 symbolo
382 2292 540 2389 quotidie
564 2284 632 2358 hoc
649 2286 872 2377 profitemur:
898 2282 1016 2403 Credo
1031 2307 1104 2355 esse
1118 2282 1189 2403 ἷξε·
1236 2303 1314 2372 ficia
1340 2301 1534 2390 significata
1556 2322 1659 2393 sunt,
1699 2318 1842 2402 quando
1866 2317 1960 2385 lilius
1986 2315 2054 2387 Dei
2079 2318 2221 2385 indutus
2255 2268 2258 2333 Ι

204 2405 343 2478 clesiam
360 2410 514 2469 sanctam
533 2386 755 2507 catholicam,
782 2387 899 2457 Credo
915 2400 1023 2475 igetur
1038 2408 1189 2477 promrs-
1237 2419 1289 2476 ω
1312 2429 1486 2496 purpura,
1512 2421 1547 2478 et
1562 2409 1734 2482 laceratus
1750 2440 1880 2486 corona
1900 2419 2043 2510 spinea,
2068 2421 2119 2488 ‘ic
2141 2441 2222 2487 mn·

206 2510 323 2578 siones
347 2499 523 2571 Ecclesiae
549 2494 695 2613 traditas
718 2490 833 2557 firmas
855 2512 945 2607 esse,
989 2490 1106 2559 Credo
1134 2512 1190 2558 me
1237 2508 1689 2583 gumelpaaffidumfflium
1708 2513 1992 2609 Deipomffioes’
2020 2537 2055 2592 et
2078 2520 2222 2612 scripto.
2257 2548 2261 2633 ι

204 2604 363 2683 exaudiri
380 2615 409 2674 et
428 2598 537 2693 recipi
556 2607 650 2665 ruxta
667 2593 747 2664 rllas
764 2613 1028 2683 promissiones.
1238 2635 1311 2692 m,
1332 2611 1394 2703 qui
1414 2606 1609 2683 Ecclesiam
1633 2617 1670 2684 in
1694 2619 1763 2688 tale
1787 2644 1935 2711 regnum
1960 2624 2223 2701 transformant,

305 2747 359 2818 Ac
375 2763 500 2832 magna
517 2734 711 2809 consolatio
727 2745 789 2817 est,
803 2734 898 2825 quod
915 2754 1056 2821 semper
1071 2728 1109 2798 in
1127 2728 1189 2799 tali
1239 2714 1304 2787 ubi
1334 2715 1410 2781 siue
1433 2717 1600 2786 mandato
1630 2715 1696 2787 Dei
1727 2734 1761 2790 et
1791 2723 1884 2812 leges
1914 2737 1950 2794 et
1980 2727 2097 2797 cultus
2126 2725 2225 2794 insti.
2259 2752 2263 2829 p

206 2868 307 2929 coctu
324 2859 529 2917 vocatorum
546 2852 628 2908 sunt
645 2834 754 2929 aliqui
771 2836 884 2914 electi,
903 2835 984 2927 quia
1000 2857 1079 2901 cum
1098 2856 1190 2902 sem·
1240 2830 1409 2895 luuntur,
1435 2818 1480 2885 de
1498 2818 1642 2907 privatis
1658 2820 1798 2909 Missis,
1817 2829 1862 2894 de
1879 2827 2077 2909 coelibatu,
2099 2841 2133 2898 et
2147 2827 2224 2895 „1555
2260 2832 2263 2859 t

207 2982 272 3051 per
288 2956 332 3022 sit
349 2948 476 3041 aliquis
493 2963 662 3013 numeros
683 2941 893 3020 electorum,
919 2949 953 3005 et
969 2958 1042 3004 non
1059 2935 1104 3004 sit
1121 2933 1189 3003 nisi
1240 2919 1569 3010 superstitionibus:
1603 2936 1638 2991 et
1660 2947 1820 3015 expresse
1842 2929 2061 2999 damnantur
2075 2930 2137 2998 alii
2159 2923 2224 2997 ho.
2260 2866 2263 2973 l

206 3065 302 3130 iuter
316 3066 474 3130 vocatos,
499 3059 540 3117 ut
558 3043 689 3112 Pardus
706 3040 823 3132 inquit
838 3036 990 3110 Roman.
1006 3038 1058 3107 8.:
1091 3034 1191 3125 Quos
1241 3022 1373 3104 mines,
1400 3022 1462 3115 qui
1484 3016 1549 3091 hos
1570 3023 1659 3095 ritus
1682 3050 1756 3095 non
1779 3046 1937 3111 servant,
1972 3046 2007 3102 et
2028 3031 2226 3123 praeficitur

130 3195 133 3201 ’
208 3160 313 3248 elegit
329 3153 394 3224 bos
409 3166 442 3220 et
457 3147 605 3218 vocavit.
650 3141 810 3213 Sciamus
823 3164 898 3208 non
913 3140 1001 3210 alibi
1018 3161 1191 3232 quaeren-
1240 3121 1427 3195 Romarms
1452 3122 1646 3217 Episcopus
1669 3143 1836 3222 tanquam
1861 3156 1921 3201 rex
1944 3150 2101 3204 armatus
2131 3148 2225 3226 pote-

207 3270 272 3335 dos
296 3282 368 3328 esse
391 3257 517 3324 electos
542 3262 637 3317 extra
662 3257 800 3312 coetum
824 3257 1049 3325 vocatorum,
1091 3256 1124 3309 et
1147 3240 1191 3308 li·
1242 3240 1329 3295 state
1352 3227 1529 3294 condendi
1552 3251 1663 3297 novas
1685 3231 1798 3318 leges,
1838 3249 2004 3305 etnovos
2026 3236 2162 3319 cultus,
2196 3249 2227 3303 et

209 3373 333 3438 beuter
351 3382 416 3428 nos
431 3357 473 3423 acl
492 3346 588 3420 hunc
608 3361 745 3416 coetum
761 3366 1003 3432 aggregemus:
1031 3343 1112 3411 ideo
1135 3342 1192 3410 di·
1212 3282 1218 3417 l
1242 3341 1413 3419 potestate
1435 3328 1755 3418 interpretationis,
1791 3350 1825 3405 et
1844 3338 2004 3407 munitus
2026 3341 2152 3410 suiset
2174 3363 2225 3408 re-

210 3484 306 3538 ctum
331 3475 401 3538 est,
436 3455 476 3524 ln
502 3449 685 3520 hoccoetu
700 3444 815 3515 Deum
837 3447 1010 3513 efficacem
1034 3467 1107 3513 esse
1132 3467 1193 3535 per
1240 3453 1326 3519 811¹ss
1348 3430 1571 3503 exercitibus.

208 3562 465 3641 ministerium,
491 3554 540 3623 lbi
559 3552 652 3620 ‘ssim
669 3560 926 3618 ⁰⁰¹¹V²sl⁰¹¹l⁰¹
941 3546 1054 3619 ⁰¹⁶⁶st
1343 3563 1504 3635 Sciamus
1534 3567 1644 3658 igitur
1667 3584 1846 3641 externam
1877 3576 2027 3668 speciem
2056 3577 2227 3649 Ecclesiae

314 3682 383 3754 Sed
410 3679 449 3746 in
472 3671 538 3743 bac
560 3669 632 3738 vita
661 3681 779 3736 manet
810 3660 896 3734 haec
921 3664 1195 3746 dissimilitudo,
1244 3667 1450 3738 dissimilem
1467 3692 1540 3738 esse
1555 3674 1713 3763 imperiis
1731 3676 1894 3764 politicis.
1922 3676 2000 3749 Etsi
2017 3681 2226 3772 aliquomo-

212 3791 307 3890 quod
324 3782 423 3854 mixti
439 3789 522 3847 sunt
536 3770 654 3842 electis
673 3770 710 3837 in
729 3780 869 3962 *perna
895 3767 1060 3837 societate
1082 3766 1195 3858 aliqui
1245 3774 1291 3840 do
1317 3769 1516 3841 similis'est
1538 3772 1617 3863 piae
1641 3770 1800 3859 scholae,
1828 3794 1861 3850 et
1881 3794 1998 3851 tamen
2019 3807 2144 3851 verum
2169 3798 2228 3862 est,

213 3919 287 3967 non
311 3886 410 3957 electi
429 3893 462 3950 et
487 3873 710 3970 hypocritae,
787 3869 798 3936 i
824 3892 897 3937 non
922 3868 1195 3947 sanctificantur,
1245 3868 1494 3942 Monarchiam
1509 3897 1571 3943 seu
1587 3899 1734 3964 regnum
1753 3879 1791 3946 in
1807 3874 1875 3951 hoc
1891 3883 2023 3952 visibili
2041 3899 2144 3955 coetu
2160 3908 2228 3954 esse

214 4012 256 4069 ut
276 3983 408 4064 Matth.
435 3982 492 4054 13.
519 3975 684 4048 debonis
710 3986 743 4041 et
766 3970 1195 4059 malispiscibusdicitur.
1247 3973 1491 4055 invisibiliter,
1523 3972 1751 4066 itascilicet,
1786 3985 1869 4074 quia
1891 3982 1987 4055 lilius
2011 3984 2080 4056 Dei
2102 3988 2143 4055 in
2165 3982 2230 4057 hoc

212 4091 445 4174 Removenda
468 4093 550 4153 sunt
577 4078 686 4166 igitur
709 4073 1023 4163 Anabaptistarum
1049 4073 1198 4156 somnia,
1248 4093 1348 4145 coetu
1365 4077 1545 4146 verissime
1562 4081 1672 4161 adest,
1696 4096 1731 4153 et
1749 4108 1832 4154 vere
1848 4100 1900 4157 est
1915 4112 1974 4156 rex
1989 4102 2025 4158 et
2042 4103 2230 4181 caputcre·

214 4203 278 4295 qni
295 4190 489 4268 Ecclesiam
515 4178 728 4252 constituere
751 4176 935 4261 volebant,
961 4173 998 4241 in
1022 4198 1092 4267 qua
1118 4187 1198 4243 tan·
1249 4178 1429 4349 denpp'um,
1457 4202 1545 4272 quos
1561 4183 1650 4272 regit
1671 4207 1735 4253 suo
1762 4189 1869 4258 verbo
1891 4203 1925 4259 et
1940 4188 2078 4282 Spiritu
2098 4207 2231 4281 sancto,

214 4318 289 4374 tum
315 4294 427 4367 sancti
453 4298 577 4360 essent.
1249 4293 1317 4350 eta
1345 4279 1458 4368 iungit
1473 4294 1617 4352 aeterno
1630 4287 1740 4376 patri,
1767 4289 1858 4362 sicut
1874 4286 2003 4381 Ephes.
2015 4295 2046 4367 1.
2064 4296 2231 4385 scriptum

319 4413 367 4486 Et
383 4409 465 4507 quia
486 4408 531 4476 de
551 4398 687 4472 visibili
709 4408 808 4467 coetu
831 4394 1032 4488 loquimur,
1058 4406 1199 4464 externa
1250 4396 1318 4453 est:
1341 4382 1471 4451 Omnia
1489 4385 1638 4457 subiecit
1653 4390 1719 4457 sub
1736 4392 1842 4480 pedes
1861 4393 1952 4477 eius,
1981 4406 2015 4464 et
2031 4396 2149 4486 ipsum
2172 4398 2233 4465 de·

218 4525 317 4612 signa
335 4507 591 4586 consideranda
605 4514 706 4585 sunt,
740 4497 904 4566 videlicet
919 4496 1052 4587 puritas
1067 4497 1201 4566 doctri·
1250 4485 1304 4555 dit
1320 4498 1424 4574 caput
1440 4509 1547 4576 super
1566 4489 1683 4557 omnia
1699 4487 1893 4580 Ecclesiae,
1921 4518 2011 4587 quae
2031 4514 2082 4566 est
2106 4519 2233 4585 corpus

217 4649 304 4702 uae,
341 4631 375 4686 et
395 4612 573 4702 legitimus
593 4628 678 4676 usus
703 4601 1023 4673 sacramentorum.
1085 4598 1200 4670 luter·
1251 4586 1344 4665 eius,
1392 4590 1614 4677 congregatio
1648 4591 1784 4682 integra
1807 4597 2019 4687 perficientis
2047 4600 2171 4669 omnia
2196 4600 2234 4667 in

218 4733 304 4800 dum
321 4733 437 4791 autem
453 4726 487 4782 et
503 4725 644 4781 externa
660 4702 830 4774 miracula
846 4698 941 4768 Deus
960 4700 1069 4768 addit.
1251 4688 1427 4757 omnibus.
1480 4689 1967 4781 SicdicitipseMatth.18.:
2005 4696 2140 4787 Egoin
2162 4725 2235 4771 me·

319 4838 394 4915 Etsi
429 4845 545 4903 autem
575 4810 758 4918 loquimur
786 4823 829 4889 de
858 4818 993 4888 visibili
1024 4816 1201 4900 Ecclesia,
1251 4790 1312 4858 ‘³5⁰
1338 4812 1461 4858 ‘mum
1484 4814 1576 4863 ⁸⁰¹⁰·
1629 4790 1988 4877 ¹¹⁰¹¹¹210h⁸¹¹·17·³
2022 4800 2233 4892 Egoineis.

217 4968 337 5023 tamen
368 4932 580 5012 removenda
608 4940 659 4994 est
683 4922 887 5012 imaginatio
921 4935 953 4990 et
980 4914 1201 5015 κακοζηλία,
1251 4889 1451 4962 P⁸³¹m·2·²
1483 4890 1560 4977 Eb'0
1581 4902 2024 4993 ³⁰¹⁰¹⁰⁰⁰¹¹⁵ll¹¹¹⁰f08⁰ffl
2042 4928 2236 4975 mmmm·

219 5075 308 5148 quae
332 5041 559 5117 transformat
571 5026 763 5099 Ecclesiam
785 5027 822 5093 in
847 5045 994 5113 regnum
1018 5023 1201 5113 politicum
1251 5016 1314 5086 Pet
1338 5006 1494 5063 “mntem
1521 4994 1625 5068 25⁰³·

219 5180 279 5224 seu
302 5148 541 5219 mundanum,
576 5131 675 5203 cuius
691 5126 833 5219 propria
850 5122 935 5193 baec
958 5137 1057 5194 sunt:
1094 5125 1202 5215 Leges
1353 5124 1506 5197 Externa
1532 5154 1615 5201 vero
1635 5134 1766 5225 species
1788 5134 2036 5209 ministrorum
2053 5138 2237 5231 Evangelii

218 5262 261 5326 de
285 5256 397 5323 forma
422 5229 687 5335 gubernationis
708 5228 746 5295 in
770 5227 947 5306 moribus,
983 5226 1141 5306 iudiciis,
1170 5240 1204 5297 et
1254 5241 1288 5298 et
1312 5230 1516 5300 auditorum
1540 5246 1592 5302 est
1615 5235 1735 5333 aliquo
1762 5240 1868 5308 modo
1892 5241 2018 5311 similis
2041 5245 2238 5315 Aristocra-

218 5358 322 5429 certis
341 5351 486 5431 ritibus,
507 5340 633 5412 ordine
648 5351 897 5431 personarum,
921 5327 1101 5417 locorum,
1125 5326 1202 5401 Rex
1255 5330 1338 5417 tiae,
1367 5332 1425 5403 sed
1444 5333 1583 5425 alligata
1598 5334 1813 5428 Evangelio,
1839 5356 1873 5413 et
1889 5343 1965 5414 sine
1984 5359 2161 5439 potestate
2177 5371 2237 5441 po·
