4522 5782
57 186 170 314 tos'
439 241 525 323 xrs.
550 239 856 323 putantne
881 240 1151 327 rte-avarae.
1184 245 1405 329 toauurs.
1470 244 1705 326 canxsx.
2012 252 2092 329 rso

55 413 210 488 tudinem
227 408 356 487 harum
374 440 493 487 rerum
509 440 584 489 non
607 442 710 512 posse
728 421 839 492 ullius
863 422 1037 507 oratione,
1089 422 1121 491 ei
1144 420 1326 494 Simonem
1350 422 1591 519 Cyrenaeum,
1638 426 1729 495 sorte
1756 423 1796 495 in
1823 423 1881 497 via
1904 392 2076 517 oblatum,

56 530 110 589 snt
123 516 207 586 ullis
223 518 469 589 voluminibus
484 524 633 613 exponi,
650 525 709 592 sed
727 524 865 594 assidue
881 526 919 593 in
936 525 1036 594 omni
1089 548 1194 618 quem
1211 540 1342 616 cogunt
1355 539 1394 598 ut
1411 527 1556 597 adiuvet
1571 523 1770 618 Christum,
1798 541 1916 620 postea
1933 532 2075 599 addun-

56 620 122 689 vita
138 622 368 709 repetendam
388 646 461 691 esse
480 624 726 713 cogitationem
751 622 858 696 huius
879 626 1035 697 mirandi
1089 641 1149 698 tur
1163 641 1198 699 et
1212 633 1285 698 dno
1301 630 1455 735 latronep
1470 652 1541 699 una
1555 629 1793 719 crucifigendi.
1826 629 1965 703 Nomen
1983 630 2076 702 Gol-
2164 668 2177 679 =

58 720 192 795 consilii
206 722 298 806 Dei,
320 736 354 794 et
367 726 526 795 sacrificii
541 723 694 812 Christi,
711 742 747 797 et
759 729 938 814 beneficii,
953 750 1036 820 pro·
1089 724 1194 819 gatha
1218 731 1392 820 significat
1414 734 1470 801 vel
1487 755 1673 815 acervum,
1697 732 1733 799 id
1754 744 1822 817 est,
1847 732 1964 804 locum
1981 734 2076 804 exci-

57 840 129 919 pter
152 826 250 917 quod
273 824 367 896 filius
387 824 454 895 Dei
474 829 616 899 victima
637 830 748 900 factus
773 847 845 917 est,
879 832 1037 902 breviter
1089 844 1221 915 tatum,
1247 856 1309 903 seu
1330 834 1530 925 lapidibus,
1563 854 1625 903 seu
1648 834 1853 923 cespitibus:
1880 835 1938 902 vel
1963 835 2075 926 ipsam

55 942 162 1001 umen
180 927 337 996 recitabo
353 929 486 1022 aliquas
503 944 630 1023 partes.
1089 936 1223 1005 calvam
1241 936 1371 1021 cranii,
1395 961 1457 1007 seu
1473 936 1598 1026 capitis
1615 931 1783 1021 humani,
1811 938 1906 1029 quod
1925 937 2012 1005 alibi
2035 938 2075 1005 in

149 1028 296 1099 Primus
314 1030 413 1100 locus
430 1046 497 1103 est:
526 1032 660 1104 Pilatus
676 1046 853 1121 metuens,
880 1059 926 1105 ue
943 1037 1035 1127 apud
1090 1047 1186 1107 textu
1213 1034 1378 1108 Hebraeo
1408 1039 1577 1108 scribitur
1600 1034 1787 1127 Golgatha.
1838 1034 1929 1108 Cum
1959 1053 2076 1109 autem

56 1132 235 1207 Caesaoem
257 1146 497 1220 accusaretur,
533 1149 656 1206 contra
678 1137 928 1207 conscientiam
952 1162 1038 1207 eon·
1089 1139 1209 1209 omnia
1226 1142 1384 1210 membra
1399 1140 1540 1229 longius
1555 1162 1720 1209 enarrare
1735 1164 1809 1209 nun
1825 1142 2077 1231 possim,nune

56 1228 193 1308 temnat
206 1228 403 1319 Christum,
417 1260 496 1306 cum
516 1238 660 1331 quidem
678 1240 776 1330 prius
791 1240 913 1311 multis
928 1240 1038 1327 signis
1089 1254 1227 1312 tantum
1244 1242 1287 1312 de
1305 1242 1462 1312 Simonis
1479 1242 1652 1336 Cyrenaei
1670 1242 1835 1332 allegoria
1852 1243 1979 1327 dicam,
1995 1266 2076 1312 eum

56 1340 211 1410 ostendat
230 1358 266 1403 se
280 1330 373 1406 hanc
388 1338 497 1428 ipsam
511 1342 841 1412 condemnationem
856 1343 1036 1434 improba·
1089 1344 1126 1412 id
1144 1345 1361 1436 exemplum,
1387 1348 1482 1438 quud
1501 1344 1644 1413 videtur
1660 1344 1822 1434 exiguam
1843 1343 2077 1415 circumstan-

56 1464 97 1526 re,
108 1442 156 1511 ait
173 1464 210 1510 se
228 1432 326 1508 hunc
341 1438 455 1508 lesum
472 1441 701 1513 dimissurum
718 1468 802 1526 esse,
820 1458 859 1515 ut
876 1445 1037 1515 solebant
1090 1445 1176 1514 tiam
1194 1448 1395 1531 continere,
1415 1460 1487 1516 tam
1503 1446 1692 1536 diligenter
1708 1447 1890 1516 recitatum
1907 1445 1964 1520 sit.
2017 1445 2077 1515 Si·

10 1580 12 1585 ·
55 1544 87 1612 in
100 1544 194 1615 leste
216 1539 371 1633 aliquem
396 1542 583 1633 captivum
601 1546 796 1627 dimittere,
822 1546 891 1617 Sed
914 1547 1037 1617 ludaei
1090 1548 1231 1636 gnificat
1246 1561 1364 1619 autem
1381 1544 1439 1617 hic
1455 1547 1581 1620 Simon
1603 1570 1739 1637 semper
1761 1550 1799 1617 in
1822 1546 2077 1618 afflictionibus

10 1664 15 1677 ·
55 1647 251 1716 anteferunt
273 1645 467 1728 latronem,
491 1660 524 1719 et
539 1647 724 1718 seditionis
743 1661 921 1734 autorem,
940 1649 1037 1720 lavat
1090 1646 1268 1719 Ecclesiae
1285 1652 1425 1745 aliquos
1441 1673 1534 1736 esse,
1552 1673 1631 1719 cum
1649 1650 1842 1740 principes,
1860 1662 1936 1718 turn
1951 1652 2077 1720 ducto-

55 1762 85 1819 ct
96 1770 248 1832 manus,
265 1759 298 1816 et
314 1748 364 1818 ait
379 1769 415 1814 se
429 1747 654 1820 innocentem
671 1773 761 1833 esse,
783 1753 879 1845 qrrod
896 1754 1036 1840 signum
1089 1774 1163 1835 res,
1195 1765 1271 1822 tum
1294 1755 1382 1823 alios
1403 1748 1566 1823 homines
1588 1752 1685 1842 pios,
1716 1752 1778 1844 qui
1803 1764 1937 1843 partem
1962 1751 2076 1821 crucis
2101 1762 2108 1777 '

55 1863 121 1921 erat
132 1851 252 1919 laesae
270 1847 515 1936 conscientiae,
532 1876 613 1920 nam
631 1876 752 1923 revera
768 1853 900 1924 sciebat
914 1876 1036 1922 senon
1089 1867 1244 1944 gestant,
1270 1868 1310 1925 ut
1327 1879 1444 1938 nunc,
1468 1878 1547 1923 cum
1565 1876 1663 1943 reges
1677 1854 1757 1922 irati
1782 1854 1900 1922 delere
1912 1850 2077 1942 Evange-

56 1974 119 2024 cssc
136 1952 383 2021 innocentem:
409 1949 557 2023 Faciens
575 1956 669 2023 enim
685 1956 817 2040 scelus,
833 1969 866 2026 et
883 1979 1037 2026 consen·
1089 1958 1191 2042 lium,
1207 1969 1241 2026 et
1256 1958 1453 2027 interficere
1469 1958 1630 2024 doctores
1646 1967 1831 2040 conantur,
1847 1954 1958 2048 aliqui
1975 1956 2076 2046 prin·

55 2054 155 2139 tiens,
190 2056 338 2124 eandem
362 2076 511 2143 poenam
536 2069 729 2132 merentur.
787 2056 842 2128 De
868 2053 1035 2127 hocloco
1089 2060 1183 2150 cipes
1200 2070 1232 2127 et
1249 2058 1562 2149 gubernatores,in
1577 2057 1668 2125 aulis
1684 2068 1717 2126 et
1732 2055 1935 2129 civitatibus
1949 2078 2077 2146 magna

56 2180 119 2227 non
133 2156 254 2226 dicam
270 2156 391 2245 plura,
417 2158 477 2225 sed
495 2152 553 2228 hic
570 2161 768 2230 caecitatem
787 2182 860 2228 esse
878 2160 1033 2230 furorem
1088 2159 1243 2252 pericula
1263 2173 1297 2230 et
1311 2183 1497 2230 aerumnas
1515 2158 1708 2243 sustinent,
1733 2157 1771 2225 in
1785 2158 1990 2228 defensione
2005 2157 2076 2227 Ec-

56 2256 208 2349 Ilegum,
235 2255 462 2347 Principum,
488 2275 521 2329 et
537 2274 722 2352 potentum
737 2262 896 2330 omnium
914 2262 1035 2353 deplo-
1088 2263 1273 2332 clesiarum
1296 2276 1329 2333 et
1353 2261 1573 2333 docentium:
1608 2260 1681 2330 imo
1706 2258 1812 2330 etiam
1840 2272 1962 2331 noster
1986 2262 2075 2330 ordo

57 2383 187 2446 remus,
201 2360 265 2453 qui
282 2360 389 2427 simili
407 2364 513 2432 modo
528 2365 689 2434 saeviunt
705 2365 742 2432 in
758 2360 964 2447 Ecclesiam,
978 2365 1033 2431 in·
1066 2354 1070 2369 ’
1088 2360 1317 2435 scholasticus
1339 2388 1420 2433 vere
1441 2379 1575 2452 partem
1598 2361 1712 2432 cru'cis
1734 2373 1860 2451 gestat,
1887 2375 1920 2431 et
1939 2360 2077 2432 constat

10 2474 15 2502 ¹
57 2462 142 2533 citati
156 2463 204 2532 ab
219 2462 598 2552 impiissacerdutibus.
632 2462 1035 2559 thuanquamvolunt
1088 2466 1233 2535 nomine
1260 2466 1407 2537 Simeon
1436 2465 1625 2555 significari
1653 2463 1862 2534 auditorem.
1916 2462 2076 2535 Studiosi

56 2564 211 2633 derivare
233 2564 372 2654 culpam
389 2564 426 2631 in
444 2568 658 2653 sacerdotes,
682 2570 806 2638 dicunt
819 2592 856 2638 se
872 2584 1035 2659 oportere
1088 2570 1261 2638 discentes
1275 2567 1508 2657 Evangelium
1526 2567 1633 2636 simul
1650 2566 1880 2656 implicantur
1897 2564 2076 2657 periculis,

56 2666 146 2759 sequi
161 2666 387 2736 autoritatem
404 2662 601 2757 Ecclesiae,
629 2682 745 2739 tamen
763 2694 885 2740 revera
902 2684 985 2739 sunt
1002 2684 1034 2740 et
1086 2670 1192 2762 multi
1209 2694 1306 2739 nunc
1327 2670 1378 2763 pii
1397 2664 1597 2740 scholastici
1621 2690 1766 2757 magnas
1790 2667 1948 2736 miserias
1969 2666 2077 2737 susti·

56 2770 358 2840 eruntreicoram
373 2766 471 2853 Deo,
504 2772 586 2863 quia
602 2795 675 2841 uon
693 2773 777 2841 solis
793 2774 1034 2843 sacerdotibus
1086 2789 1173 2843 nent
1202 2788 1344 2864 propter
1374 2768 1629 2860 Evangelium,
1670 2770 1730 2837 sed
1752 2767 1849 2836 Deus
1872 2769 1996 2838 reddet
2025 2768 2076 2835 eis

55 2872 256 2941 mandatum
273 2883 341 2953 est,
364 2885 405 2942 ut
420 2872 531 2944 sciant
547 2872 800 2963 Evangelium,
827 2877 888 2944 sed
914 2876 1032 2944 omni·
1087 2874 1260 2965 praemia,
1299 2874 1391 2943 sicut
1412 2885 1446 2943 et
1469 2867 1553 2942 huic
1576 2869 1735 2942 Simeoni
1762 2869 1932 2942 reddidit.
1983 2866 2075 2938 Nam

55 2972 113 3044 bus
135 2969 347 3043 hominibus
367 2972 499 3046 dictum
523 2990 574 3046 est
591 2976 634 3045 de
645 2971 814 3047 Christe:
840 2974 947 3047 Hnnc
969 3002 1032 3046 au·
1084 2976 1269 3045 filiuseius
1288 2972 1531 3046 Alexandrum
1547 2987 1580 3043 et
1597 2970 1733 3070 Rufum
1749 2985 1869 3065 postea
1885 2974 1928 3042 ad
1945 2990 2076 3040 munus

56 3076 138 3157 dite,
164 3090 200 3146 et
223 3076 437 3145 nominatim
454 3080 602 3169 ³regibus
618 3080 751 3147 dictum
770 3091 838 3148 est:
872 3075 919 3150 Et
936 3103 1032 3148 nunc
1084 3076 1271 3167 Evangelii
1295 3077 1445 3152 vocavit.
1728 3097 1731 3102 ·

57 3200 145 3269 reges
162 3176 369 3265 intelligite,
389 3180 580 3249 erudimini
596 3181 658 3273 qui
674 3181 837 3251 iudicatis
852 3194 993 3255 terram.
1188 3178 1333 3248 Tertius
1348 3180 1447 3247 locus
1465 3191 1516 3246 est
1536 3175 1659 3245 concio
1673 3171 1807 3246 Christi
1830 3176 1873 3244 ad
1898 3175 2076 3259 mulieres,

145 3275 669 3371 NomenGabbathasignilicat
686 3282 801 3352 locum
818 3284 1030 3352 eminentem
1085 3305 1176 3375 quae
1210 3282 1382 3351 eiulantes
1416 3280 1630 3350 comitantur
1663 3271 1845 3348 Christum
1881 3289 2074 3366 gestantem

56 3382 257 3453 avocabulo
276 3380 396 3467 Gaba,
420 3385 516 3476 quod
541 3397 594 3453 est
613 3384 785 3467 altitudo,
813 3401 846 3456 et
864 3386 1031 3471 allegoria
1084 3407 1235 3454 crucem.
1262 3382 1343 3452 Non
1360 3382 1454 3451 enim
1471 3396 1609 3451 tautum
1627 3379 1791 3450 atrocitas
1808 3378 1974 3475 supplicii
1987 3396 2075 3447 cun·

10 3488 12 3537 ἷ
56 3498 170 3555 monet
200 3484 391 3554 eminentia
423 3498 457 3554 et
484 3508 621 3554 summa
651 3486 798 3577 imperia
830 3488 1029 3577 belligerari
1085 3487 1271 3555 sideranda
1289 3499 1351 3568 est,
1366 3486 1426 3554 sed
1444 3484 1547 3553 etiam
1564 3494 1754 3565 causae,et
1770 3502 1949 3550 sermones
1967 3474 2075 3551 Chri·
2187 3560 2190 3565 Δ

10 3644 12 3663 ,
57 3610 128 3657 cum
144 3584 243 3670 Deo,
275 3600 310 3656 et
339 3586 377 3654 in
403 3583 582 3658 Christum
609 3602 644 3659 et
666 3584 860 3658 Ecclesiam
886 3591 1030 3671 saevire,
1083 3588 1285 3658 stiinterim
1298 3583 1758 3679 habiti,quiamplissimam
1773 3582 1972 3652 doctrinam
1987 3604 2075 3650 con·

10 3738 12 3759 .
56 3690 137 3759 sicut
151 3688 351 3781 plerunque
365 3688 493 3759 lactum
514 3712 587 3758 esse
603 3684 825 3759 horribiliter
837 3702 910 3761 tota
925 3715 1031 3760 mun-
1083 3690 1211 3763 tinent.
1260 3686 1325 3758 Est
1347 3703 1463 3758 autem
1487 3687 1611 3756 concio
1633 3685 1891 3776 poenitentiae,
1915 3684 2071 3775 primum

10 3786 14 3867 1'
56 3787 250 3862 dihistoria
267 3791 434 3860 ostendit.
486 3790 556 3861 llic
572 3813 713 3885 quoque
729 3792 926 3862 tristissima
949 3817 1033 3863 voce
1083 3786 1347 3881 reprehendens
1361 3790 1526 3858 mulieres
1548 3790 1707 3857 nondum
1726 3786 1981 3874 intelligentes,
2010 3806 2073 3851 cur

54 3890 169 3965 ludaei
186 3892 325 3985 seipsos,
342 3895 599 3979 condemnant,
623 3894 793 3963 dicentes:
823 3894 869 3965 Se
891 3895 1032 3964 nullum
1084 3889 1248 3963 Christus
1264 3887 1359 3962 hunc
1377 3914 1524 3980 agonem
1542 3890 1723 3973 sustineat,
1738 3888 1867 3956 deinde
1881 3883 2072 3954 horribiles
2192 3978 2198 3989 ,Ι

55 3988 179 4065 habere
187 3992 323 4084 Regem
340 3995 408 4064 nisi
427 3992 631 4079 Caesarem,
658 3996 773 4085 palam
791 4011 920 4085 negant
935 3996 1032 4066 Mes·
1070 4031 1074 4043 ·
1084 4018 1218 4086 poenas
1231 3995 1453 4085 praedicens,
1469 4015 1560 4085 quae
1573 4006 1606 4063 et
1622 3986 1718 4062 hunc
1734 3989 1905 4080 populum
1934 3998 1968 4055 et
1993 4008 2072 4054 om-

56 4096 155 4182 siam,
173 4110 216 4167 'et
238 4096 477 4167 vaticinantur
500 4122 536 4167 se
561 4094 744 4167 habituros
767 4095 968 4181 Caesarem,
995 4100 1032 4169 id
1083 4120 1147 4165 nes
1171 4097 1298 4188 impios
1321 4117 1551 4185 oppressurae
1575 4106 1678 4164 sunt:
1713 4090 1819 4161 tertio
1844 4088 2070 4158 collationem

56 4212 117 4285 est,
142 4222 218 4268 non
239 4196 406 4269 Messium
431 4200 658 4284 salvatorem,
682 4202 741 4267 sed
761 4201 945 4271 Caesarem
967 4199 1032 4269 Ti·
1082 4199 1214 4268 iaciens
1234 4199 1468 4268 afflictionum
1492 4193 1668 4264 Ecclesiae
1690 4207 1725 4263 et
1747 4190 1951 4282 impiorum.
2016 4188 2070 4258 Ac

57 4314 144 4386 tum,
169 4300 232 4393 qui
252 4300 434 4394 aliquantu
452 4316 532 4391 pust
546 4298 655 4373 totam
673 4300 851 4372 Iudaicam
871 4306 1030 4396 politiam
1084 4302 1155 4370 duo
1173 4301 1290 4393 priora
1307 4300 1465 4368 membra
1484 4298 1564 4366 satis
1582 4296 1762 4386 perspicua
1777 4305 1878 4373 sunt,
1904 4289 2072 4362 mulieres

57 4426 170 4493 magna
186 4402 394 4473 crudelitate
409 4403 588 4474 deleturus
605 4416 665 4473 est.
717 4402 899 4492 Significat
914 4420 1030 4477 antem
1083 4403 1263 4471 communi
1286 4401 1518 4470 mediocrium
1542 4393 1728 4467 huminum
1744 4397 1884 4491 στοργῇ
1904 4393 2071 4486 deplora-

57 4500 175 4574 Caesar
197 4505 291 4573 idem
315 4507 410 4599 qcsud
435 4507 606 4589 crudelis,
639 4506 753 4595 palam
779 4508 884 4576 etiam
908 4510 1032 4578 clami·
1081 4500 1314 4575 bantChristi
1329 4501 1563 4573 calamitatem
1579 4512 1724 4591 propter
1739 4498 1868 4587 ipsum.
1902 4494 1985 4564 Nen
2002 4518 2070 4563 no-

56 4616 140 4675 tant:
167 4604 222 4678 Sit
238 4609 378 4696 sanguis
398 4606 473 4677 eius
491 4632 597 4699 super
613 4629 679 4675 nos
705 4621 753 4691 et,
765 4608 857 4678 filios
879 4624 1029 4684 nostros.
1082 4620 1163 4676 rant
1178 4628 1310 4689 causas,
1327 4603 1489 4672 videlicet
1506 4601 1576 4692 pati
1592 4597 1772 4672 Christum
1789 4611 1932 4690 propter
1946 4610 2068 4666 nostra

55 4702 303 4777 Cohorrescere
320 4732 441 4778 omnes
456 4711 535 4801 pios
552 4733 690 4779 necesse
706 4724 774 4794 est,
799 4706 890 4781 hane
909 4738 1030 4781 vorem
1083 4721 1234 4797 peccata.
1286 4706 1432 4776 Necesse
1456 4718 1507 4773 est
1527 4717 1648 4772 autem
1671 4702 1838 4770 omnibus
1862 4696 2069 4769 homiuibus

54 4810 248 4894 audientes,
282 4825 342 4880 aut
359 4811 569 4901 cogitantes:
606 4825 821 4881 cumautem
838 4810 1030 4883 hunctan.
1083 4805 1174 4878 hanc
1188 4808 1386 4879 doctrinam
1402 4805 1494 4874 tradi
1510 4818 1544 4874 et
1560 4804 1749 4884 inculcari,
1771 4801 1902 4872 nostris
1917 4798 2068 4891 peccatis

53 4922 122 4982 tum
145 4912 302 4981 sartorem
318 4908 424 4984 huius
442 4916 564 5004 populi
582 4914 865 5002 consideramus,
901 4917 1030 4987 excite·
1080 4909 1196 4982 Deum
1214 4934 1296 4980 vere
1312 4909 1430 4994 irasci,
1456 4920 1600 4997 propter
1616 4920 1735 4977 nostra
1753 4914 1889 4995 peccata
1907 4914 2067 4971 metuen-

51 5036 146 5098 mur,
171 5027 211 5084 ut
235 5014 328 5083 veris
349 5028 383 5084 et
400 5017 611 5100 ardentibus
634 5014 727 5085 votis
750 5029 927 5107 petamus,
952 5033 1029 5088 uta
1081 5014 1144 5082 das
1159 5035 1232 5082 esse
1246 5033 1395 5103 poenas,
1410 5024 1530 5105 nostra
1546 5010 1638 5078 mala
1654 5006 1874 5096 agnoscenda
1891 5014 1925 5071 et
1941 5001 2066 5098 deplo-

48 5110 122 5186 Dcu
142 5114 401 5209 gubernemur,
428 5140 473 5186 ne
491 5119 529 5187 in
546 5116 698 5189 similem
716 5119 905 5189 amentiam
922 5110 956 5190 ct
972 5121 1030 5190 lu·
1081 5116 1192 5184 randa
1211 5137 1297 5188 esse.
1335 5109 1477 5184 Rursus
1493 5122 1608 5179 nartem
1624 5103 1929 5190 sciendum,tolli
1945 5114 2067 5172 nostra

45 5240 159 5288 rorem
178 5240 338 5293 mamus,
537 5234 539 5239 '
1081 5218 1172 5286 mala
1189 5240 1251 5306 pcr
1264 5210 1457 5288 Christum.
1510 5209 1669 5283 Stultitia
1688 5223 1737 5279 est
1754 5220 1888 5290 sutem,
1913 5216 1955 5274 nt
1973 5204 2066 5274 dici·

117 5317 306 5392 Secundus
329 5320 428 5389 locus
453 5331 515 5393 est.
571 5316 710 5391 Milites
738 5320 894 5393 educunt
923 5316 1029 5394 Chri-
1081 5331 1157 5399 tur,
1173 5318 1259 5388 loris
1274 5338 1411 5406 sapere,
1424 5314 1461 5383 id
1478 5325 1546 5397 est,
1563 5313 1784 5403 ignorantem
1801 5305 1945 5400 propria
1962 5307 2068 5391 mala,

40 5434 152 5509 uun,
177 5422 420 5515 etimponunt
433 5419 631 5496 eicrucem.
678 5420 891 5515 Adiungunt
912 5436 1031 5498 autem
1080 5420 1270 5517 deplorare
1281 5419 1417 5500 aliens,
1430 5427 1473 5488 ut
1486 5413 1621 5485 Priami
1635 5410 1936 5527 cellimeclan
1949 5422 2074 5479 umen
