4522 5782
107 183 185 263 oss
301 179 340 253 4
472 190 477 197 ·
553 240 557 247 .
704 178 836 258 unu.
861 146 1548 259 unnscnuranxnunnoa,
1790 204 1815 267 .:
2076 132 2156 259 aaa

221 355 326 429 lianc
358 357 390 428 ei
415 356 558 427 landem
585 378 660 427 nou
695 354 864 428 tribuunt
891 348 1110 449 hypocritae.
1164 349 1292 435 elitur,
1306 364 1482 444 quatenus
1497 351 1656 443 ipsorum
1673 355 2073 444 naturaconsideratur,
2096 380 2160 429 nee

119 459 374 546 Non'dicunt,
413 473 557 552 expecto
590 458 749 544 veniam,
786 471 827 530 ut
848 458 1050 529 iustificeris
1072 456 1110 526 in
1164 451 1417 542 intelliguntur
1432 455 1784 547 permisericordiam
1795 459 2033 533 reconciliati.
2059 460 2159 531 Sem·

118 565 345 635 sermonibus
360 563 450 648 tuis,
475 576 516 633 ut
532 562 792 652 praedicemus,
819 576 853 632 te
867 574 1014 652 propter
1027 584 1111 652 pro·
1163 578 1232 649 per·
1242 569 1360 626 autem
1374 551 1460 627 baec
1475 559 1680 669 eracqpatio
1695 582 1762 630 nos
1777 563 1978 648 admoneat,
1991 563 2092 658 quod
2102 586 2159 635 su·

119 666 262 736 missam
294 664 571 735 misericordiam
602 663 757 755 recipere
789 665 966 753 indignos.
1037 662 1110 734 Sed
1163 658 1293 751 perbos
1311 653 1515 753 hypocritas
1529 674 1563 730 et
1576 684 1718 731 usuros
1738 664 1989 753 perterrefacit.
2021 663 2157 739 Rursus

56 818 58 825 ·
118 783 249 857 negant
262 769 371 861 recipi
390 768 445 835 vel
463 767 621 837 exaudiri
635 767 813 856 indignos.
875 764 980 835 Prior
1001 767 1112 835 inter·
1163 762 2155 859 prostratoserigit,quiatestatur,quodDeusveregratis

120 870 291 962 pretatio,
332 894 422 964 quae
457 883 509 938 est
540 893 608 938 vox
640 869 746 957 legis,
786 868 926 939 facilius
959 867 1112 957 intelligi
1164 876 1307 955 propter
1320 858 1504 936 Christum
1531 863 1636 936 nobis
1658 866 1841 956 ignoscere
1864 871 1963 940 velit.
2013 867 2152 941 Confir-

121 986 250 1064 potest.
279 970 460 1043 Posterior
474 972 657 1062 aliquanto
674 985 725 1041 est
739 971 934 1052 obscurior,
951 973 1012 1041 sed
1030 993 1112 1041 vers
1163 977 1236 1035 mat
1258 978 1376 1035 autem
1400 968 1679 1058 propositionem
1704 970 1819 1042 citatis
1846 972 2084 1059 testimoniis,
2115 971 2150 1041 io

125 1088 261 1155 tamen,
289 1090 322 1144 et
345 1077 388 1142 ad
415 1069 506 1142 hanc
527 1071 659 1142 Paulus
684 1075 794 1162 magis
819 1074 973 1164 respicit.
1026 1073 1112 1143 ldeo
1163 1067 1293 1159 quibus
1313 1091 1386 1136 non
1401 1083 1538 1140 tantum
1564 1070 1681 1140 civilia
1702 1073 1831 1143 delicta
1853 1075 2070 1164 culpantur,
2095 1076 2149 1145 sed

124 1176 247 1247 attexit
271 1178 473 1269 sequentem
497 1175 764 1269 quaestionem:
809 1174 850 1247 si
871 1175 1111 1246 misericordia
1163 1168 1336 1239 interiora
1353 1185 1510 1262 peccata,
1536 1186 1657 1243 contra
1678 1175 1827 1265 primam
1850 1178 2027 1247 tabulam.
2076 1175 2148 1246 Non

123 1274 193 1348 Dei
210 1278 445 1366 amplificatur
459 1301 521 1368 per
542 1272 628 1362 hoc,
655 1280 751 1369 qnod
777 1278 901 1369 recipit
923 1302 962 1349 ac
987 1278 1113 1351 iugfifi.
1164 1285 1217 1339 esi
1231 1271 1433 1361 illielligens
1451 1297 1516 1343 nec
1530 1277 1713 1367 requirens
1723 1274 1856 1362 Deum,
1883 1279 2012 1363 idest,
2034 1300 2148 1348 (immi

124 1394 180 1451 cat
195 1381 381 1468 indignos,
406 1403 446 1448 ac
461 1393 598 1451 tantum
615 1395 752 1470 peccata
769 1381 979 1467 adserentes,
1005 1402 1113 1476 quare
1166 1388 1403 1445 contemnunt
1419 1372 1555 1461 Deum,
1581 1392 1664 1447 sunt
1686 1379 1763 1447 sine
1788 1380 1917 1451 timore
1933 1380 2002 1452 Dei
2027 1392 2062 1450 et
2083 1381 2147 1451 siue

124 1477 222 1551 Deus
234 1481 397 1551 irascitur
410 1482 834 1576 peccantibus‚siquidem
845 1499 982 1573 peccata
993 1498 1113 1554 nostra
1168 1475 1248 1557 fide,
1276 1491 1459 1569 propiores
1476 1473 1608 1549 boboni
1623 1480 1752 1573 impios
1767 1483 1957 1573 opiniones
1972 1499 2009 1555 et
2025 1482 2145 1553 doctri·

126 1572 344 1674 amplificant
360 1584 512 1671 gloriam
529 1585 792 1654 misericordiae
811 1586 952 1675 ipsius?
977 1586 1065 1657 item
1083 1584 1112 1653 si
1165 1602 1250 1662 nas,
1276 1593 1310 1649 et
1332 1579 1440 1669 impia
1464 1581 1634 1667 consilia,
1660 1596 1694 1654 et
1718 1609 1782 1676 per
1795 1587 2002 1675 superbiam
2018 1598 2053 1656 et
2066 1585 2145 1655 lidu-

124 1709 200 1754 non
224 1709 346 1755 sumus
365 1687 447 1753 iusti
475 1700 618 1774 propter
637 1701 774 1756 nostras
791 1689 957 1761 virtutes:
993 1687 1113 1779 Quor·
1164 1680 1255 1751 ciam
1278 1681 1334 1751 sui
1351 1683 1462 1753 multa
1481 1685 1617 1755 audent
1632 1701 1755 1756 contra
1775 1686 1995 1760 voluntatem
2011 1685 2145 1773 Debet

124 1809 202 1856 sum
218 1812 308 1875 opus
323 1801 373 1858 est
392 1788 619 1856 benefacere?
647 1786 748 1870 item,
769 1813 840 1883 quo
856 1790 958 1880 plura
976 1805 1112 1883 peccata
1166 1799 1428 1877 persequuntur
1444 1786 1502 1877 pia
1518 1788 1685 1857 docentes
1711 1804 1745 1859 et
1763 1805 1967 1863 monentes.
2027 1787 2077 1861 iu
2091 1789 2145 1859 de·

125 1891 273 1959 remittit
291 1889 548 1973 misericordia,
574 1915 617 1958 eo
631 1891 669 1959 lit
687 1890 872 1965 illustrior.
926 1891 1115 1964 Peccemus
1166 1885 1290 1957 scribit
1305 1888 1493 1980 praecipue
1511 1883 1779 1982 hypocritarum
1794 1916 1923 1964 arcana
1940 1891 2046 1979 vitia,
2065 1913 2145 1984 quas

125 1989 253 2079 igitur,
280 2005 313 2060 et
331 1992 487 2061 laxemus
503 1993 602 2061 frena
620 1993 885 2084 cupiditatibus.
1165 1991 1321 2059 mundus
1338 1991 1486 2082 suspicit
1503 2005 1672 2085 tanquam
1696 1995 1926 2067 excellentem
1948 1994 2145 2088 sapientiam

217 2138 314 2211 Haec
329 2144 478 2212 absurda
494 2143 712 2214 obiiciebant
727 2142 838 2215 Paulo
853 2147 1011 2235 docenti,
1035 2169 1115 2236 gra.
1165 2106 1199 2160 εἰ
1216 2106 1407 2164 mmm·

49 2280 54 2292 ·
124 2243 170 2317 tis
195 2244 425 2334 pronunciari
449 2246 560 2315 iustos
582 2269 662 2335 eos,
702 2246 763 2341 qui
787 2251 953 2322 credunt.
1013 2249 1053 2321 Si
1077 2251 1114 2320 fit
1204 2253 1469 2359 Exuperibus
1499 2258 1592 2360 Iegis
1618 2290 1692 2336 oon
1716 2261 1984 2363 iustificabitur
2006 2264 2119 2336 omnis

124 2347 367 2416 misericordia
400 2347 597 2432 illustrior,
637 2373 718 2417 rum
749 2365 888 2438 peccato
913 2353 1115 2436 adserimus,
1443 2365 1444 2368 ’
1575 2391 1661 2438 0070
1689 2378 1751 2446 ιη,

126 2470 210 2539 ergo
223 2448 360 2540 prolixe
375 2472 566 2539 peccemus.
621 2448 716 2519 lnlra
739 2465 855 2522 atatem
878 2454 1025 2524 adhaec
1047 2456 1114 2523 ali-

126 2552 236 2619 surda
267 2552 515 2641 respondebit,
558 2576 667 2647 eaque
700 2553 833 2640 diluet,
866 2557 978 2646 capite
1005 2570 1114 2626 sexto.
1167 2599 1216 2674 Ut
1230 2627 1250 2672 ο

126 2650 233 2720 Nunc
252 2667 391 2723 tantum
416 2656 596 2748 abrumpit
622 2655 757 2726 adiecta
787 2657 1035 2749 obiurgatione
1057 2685 1113 2730 ca·

124 2751 392 2825 lumniatorum.

1270 2497 1313 2569 lu
1339 2501 1569 2572 conclusione
1596 2505 1724 2574 iterum
1751 2504 1881 2597 repetit
1904 2505 2145 2577 universalem:

1254 2626 1389 2672 mneos
1409 2605 1635 2688 obstruatur,
1660 2621 1697 2679 et
1712 2621 1808 2679 totus
1831 2609 1989 2679 mundus
2012 2610 2059 2681 sit
2079 2628 2145 2679 ren

1166 2729 1283 2774 coram
1310 2702 1397 2780 Deo.
1472 2706 1542 2778 Sed
1568 2709 1713 2803 quidam
1741 2710 1804 2805 qui
1828 2710 1968 2800 lingunt
1997 2706 2145 2783 hominet

1167 2807 1294 2876 mereri
1321 2809 1564 2879 remissionem
1599 2827 1851 2902 peccatorum,
1891 2828 1927 2882 et
1949 2836 2026 2884 esse
2049 2814 2161 2901 iustuj

1167 2922 1312 3001 propter
1335 2910 1427 2979 bona
1450 2937 1557 3004 opera
1580 2915 1748 3000 moralia,
1782 2915 1935 2985 eludunt
1955 2910 2052 2986 hanc
2074 2908 2161 2987 uui·¹

1166 3012 1357 3098 versalem,
1384 3027 1419 3084 et
1434 3002 1557 3084 dicunt
1571 3039 1644 3084 esse
1656 3011 1923 3111 synecdochen,
1944 3018 2049 3111 quasi
2063 3017 2142 3089 Pau·
2158 3044 2161 3109 ξ

172 3142 176 3152 ·
225 3114 296 3187 Hic
311 3116 404 3185 redit
421 3116 465 3185 ad
485 3115 687 3188 institutum
705 3120 923 3211 principale,
950 3121 1116 3194 videlicet
1166 3111 1223 3183 11¹⁸
1244 3137 1316 3183 ¹¹⁰⁰
1344 3139 1489 3205 prorsus
1504 3141 1628 3186 omnes
1651 3133 1793 3209 arguat,
1819 3121 1879 3188 sed
1903 3120 2098 3211 plurimos,
2117 3131 2161 3209 etj

123 3221 169 3291 „d
183 3218 470 3310 exaequationem
492 3216 702 3290 ludaeorum
719 3236 752 3290 οι
771 3219 965 3308 Gentium,
991 3239 1032 3296 ut
1048 3226 1114 3295 do.
1165 3217 1212 3284 ab
1230 3211 1295 3284 hac
1312 3219 1504 3288 universali
1528 3220 1599 3290 sint
1621 3221 1822 3313 excipiendi
1845 3221 2051 3312 paucissimi
2073 3222 2138 3318 qui·
2152 3244 2161 3313 ’ἔ

124 3335 199 3392 cest
217 3343 345 3391 omnes
368 3314 532 3388 homines
564 3324 631 3390 sub
662 3336 821 3407 peccato,
862 3325 997 3412 idest,
1036 3352 1114 3398 reos
1167 3320 1248 3384 dom
1272 3317 1377 3389 b⁰¹¹i²
1412 3334 1452 3392 ui
1476 3324 1639 3415 quomvss
1660 3321 1799 3394 R⁰1¹¹⁸0
1823 3323 1971 3416 Plurimi
1996 3325 2068 3395 ‘issi
2089 3322 2161 3409 “ii

124 3446 199 3493 esse
214 3421 348 3512 peceati
368 3434 401 3489 et
417 3421 489 3491 irae
507 3420 586 3494 Dei.
639 3419 859 3495 observabis
875 3441 991 3497 atatem
1010 3430 1113 3498 dissi·
1165 3431 1285 3488 tamen
1312 3420 1451 3512 fingunt
1482 3448 1523 3495 ex
1553 3424 1618 3493 illo
1647 3449 1797 3496 numero
1826 3427 2057 3517 excipiendos
2081 3448 2161 3525 εκ

122 3524 225 3597 miles
247 3522 494 3616 responsiones
518 3525 561 3592 ad
588 3527 811 3617 quaestiones
834 3528 872 3595 in
896 3531 1113 3619 digressione
1167 3544 1295 3610 Pium
1326 3528 1518 3616 q⁰⁰⁸d³ffl2
1561 3526 1787 3618 &litlffll‘ffla
1827 3525 2001 3602 Auitum·
2076 3525 2161 3600 ΕΜ

121 3627 271 3700 gadim,
324 3622 484 3694 Primum
507 3626 937 3720 affirmativereipondet,
965 3630 1113 3704 Iudaeo,
1165 3624 1260 3695 inter
1276 3622 1425 3697 ludaeos
1438 3628 1582 3718 plurimi
1598 3645 1753 3721 peccant,
1771 3644 1891 3700 tamen
1906 3655 2037 3720 paucos
2050 3652 2138 3728 quot·
2156 3656 2159 3661 ·

122 3722 254 3800 habere
276 3749 439 3817 magnam
464 3731 759 3818 praerogativam,
785 3737 880 3827 quod
897 3736 940 3804 ad
961 3738 1113 3827 promis.
1165 3728 1247 3796 dam
1269 3729 1387 3820 excipi
1404 3731 1549 3815 witini,
1581 3747 1622 3801 ul
1645 3728 1863 3820 iohannem,
1895 3731 2064 3820 Petrum,
2087 3748 2138 3805 etr.

84 3830 87 3835 '
120 3832 259 3902 ,ionem
298 3829 450 3914 attinet,
485 3853 559 3899 non
599 3835 696 3926 quod
727 3836 773 3903 qd
810 3837 935 3907 merita
976 3841 1112 3913 attinet,
1164 3828 1345 3899 Adversus
1369 3826 1572 3902 huiusmodi
1594 3835 1837 3906 cavillationes
1859 3837 2048 3908 muniendi
2070 3847 2138 3907 sunl

48 3966 51 3972 ¹
121 3930 208 4004 ideo
224 3929 284 4004 hic
301 3931 448 4001 additur
463 3933 628 4027 negativa
643 3938 849 4026 responsio:
878 3938 1000 4011 ludaei
1018 3939 1112 4012 nibil
1163 3930 1294 4034 animi,
1328 3945 1369 4002 ul
1393 3934 1589 4024 simplicem
1615 3949 1790 4007 ‘ivetam
1813 3940 2026 4009 senleniiam
2050 3935 2137 4009 Pauli

120 4048 316 4128 praestant,
342 4033 494 4119 seilicet,
518 4039 613 4128 quod
632 4040 675 4106 ad
693 4040 859 4109 meritum
876 4044 1009 4115 attinet,
1046 4041 1111 4117 Est
1164 4035 1395 4121 retineamus,
1430 4059 1470 4106 ac
1493 4040 1685 4128 prudenter
1708 4042 1801 4112 cavit
1823 4042 1899 4133 ipse
1919 4039 2137 4128 Pauluspue

80 4160 82 4165 ·
125 4158 209 4227 ergo
241 4137 431 4210 sententia:
463 4133 695 4232 Nequaquam
721 4143 943 4231 excellimus,
977 4148 1014 4216 id
1049 4164 1111 4235 est,
1165 4129 1555 4228 hl‘ssxc‘l'liwffindi
1575 4156 1704 4231 P⁰⁸⁸010
1755 4143 2137 4235 Primumffliffl‘l‘li

122 4263 195 4309 non
211 4264 332 4310 sumus
348 4239 430 4309 iusti
448 4253 592 4331 propter
608 4257 764 4313 nostram
780 4244 1001 4335 dignitatem,
1024 4276 1108 4343 pm.
1163 4237 1316 4309 inculcat
1351 4241 1611 4312 universalem:
1654 4246 1785 4314 deinde
1820 4246 1921 4317 addit
1963 4248 2137 4329 rationem,

7 4412 9 4417 s
122 4355 200 4433 pter
211 4364 316 4432 opera
331 4340 437 4430 legis,
464 4356 610 4442 propter
626 4360 766 4416 nostras
784 4348 933 4421 virtutes
947 4365 1013 4424 etc.
1164 4364 1255 4433 (1⁰⁸²
1276 4345 1433 4415 0³10¹1dll
1451 4346 1535 4436 quid
1555 4360 1704 4417 actum·
1755 4347 1816 4417 Αῑί
1833 4349 1943 4417 θῐὶῑῐῠῑ
1979 4347 2037 4419 ΕΟ
2053 4347 2136 4443 (111ῠῦ

1162 4466 1203 4510 ex
1224 4444 1393 4533 operibus
1419 4447 1507 4535 legis
1536 4472 1610 4517 non
1643 4449 1890 4519 iustificabitur
1914 4452 2035 4521 omnis
2058 4474 2137 4523 caro.

1162 4541 1231 4614 llic
1247 4546 1374 4618 diserte
1391 4571 1465 4618 non
1480 4563 1616 4622 tantum
1633 4575 1799 4641 personas
1813 4567 1974 4643 accersat,
2000 4555 2063 4624 sed
2076 4553 2138 4624 illit

1161 4647 1248 4735 ipsis
1263 4649 1368 4720 bonis
1382 4652 1551 4741 operibus
1562 4651 1718 4726 detrabit
1733 4655 2034 4738 iustificatiouem,
2060 4674 2138 4751 quet

1160 4748 1215 4819 illi
1241 4752 1368 4822 volunt
1390 4754 1515 4843 excipi.
1576 4751 1716 4827 Deinde
1736 4753 1869 4828 Psalm.
1893 4758 2033 4853 inquit:
2066 4757 2138 4831 Neo

290 2954 399 3059 Quid
409 2958 556 3056 igilur?
585 2954 851 3036 Praecellimus
866 2964 953 3037 eos?

171 4568 276 4656 Nam
307 4588 394 4650 ante
425 4579 548 4652 causis
584 4579 738 4659 redditis
774 4582 998 4659 ostendimus
1025 4597 1057 4659 et

485 4678 649 4756 Iudaeos
676 4696 736 4764 etc.

211 4828 401 4923 ¹Repetitio
430 4848 495 4906 est'
507 4838 785 4928 propositionis:
831 4842 887 4913 Ac
918 4842 1107 4935 diligenter
1159 4852 1269 4923 intres
1286 4855 1326 4923 in
1342 4856 1513 4925 iudicium
1530 4880 1611 4925 cum
1627 4882 1731 4928 servo
1748 4873 1830 4944 tuo,
1853 4859 2029 4953 quianon
2047 4860 2138 4933 iusti·

119 4934 381 5007 observandum
399 4952 479 5023 est,¹
496 4942 591 5032 quod
608 4942 679 5010 iam
695 4943 797 5013 effert
822 4969 898 5013 eam
922 4948 1105 5020 universa·
1137 4953 1319 5027 ‚licabitur
1345 4959 1382 5024 in
1408 4974 1597 5048 conspectu
1619 4975 1681 5033 tuo
1705 4962 1823 5031 omnis
1846 4961 1984 5038 visent.
2050 4960 2140 5041 litet

5 5030 9 5041 ¹
119 5037 220 5133 liter,
254 5052 288 5108 et
315 5040 384 5122 ait,
419 5065 544 5111 omues
577 5043 645 5113 sub
677 5059 819 5133 peccato
853 5070 946 5133 esse,
979 5049 1105 5138 idest,
1156 5059 1327 5127 sententia
1353 5072 1386 5129 et
1408 5060 1594 5152 pleraeque
1615 5064 1750 5137 similes
1771 5076 1945 5136 testantur
1969 5066 2137 5158 exceptio·

119 5163 243 5213 omnes
260 5135 424 5213 homines
440 5167 514 5212 esse
527 5168 606 5213 reos
622 5146 768 5235 peccati,-
787 5147 862 5216 irae
874 5148 940 5219 Dei
958 5164 991 5220 et
1006 5177 1105 5225 mor-2
1155 5182 1237 5227 nem
1260 5159 1357 5229 illam
1381 5162 1504 5231 falsam
1528 5187 1621 5249 esse,
1647 5167 1730 5258 quia
1754 5165 1847 5235 clare
1869 5167 2004 5249 docent
2024 5181 2138 5239 nostn

117 5240 163 5315 tis
177 5255 350 5317 aeternae.
399 5244 579 5340 Loquitur
594 5260 714 5316 autem
733 5250 967 5322 ds‘omnibus
983 5249 1103 5325 homi·
1134 5261 1579 5357 toramen-mopsos
1593 5268 1727 5358 opponi
1745 5267 1881 5343 iudicio
1891 5268 1976 5351 oei.
2035 5268 2139 5341 Pras·

116 5340 224 5411 nibus
244 5359 387 5442 excepto
406 5343 581 5442 Christo,
599 5367 798 5527 ac-sanptos
817 5351 926 5431 etiam
944 5359 1101 5449 comple·
1130 5364 1245 5453 {torsa
1261 5364 1601 5469 si:-moralis.opera
1617 5370 1870 5458 iusunsarsnt.
1894 5372 2141 5449 iustificatum

687 5460 704 5487 ι
750 5476 769 5513 l‘.
