1375 1563
157 84 195 105 621

155 132 196 151 ses,
214 133 246 147 sm
257 128 381 147 universalem
394 127 514 147 obedientiam
528 134 590 147 snmus
602 128 650 147 insti.

156 154 186 173 Sic
198 153 303 177 intelligunt
313 154 375 174 fidem,
393 157 412 172 et
424 154 494 172 landari
505 154 630 178 professionem
640 160 650 172 a

156 180 213 198 Paulo
222 180 345 201 arbitrantur,
364 180 407 203 quia
417 180 450 198 etsi
461 180 561 198 eommunis
571 183 597 198 est
609 186 651 203 prm

157 205 209 223 fusio
216 211 257 223 eum
265 205 366 228 flagitiosis,
378 208 438 223 tamen
447 205 487 223 sine
497 211 517 223 ea
529 209 606 224 caeterae
614 205 651 223 vir-

157 234 202 249 tutes
208 243 215 253 ,
227 234 248 248 nt
255 231 275 249 in
283 230 357 251 Turris.
367 236 406 248 non
413 231 503 253 placerent
509 230 555 249 Deo.
574 230 601 249 lta
608 230 651 249 haec

157 255 268 280 synecdoche
277 256 397 274 'transformat
412 255 529 279 Evangeliurn
549 256 568 274 in
588 257 651 279 legem,

157 282 241 300 transfert
247 281 322 305 gloriam
329 280 397 300 Christi
403 282 425 300 ad
433 285 503 300 nostras
511 282 590 304 virtutes,
603 282 651 300 delet

157 307 297 326 consolationem
304 308 462 329 conscientiarum,
478 308 538 326 abolet
550 308 650 326 doctrinam

156 338 215 351 ream
222 333 246 351 de
253 333 298 354 fide,
310 333 328 350 id
336 336 370 354 est,
382 333 446 351 fiducia
453 333 590 353 misericordiae.
611 333 650 351 Imo

156 357 244 377 Mai-mhi
258 358 311 377 etiam
330 358 393 376 iubent
408 358 489 377 dubitare
507 359 530 377 de
546 359 650 377 remissione

214 390 273 403 orum.
298 383 366 402 Vident
377 384 425 402 euim
437 384 457 402 in
469 383 551 402 humanis
560 384 651 403 mentibus

156 409 262 428 naturaliter
272 408 345 427 haerere
352 410 473 428 dubitationes
480 410 503 428 de
511 409 543 428 Dei
553 410 650 429 voluntate.

156 434 197 453 iden
204 435 313 453 confirmant
322 441 361 457 eas,
373 441 406 453 nec
417 438 479 459 putant
489 441 526 453 csse
536 435 588 457 vitia.
600 439 649 453 tene-

156 461 196 478 btss
206 461 301 478 nobiscnm
311 464 370 482 natos,
385 466 459 484 prorsus
468 464 488 479 ut
499 461 593 479 academici
605 460 650 479 Phi-

156 485 226 509 losophi
236 492 267 504 seu
275 485 378 510 Pyrrhonii.
402 486 497 509 Copiosiu'a
506 487 560 509 igitur
571 487 617 505 infra
629 487 649 504 in

155 511 288 530 Commentario
304 512 385 530 refutabo
402 510 449 530 banc
465 512 598 536 synecdochen,
616 518 649 535 pu-

156 540 240 560 gnantem
250 543 291 555 cnm
298 540 333 555 tots
344 537 464 561 disputatione
472 537 530 556 Pauli.
556 537 593 556 Nos
605 538 649 556 reti-

156 568 218 581 nemus
226 561 248 581 nl
257 561 314 586 ῥητὸν
323 563 370 586 apud
378 562 462 581 Paulum:
479 563 523 581 Fide
534 563 650 582 iustificamur

157 588 220 611 gratia,
235 588 255 606 id
267 591 303 610 est,
318 588 444 612 consequimur
455 589 576 607 remissionem
587 595 649 613 pecea-

158 617 215 632 torum
223 617 241 632 et
247 614 383 637 imputationem
391 614 471 632 iustitiae
482 620 541 632 eoram
550 614 599 636 Deo,
611 620 649 632 non

158 643 227 663 propter
233 639 271 657 nlla
278 643 339 657 nostra
345 640 416 661 merita,
429 640 460 657 sed
471 640 515 661 lide,
527 640 546 658 id
554 643 590 662 est,
602 640 649 658 fidu-

159 665 182 683 eia
197 665 330 683 misericordiae
347 665 444 688 promissae
463 668 537 689 propter
551 664 649 684 Christum.

159 689 196 708 Bon
207 690 263 713 iginu-
277 690 378 713 affingimus
393 690 449 709 Paulo
464 690 596 714 synecdochen,
616 697 649 709 nec

160 719 243 734 muamus
254 715 292 733 eius
303 716 417 739 contionem,
431 716 462 734 sed
473 717 496 734 ab
508 716 546 740 ipso
558 717 649 738 discimus,

160 741 251 759 retinemus
259 742 373 762 sententiam,
385 747 439 765 quam
448 745 465 760 et
473 742 560 760 sermonis
568 742 648 765 proprie-

161 769 191 789 tas,
202 770 220 785 et
226 767 281 785 series
288 767 414 790 disputationis
421 767 506 787 efficiunt.
532 767 589 791 spero
596 773 649 786 enar-

161 793 197 811 ratis
203 792 301 814 vocabulis,
312 792 387 815 intelligi
396 793 543 816 propositionem:
555 792 601 811 Fide
609 799 648 816 grs—

151 818 179 836 ·tis
185 818 306 836 iustificamur.
326 818 383 836 Valde
391 822 449 837 autem
458 819 530 842 prodest
538 819 582 841 piis,
594 818 649 837 buius

150 843 281 867 ‘propositionis
291 847 337 862 certa
349 844 462 865 testimonia,
474 850 495 862 ae
505 844 649 863 confirmationes

161 869 176 886 in
186 873 257 892 promtu
267 873 284 887 et
296 869 315 887 in
327 873 422 893 conspectu
434 868 509 890 habere.
522 873 560 888 tum
573 870 596 888 sd
607 876 648 888 eru-

162 895 229 913 diendas
236 898 313 917 mentes,
326 898 363 912 tnm
376 895 399 913 ad
410 895 520 913 excitandam
532 895 584 913 fidem
595 898 648 920 atque

162 920 291 939 imontiouem.
325 920 367 938 ldeo
382 921 426 938 alibi
437 921 502 939 multas
516 921 612 939 sententias
627 927 648 938 ex

161 944 211 964 Panlo
222 946 302 968 muge-zi
312 946 335 963 de
347 945 380 964 hac
392 946 519 969 propositione.
556 946 594 964 Hic
605 946 648 964 setis

162 971 179 989 sit
184 974 291 989 monstrasse
298 972 393 997 praecipua
399 972 444 990 loca.
471 971 491 989 ln
499 972 534 989 fine
542 972 605 995 eapitis
612 975 648 990 ter-

162 996 177 1014 tii
182 997 203 1015 ad
211 996 313 1018 Romanoa,
325 997 390 1015 diserte
397 1000 415 1015 et
422 997 483 1015 multis
490 997 544 1015 tradit
551 996 597 1015 banc
605 1003 647 1021 pro-

150 1029 155 1034 ·
162 1023 260 1045 luo-‘tionem
271 1022 347 1041 Paulus:
364 1023 429 1040 deinde
440 1023 562 1041 accommodat
571 1023 593 1041 ad
605 1029 647 1046 pro-

162 1048 274 1070 positionem,
293 1051 313 1066 nt
331 1048 384 1066 series
399 1048 525 1071 disputationis
542 1048 648 1071 postulabat,

162 1074 266 1095 gravissimas
272 1077 290 1092 et
298 1074 426 1092 eruditissimas
437 1073 590 1095 confirmationes,
602 1079 648 1097 quoe

161 1099 226 1122 qoislem
237 1099 337 1122 infigendae
349 1102 391 1117 sunt
401 1099 476 1121 animis,
489 1102 510 1117 ut
521 1099 573 1117 fidem
585 1105 647 1117 acten—

161 1125 206 1146 dsnt,
218 1128 237 1142 et
243 1125 296 1143 nobis
304 1125 418 1148 praeluceant
425 1125 444 1142 in
451 1125 535 1143 omnibus
542 1124 631 1147 perieulis.

203 1149 245 1168 Dixi
254 1151 277 1168 de
284 1150 417 1172 iustificatione,
431 1153 449 1168 et
456 1151 478 1168 de
486 1150 526 1168 fide.
545 1150 598 1168 Nunc
605 1150 647 1168 bre-

159 1175 199 1194 viter
205 1176 288 1193 adiiciam
294 1176 394 1194 doctrinam
404 1176 427 1193 de
435 1176 487 1201 bonis
494 1176 578 1198 operibus
585 1181 616 1193 seu
625 1176 647 1193 de

159 1207 198 1219 nova
206 1201 317 1224 obedientia,
330 1207 375 1225 quae
384 1201 437 1219 fldem
445 1201 496 1225 sequi
504 1201 561 1219 debet.
587 1200 647 1224 Quae—

158 1230 218 1245 mntur
224 1229 284 1244 autem
291 1225 334 1245 haec
340 1230 422 1250 quatuor.
441 1226 498 1249 vQuae
506 1232 559 1250 opera
567 1227 647 1244 facienda

157 1252 199 1271 sint?
220 1251 317 1275 Quomodo
336 1252 375 1270 fieri
391 1252 472 1276 possint?
495 1252 591 1275 Quomodo
607 1252 647 1275 pla—

157 1278 215 1297 ceant?
229 1282 258 1299 et,
271 1283 294 1295 an
304 1281 377 1302 propter
384 1284 450 1296 novam
457 1278 577 1296 obedientiam
589 1278 646 1296 renati

156 1304 187 1323 tint
193 1303 250 1322 iusti?
263 1303 281 1321 id
288 1307 323 1325 est,
336 1304 402 1327 accepti
410 1302 448 1322 Deo
456 1304 479 1321 ad
487 1304 542 1321 vitam
549 1306 645 1324 aeternam,

155 1335 190 1352 seo,
206 1335 231 1347 an
242 1328 279 1347 sint
290 1329 329 1347 sine
341 1333 423 1352 peccato,
438 1332 455 1347 et
465 1329 516 1352 digni
527 1329 562 1347 vita
575 1332 646 1347 aeterna

152 1359 223 1379 propter
233 1355 326 1378 propriam
335 1355 447 1373 munditiem.
473 1354 543 1377 Quarto
554 1354 646 1378 quaeritur

152 1382 173 1400 de
188 1380 293 1399 discrimine
304 1384 424 1404 peceatomm:
441 1379 493 1403 Quae
500 1380 592 1398 excutiant
604 1385 645 1403 gra-

309 84 361 103 xm.
386 85 406 105 8.
422 83 605 104 consummi}
618 84 644 104 m
656 84 734 105 EPIST.
747 83 823 104 PAULI
835 84 872 103 AD
884 84 1017 105 ROMANOS.

677 128 730 149 tiam,
743 128 806 149 fldem,
818 132 836 147 et
843 128 931 152 Spiritum
940 128 1034 147 sanctmn?
1052 128 1104 152 Quae
1112 127 1175 147 dican-

677 158 707 173 tur
714 154 802 172 venialia?
1050 161 1052 163 >

727 190 755 210 De
765 191 824 215 prims
835 192 948 216 quaestione,
964 192 1015 215 Quae
1027 199 1080 217 opera
1091 193 1172 211 facienda

677 218 718 236 sint.
750 217 827 236 Rectum
843 222 870 236 est
884 218 972 236 deducere
983 222 1050 237 mentes
1061 219 1084 236 ad
1097 219 1171 237 verbum

676 243 720 265 Dei¹
740 247 761 261 ut
772 243 828 261 sciant
839 246 894 261 totam
912 244 966 262 vitam
986 244 1006 261 iu
1017 244 1114 262 certamine
1127 250 1172 262 con-

676 269 770 290 scientiae,
789 272 807 286 et
818 268 836 286 in
848 269 948 287 actionibus
959 270 1054 292 regendam
1065 275 1102 287 esse
1116 270 1172 287 verbo

676 294 716 316 Dei,
726 294 772 312 sient
779 294 837 318 inquit
844 294 941 318 Propheta:
954 294 1036 313 Lucerna
1043 295 1119 318 pedibus
1128 295 1172 313 meis

676 320 751 338 verbum
763 323 819 338 tuum.
853 320 961 344 Respondeo
973 321 1027 344 igitur
1038 321 1119 339 facienda
1134 326 1172 339 esse

676 351 730 369 opera
738 345 791 363 nobis
802 351 812 363 a
820 345 858 363 Deo
866 349 964 371 praecepta.
989 346 1013 364 Et
1020 350 1088 365 certum
1096 346 1172 365 verbum

676 375 796 396 proponatur,
810 371 901 393 videlicet,
913 372 1014 395 Deealogus
1024 375 1045 390 ut
1054 372 1074 389 in
1085 378 1133 390 novo
1144 375 1172 390 te-

676 400 764 415 stamento
772 397 857 420 repetitus
867 400 883 415 et
895 401 987 416 enarratas
998 401 1036 419 est,
1049 398 1081 415 etsi
1092 403 1127 421 qun
1136 397 1171 415 slia

675 425 768 446 praecepta
776 425 819 440 aunt
828 422 851 440 de
859 423 940 441 moribus
951 423 971 441 in
980 423 1097 441 concionibus
1103 422 1172 441 Christi

675 451 693 466 et
700 447 833 470 Apostolorum.
852 447 892 466 l'loo
899 454 921 466 eo
928 448 1023 467 dicendum
1030 452 1055 467 est
1059 461 1066 470 ,
1077 454 1101 466 ne
1108 451 1172 472 putent

675 472 757 491 homines
764 473 818 491 licere
826 473 869 496 fingi
876 474 934 492 cultus
941 478 958 492 et
965 480 1019 497 opera
1026 477 1088 492 nostro
1095 473 1171 492 arbitrio

675 499 714 517 sine
726 499 809 517 mandato
823 498 867 520 Dei,
886 499 931 517 sicut
946 498 1072 518 Entbnsiastae
1087 499 1172 517 omnibus

675 524 796 547 temporibus,
816 523 851 543 hoc
863 528 900 546 est,
918 525 962 543 olim
973 524 1071 547 Mun-ehi,
1090 528 1109 543 et
1122 531 1171 543 nunc

676 550 813 573 Ansbaptistae,
826 550 891 568 omisso
899 554 917 568 et
924 551 992 569 abiecto
1000 551 1054 568 verbo
1062 550 1106 572 Dei,
1116 556 1171 574 opera

675 576 766 598 elegernnt
780 581 813 593 sno
828 575 903 597 iudicio,
923 580 983 599 postea
997 576 1105 594 affinxerunt
1114 582 1133 594 se
1145 576 1171 594 sic

675 601 746 619 incitari
758 607 768 619 a
779 601 854 624 spiritu,
873 607 906 619 nec
921 607 958 620 esse
968 602 1006 624 lege
1018 601 1101 624 spiritum
1113 601 1171 625 impo-

675 627 768 646 diendum.
797 626 845 644 Hine
857 631 915 645 seenta
928 631 954 645 est
966 626 1058 645 horribilis
1070 626 1170 650 Anabapti·

675 656 741 670 starum
751 651 826 675 ἀνομία.
842 651 899 670 Porro
906 652 952 670 infra
960 653 1038 674 dicetur,
1051 653 1095 677 quid
1102 653 1125 671 sit
1133 658 1170 670 esse

674 678 770 696 liberatum
779 684 788 695 a
796 678 844 700 lege,
857 684 905 696 nunc
914 678 958 696 illud
967 679 1044 696 breviter
1054 678 1103 699 dico,
1117 684 1170 696 rena-

675 707 702 722 tos
714 703 757 725 fide,
773 707 794 721 ut
805 703 871 721 dictum
882 707 918 725 ent,
937 704 1015 727 accipere
1027 703 1115 727 Spiritum
1129 709 1170 721 sau-

675 733 733 749 ctum,
750 728 800 746 utin
815 728 840 746 eis
852 728 934 747 inoo'e‘tur
945 735 991 747 novo
1006 729 1117 750 obedientia,
1133 729 1171 750 lux,

674 758 693 773 et
702 754 737 772 vita
744 758 824 775 aeterna,
836 760 881 777 qnae
889 758 914 772 est
925 755 1011 778 quaedam
1020 755 1039 772 in
1048 755 1100 772 nobis
1108 754 1170 772 incoa-

675 781 700 798 tio
709 779 751 803 legis
759 779 836 798 divinae.
858 779 900 797 Ideo
908 780 975 798 dicitur
981 780 999 798 in
1008 779 1105 803 Propheta:
1118 779 1170 798 Dabo

674 806 731 828 legem
738 811 795 823 meam
804 805 822 822 in
831 805 884 823 corda
892 811 960 824 eorum.
986 805 1035 824 Haec
1046 805 1124 824 incoatio
1136 811 1169 823 uc·-

674 831 750 850 cessario
757 831 806 854 sequi
815 830 868 848 fidem
876 831 937 851 debet,
950 831 995 849 sicut
1008 834 1095 849 testantur
1103 831 1170 849 multae

674 856 779 875 sententiae:
796 855 816 874 Si
828 856 855 874 vis
867 856 886 874 in
899 856 953 874 vitam
967 857 1045 879 ingredi,
1058 862 1108 875 serva
1118 862 1170 874 mau-

674 883 722 900 data;
747 881 800 899 Item:
812 881 852 899 Nisi
861 882 979 900 abundaverit
987 882 1056 900 institia
1065 885 1129 903 vestra.
1137 885 1170 901 etc.

675 908 727 926 ltem:
744 907 877 929 Furnio-tom.
895 908 982 929 adulteri,
998 914 1036 925 non
1052 908 1170 931 possidebunt

674 939 749 956 regnum
760 932 800 951 Dei.
833 932 857 951 Et
868 932 946 955 Spiritus
959 937 1031 952 sanctus
1043 937 1104 951 movet
1114 933 1169 951 corda

674 965 706 983 per
717 958 791 976 verbum
802 957 844 977 Dei.
882 958 924 977 Ideo
937 959 1014 982 regenda
1029 962 1056 977 est
1066 958 1169 977 obedientia

674 988 722 1003 certo
732 984 787 1001 verbo
794 983 837 1005 Dei,
850 983 879 1001 eni
887 984 972 1002 debemus
979 985 1111 1007 obtemperare.
1123 983 1169 1001 sieut

674 1010 740 1028 Paulus
752 1009 819 1033 inquitz
839 1008 934 1028 Debitos-es
946 1016 1016 1031 sumus,
1036 1016 1059 1027 ne
1071 1009 1168 1028 secuudum

674 1041 745 1054 carnem
757 1035 842 1053 vivamus<
874 1034 911 1053 Nec
922 1039 980 1058 potest
990 1035 1064 1053 existere
1075 1035 1118 1053 fides
1130 1034 1169 1052 sine

674 1060 791 1084 poenitentia:
805 1060 847 1084 quia
855 1060 889 1078 fide
896 1061 998 1084 accipienda
1007 1064 1032 1078 est
1041 1060 1120 1079 resnissio
1127 1066 1169 1083 peo-

673 1089 759 1105 catorum.
785 1085 827 1103 Non
838 1089 897 1104 antem
909 1086 953 1109 petit
964 1085 1086 1104 remissionem
1098 1086 1124 1106 is.
1137 1085 1169 1110 qui

673 1112 772 1130 delectatur
785 1112 851 1129 scelere
866 1115 928 1129 contra
939 1111 1071 1129 conscientiam.
1107 1110 1170 1135 Neque

673 1141 716 1155 vero
724 1140 794 1155 tantum
805 1140 876 1155 externa
884 1137 978 1160 disciplina
986 1137 1086 1160 flagitatur,
1100 1137 1130 1155 sed
1140 1137 1169 1154 in-

673 1163 731 1181 coatio
743 1162 834 1180 interioria
849 1162 971 1183 obedientiae,
990 1162 1057 1181 scilicet
1072 1162 1098 1186 pii
1110 1166 1169 1180 motus

673 1189 732 1207 cordis
740 1187 869 1206 consentientes
877 1193 918 1205 cnm
925 1188 964 1210 lege
971 1187 1011 1207 Dei.

724 1225 828 1244 Adversarii
835 1226 891 1244 nostri
899 1232 939 1244 cum
949 1226 971 1244 de
982 1226 1035 1244 bonis
1045 1226 1129 1249 operibus
1136 1232 1169 1243 vo-

673 1252 779 1273 ciferantur,
791 1251 883 1270 clamitant
891 1251 913 1269 de
921 1252 985 1275 puerili
993 1252 1087 1275 diciplina,
1099 1252 1122 1269 de
1129 1257 1169 1269 mo-

673 1278 728 1296 destia
740 1277 759 1295 in
772 1277 845 1298 vestitu,
863 1277 882 1294 in
894 1277 934 1295 cibo
947 1280 964 1295 et
975 1281 1029 1300 potu,
1044 1277 1135 1295 interdum
1145 1277 1168 1294 de

672 1302 789 1326 eleemosynis
799 1302 867 1326 aliquid
880 1302 947 1321 dicunt.
973 1302 1042 1320 interca
1054 1303 1076 1320 de
1083 1302 1169 1325 operibus

671 1328 740 1352 primae
754 1328 825 1346 tabulae
839 1328 930 1346 silentium
943 1331 979 1349 est,
997 1328 1019 1345 de
1031 1327 1107 1351 quibus,
1127 1333 1168 1345 cum

671 1354 754 1377 ignorent
761 1353 860 1371 doctrinam
869 1354 891 1371 dc
900 1353 944 1375 fide,
955 1352 1003 1371 nihil
1014 1353 1074 1375 dicere
1087 1356 1168 1376 possunt.

670 1379 706 1398 Sed
714 1379 763 1398 Dens
770 1379 837 1402 flagitat
846 1379 939 1402 utriusque
951 1378 1021 1397 tabulae
1031 1378 1096 1398 officia.
1122 1378 1171 1396 Vult
