4530 5776
179 190 296 302 teto·
404 216 410 255 ³
525 248 574 259 ·-
692 234 696 241 ·
769 188 912 271 etius
936 187 1055 265 Meu
1081 184 1295 265 SCRIPTA
1320 184 1740 265 Rutilium-2¹22
1793 196 1899 259 .‡=.;·
1951 185 2053 261 ,llll'
2114 184 2213 267 nm

186 414 265 469 rere
287 400 321 458 et
342 402 462 471 regere
490 387 630 446 coetum
653 366 859 461 publicum,
892 376 927 433 et
948 361 1112 455 politiae,
1136 370 1175 430 et
1227 361 1265 430 in
1293 362 1401 435 simili
1429 360 1568 445 officio,
1610 357 1695 453 quis
1720 359 1836 429 voluit
1860 356 1958 432 Deus
1984 354 2210 451 lurtclpsattt

187 493 372 568 mulierem
407 478 549 576 proprie
588 467 870 561 gubernatricem
909 463 1174 534 oeconomicam
1227 465 1446 537 creationem
1479 477 1603 558 typum
1638 482 1716 533 este
1743 458 1925 535 Ecclesiae
1962 462 2145 536 nutantis
2173 488 2211 537 es

189 619 282 672 esse,
322 588 414 657 sicut
437 580 555 676 inquit
580 574 776 647 Homerus:
810 559 919 667 λόγος
947 560 987 638 δ’
997 559 1176 662 ἄνδρεσσι
1227 567 1314 639 filio.
1487 656 1490 663 ¹
2070 568 2089 609 ’-

190 693 347 793 μελήσει
1330 666 1418 739 Sine
1449 667 1524 735 nlla
1556 665 1782 737 dubitatione
1816 668 1976 757 proxima
2010 664 2134 757 imago
2163 682 2210 741 est

294 787 464 882 Sequitur
486 803 569 871 ergo
593 778 723 869 gradus
742 770 1009 844 oeconomicus:
1037 764 1106 836 Vir
1127 779 1179 836 est
1230 770 1366 842 aeterni
1388 767 1521 857 patris,
1553 769 1668 851 filins,
1694 767 1730 836 id
1755 782 1826 849 eat,
1852 783 1904 839 est
1925 781 2057 841 natura
2082 770 2211 841 intelli·

194 912 298 991 eaput
319 887 499 966 mulieris,
525 885 559 951 id
584 894 654 964 est,
678 877 734 945 vic
756 874 855 965 prins
870 873 998 963 accipit
1020 869 1180 938 ministe·
1231 895 1336 963 gens,
1379 865 1515 941 habens
1542 871 1663 940 radios
1686 869 1725 939 in
1751 892 1787 937 se
1815 872 2010 941 transimus
2036 872 2212 955 essentiae,

195 1004 289 1075 rium
313 988 465 1064 docendi
481 999 515 1056 et
533 980 696 1071 regendi,
721 976 851 1047 deinde
867 988 1001 1067 partem
1017 969 1180 1043 attribuit
1233 972 1444 1065 sapientiae,
1484 971 1645 1043 institiae
1668 985 1705 1042 et
1733 972 1827 1041 ritae
1852 972 1987 1043 aeterni
2013 975 2149 1063 patris,
2184 990 2212 1049 st

196 1096 338 1175 mulieri
366 1093 404 1163 in
427 1084 645 1160 oeconomia.
695 1076 813 1151 Mater
832 1078 936 1147 ducet
957 1088 992 1145 et
1012 1073 1101 1163 regit
1123 1095 1182 1141 so·
1234 1093 1285 1147 est
1308 1075 1421 1165 gloria
1446 1074 1573 1164 patris,
1599 1073 1729 1155 idest,
1762 1077 1955 1144 ostendens
1978 1089 2015 1147 et
2036 1076 2213 1149 celebrans

197 1205 338 1281 belem,
371 1194 461 1264 sicut
477 1187 637 1262 Rebecca
659 1181 761 1252 docet
783 1180 897 1249 filium
919 1174 1036 1249 lacob.
1086 1171 1183 1243 Haec
1235 1176 1433 1270 partemin
1460 1199 1587 1264 genere
1611 1169 1780 1245 hnmano,

199 1295 580 1392 interpretatorem,
612 1285 718 1378 plana
752 1295 786 1355 et
810 1279 994 1373 perspicua
1022 1291 1085 1350 est.
1137 1271 1185 1346 Et
1338 1275 1477 1370 Deinde
1497 1278 1645 1347 sicutex
1661 1278 1777 1345 Adam
1799 1277 1954 1349 sumitur
1974 1291 2093 1363 rosta,
2119 1282 2211 1365 rande,

201 1408 257 1478 rir
271 1404 308 1473 in
325 1396 470 1491 publico
493 1405 595 1462 coetu
617 1388 743 1455 doctor
763 1397 834 1467 est,
860 1396 893 1452 et
915 1382 1132 1470 gubernator
1152 1389 1186 1446 et
1240 1395 1277 1450 ιιι
1296 1379 1345 1449 ibi
1367 1379 1536 1469 scriptum
1562 1392 1633 1463 est,
1660 1379 1865 1448 aedificatur
1879 1375 1973 1449 Eva:
2003 1379 2054 1451 ita
2072 1384 2211 1454 sternitur

203 1503 404 1602 praeliator.
453 1494 561 1566 Hunc
583 1487 738 1578 conspici
762 1498 917 1577 oportet:
945 1483 1025 1550 ideo
1046 1504 1119 1549 non
1141 1477 1189 1550 sit
1240 1480 1396 1553 Ecclesia
1417 1504 1457 1549 ex
1482 1479 1559 1571 ipso
1580 1503 1728 1569 corpure
1751 1480 1813 1549 lilii
1831 1479 1919 1564 Dei,
1946 1481 1981 1549 id
1999 1496 2074 1563 est,
2100 1506 2145 1557 ex
2160 1509 2210 1555 na·

205 1608 350 1679 velatus.
404 1597 540 1670 Mulier
561 1615 635 1662 non
654 1592 754 1658 docet
770 1589 806 1656 in
830 1586 972 1675 publico
989 1603 1190 1669 congressu,
1241 1600 1319 1656 tura
1344 1583 1437 1651 socia
1461 1582 1524 1650 filii
1542 1580 1610 1651 Dei
1633 1584 1788 1651 redemta
1809 1582 2019 1673 peripsum,
2071 1580 2121 1655 Ει
2141 1581 2211 1657 hm

205 1733 269 1783 nec
285 1718 337 1776 est
351 1694 580 1792 gubernatrix
600 1690 742 1783 politica
767 1713 833 1757 nec
856 1684 1074 1780 praeliatrix:
1108 1683 1188 1751 ideo
1241 1699 1293 1755 est
1320 1687 1435 1774 imago
1460 1683 1617 1765 domini,
1645 1698 1770 1753 natura
1796 1684 2021 1774 intelligens,
2051 1687 2211 1780 accipiens

207 1815 244 1882 in
272 1804 415 1902 publico
443 1808 620 1871 conventu
642 1791 691 1862 sit
714 1791 839 1862 velata.
888 1785 984 1857 llaec
1007 1801 1087 1876 apte
1105 1808 1191 1852 con·
1242 1790 1288 1858 ab
1308 1787 1384 1878 ipso
1402 1784 1604 1854 immediate
1626 1786 1792 1865 verbnm,
1819 1786 2041 1875 agnitionem
2063 1784 2150 1875 Dei,
2171 1814 2211 1861 st·

207 1921 358 2004 gruunt,
392 1903 476 1998 quia
500 1908 697 1983 oratorem,
726 1893 1019 1981 gubernatorem,
1043 1888 1191 1969 ducem,
1246 1890 1413 1981 pientiam
1435 1902 1469 1958 et
1483 1886 1671 1969 iusticiam,
1690 1900 1723 1957 et
1739 1901 1788 1956 est
1804 1888 1916 1978 gloria
1934 1882 2120 1961 celebrans
2136 1915 2212 1967 enm.

207 2017 246 2085 in
268 2011 342 2081 acie
364 2002 522 2094 conspici
545 2007 705 2090 oportet,
738 1994 829 2064 sicut
850 2005 885 2061 et
909 1988 1005 2059 domi
1029 1989 1066 2057 in
1088 2011 1193 2057 oeco-
1244 1988 1290 2061 Ει
1313 1989 1395 2082 qnia
1420 2002 1472 2060 est
1489 2012 1529 2058 ns
1547 2012 1587 2057 ex
1604 1989 1743 2058 ossibus
1764 1989 1858 2079 eius,
1891 2001 1926 2060 et
1946 2014 2030 2063 caro
2052 2010 2096 2063 ex
2111 1992 2212 2078 carne,
2248 2038 2251 2045 ·

210 2098 350 2186 nautica
397 2100 654 2197 gubernatione
700 2092 1000 2166 matremfamilias
1037 2087 1195 2181 conspici
1245 2091 1410 2162 mirabile
1443 2090 1649 2161 incendium
1685 2104 1737 2161 est
1770 2091 1901 2161 amoris
1933 2108 2101 2165 mutuum
2139 2096 2211 2167 inter
2247 2058 2251 2107 Ι

208 2224 359 2309 oportet.
1247 2191 1344 2264 hunc
1365 2193 1552 2262 dominum
1577 2205 1611 2261 et
1633 2192 1729 2262 inter
1749 2190 1954 2266 Ecclesiam.

311 2310 406 2385 Sunt
426 2326 509 2393 ergo
535 2299 719 2392 perspicua
743 2291 830 2366 haec
849 2296 962 2366 dicta:
989 2291 1057 2362 Vir
1073 2291 1109 2360 in
1128 2315 1196 2381 pn-
1348 2291 1418 2364 Hie
1434 2307 1537 2388 typus
1558 2293 1714 2363 illustrat
1731 2294 1864 2363 dictum
1880 2292 2002 2383 Pauli,
2030 2294 2105 2369 imo
2121 2310 2212 2370 totam

210 2419 305 2491 blico
335 2428 525 2497 congressu
552 2417 649 2473 stans
678 2400 813 2469 velatus
833 2397 873 2465 in
896 2395 1099 2489 precatione
1129 2418 1195 2484 pu·
1249 2397 1448 2467 doctrinam
1471 2396 1515 2463 de
1533 2390 1732 2469 Creatione.
1785 2394 1833 2467 Ut
1849 2390 2013 2468 Christus
2037 2413 2091 2470 est
2116 2402 2212 2493 imago

209 2522 320 2599 blica,
343 2525 403 2582 aut
417 2506 607 2588 concione,
633 2504 809 2572 deformat
822 2511 945 2590 caput,
972 2496 1008 2564 id
1026 2510 1098 2579 est,
1123 2517 1198 2564 non
1250 2499 1384 2568 aeterni
1400 2498 1525 2588 patris:
1552 2496 1600 2568 ita
1622 2496 1677 2566 vir
1693 2511 1744 2568 est
1762 2498 1920 2587 proxima
1946 2499 2062 2589 imago
2083 2498 2150 2573 Dei
2166 2526 2215 2574 seu

212 2632 325 2696 servat
343 2612 525 2691 ordinem,
548 2628 622 2675 non
638 2604 715 2673 vult
730 2600 907 2692 conspici,
925 2597 1017 2670 sicul
1031 2591 1197 2669 Christus
1250 2596 1405 2683 Clt'risti,
1434 2599 1468 2668 id
1493 2611 1562 2679 est,
1587 2612 1713 2668 natura
1738 2598 1958 2689 intelligens,
1989 2604 2214 2696 ornataagni·

214 2748 250 2796 se
273 2719 418 2814 praebet
439 2707 741 2800 conspiciendum.
1199 2726 1203 2731 ·
1252 2703 1350 2773 tione
1373 2698 1438 2769 Dei
1466 2713 1500 2769 ιι
1523 2697 1681 2784 iusticia,
1728 2714 1762 2771 et
1786 2702 1948 2772 ordinata
1973 2706 2019 2773 ad
2048 2707 2215 2797 publicum

317 2817 398 2889 Dux
421 2813 483 2907 qui
513 2833 588 2880 non
622 2808 698 2878 vult
728 2804 902 2897 conspici,
944 2801 1125 2894 spernitur
1154 2800 1200 2871 ab
1252 2801 1510 2882 ministerium,
1536 2803 1581 2869 ad
1603 2802 1851 2872 celebrandum
1875 2800 2002 2881 Detnn.

216 2922 383 2999 exercitu.
433 2912 481 2985 Et
501 2935 638 3003 semper
662 2908 728 2980 fuit
751 2922 785 2978 et
807 2922 860 2978 est
880 2905 1069 2988 usitatum,
1093 2906 1201 2974 duces
1356 2902 1480 2974 Postea
1514 2916 1548 2973 et
1577 2903 1705 2973 mulier
1732 2928 1813 2972 curn
1842 2904 1887 2976 sit
1919 2930 1960 2975 ex
1989 2907 2068 2977 viro
2103 2922 2218 2989 sunta,

216 3024 346 3099 habere
361 3014 553 3104 singularia
570 3013 669 3103 signa
687 3011 724 3080 in
740 3010 833 3096 acie,
858 3021 899 3080 ut
916 3005 1015 3077 cerni
1041 3020 1075 3078 et
1089 3027 1202 3097 agno·
1253 3006 1413 3100 proxime
1435 3018 1486 3075 est
1502 3004 1617 3096 imago
1634 3020 1666 3077 et
1680 3006 1791 3095 gloria
1807 3006 1893 3092 viri,
1917 3010 1976 3077 sed
1995 3023 2114 3079 tamen
2131 3010 2220 3081 simul

217 3129 266 3203 sci
286 3123 432 3220 possint·
1255 3110 1416 3200 copulata
1439 3106 1537 3187 Deo,
1572 3107 1656 3200 qnia
1675 3132 1764 3203 quae
1782 3109 1845 3176 nni
1867 3110 1970 3180 tertio
1987 3113 2149 3206 aequalia
2171 3136 2220 3185 sen

318 3226 377 3301 Sic
392 3218 541 3292 oratoris
557 3215 665 3300 actio,
688 3213 717 3284 si
733 3212 866 3283 diceret
879 3209 1032 3292 velatus,
1051 3206 1203 3278 ridicula
1256 3211 1501 3294 cimiliorum,
1526 3207 1621 3281 inter
1642 3232 1715 3279 sese
1738 3225 1819 3279 sunt
1843 3212 2002 3306 aequalia
2019 3236 2082 3284 seu
2096 3214 2219 3291 similia

219 3344 319 3403 esset.
371 3315 809 3394 Actioenlmdominatur
833 3311 872 3380 in
893 3311 996 3379 vultu
1011 3310 1100 3381 etin
1114 3333 1204 3378 ocu·
1258 3310 1378 3406 ltaque
1403 3324 1437 3380 et
1464 3311 1592 3380 mulier
1619 3325 1670 3382 est
1693 3324 1818 3382 natura
1850 3312 2075 3406 intelligens,
2113 3332 2221 3389 ornata

218 3435 274 3506 lis.
324 3425 434 3500 Recte
458 3422 566 3512 igitur
588 3418 758 3509 scriptum
781 3426 852 3484 est:
879 3402 1064 3483 Deformat
1089 3423 1205 3502 eaput,
1256 3414 1438 3503 agnitione
1460 3407 1527 3482 Dei
1548 3427 1584 3485 ct
1609 3413 1766 3497 iusticia,
1792 3428 1825 3485 et
1846 3416 2010 3488 ordinata
2034 3420 2081 3486 ad
2105 3434 2221 3491 certon

220 3558 256 3605 se
277 3543 312 3602 et
334 3522 530 3597 Christum.
1256 3515 1515 3597 ministerium,
1540 3517 1599 3584 sed
1616 3516 1798 3607 angustius
1816 3517 2013 3589 ministerio
2031 3519 2120 3607 viri,
2144 3520 2222 3591 scili·

180 3712 183 3719 ,
320 3625 477 3700 licentra
499 3622 628 3692 mulier
650 3617 971 3706 deformitatem,
1009 3614 1041 3687 si
1064 3611 1206 3687 nonsit
1257 3631 1311 3688 cet
1346 3618 1389 3687 ad
1421 3616 1678 3687 institutionem
1712 3629 1746 3688 et
1768 3618 2062 3707 gubernationem
2090 3646 2224 3694 oecono-

221 3734 352 3816 velata,
378 3727 462 3822 quia
481 3726 585 3796 etiam
602 3745 674 3792 non
691 3732 805 3789 servat
820 3719 1001 3803 ordinem,
1027 3731 1061 3788 et
1074 3714 1207 3786 intexi·
1258 3721 1397 3791 micam.
1448 3716 1494 3788 Et
1514 3733 1630 3790 tamen
1654 3719 1762 3789 simili
1778 3721 1950 3813 sapientia
1972 3736 2006 3793 et
2023 3722 2163 3795 iusticia
2180 3727 2226 3796 in·

220 3854 280 3913 tur
299 3833 499 3911 membrum
521 3851 562 3897 ex
582 3826 692 3896 altero
715 3834 940 3911 argumento:
972 3819 1106 3893 Natura
1129 3841 1206 3889 eam
1259 3835 1385 3892 rorant
1400 3834 1433 3890 et
1448 3819 1628 3892 celebrant
1645 3819 1772 3896 Deum.
1825 3822 1979 3918 ldeoqne
1995 3824 2163 3898 mirando
2183 3826 2225 3897 in·

219 3939 304 4014 texi!
326 3956 437 4008 comt·
1259 3923 1385 3995 cendio
1410 3922 1526 4012 diligit
1557 3924 1614 3992 vir
1635 3924 1839 4010 mulierem,
1880 3939 1915 3996 ιι
1944 3925 2080 3997 mulier
2109 3930 2225 4011 virum,

1259 4027 1342 4121 qnia
1366 4025 1495 4094 mulier
1517 4047 1557 4094 ex
1583 4025 1661 4095 viro
1683 4042 1797 4096 sumta
1818 4039 1885 4109 est,
1911 4040 1944 4099 et
1961 4043 2013 4099 est
2029 4030 2177 4112 similit,
2199 4031 2226 4101 id
2255 4062 2257 4089 ι

1260 4144 1330 4211 ιιι,
1369 4142 1495 4197 natura
1518 4126 1736 4216 intelligens,
1779 4145 1902 4199 ornata
1926 4128 2035 4199 simili
2061 4133 2227 4222 agnitione
2255 4144 2257 4183 t

323 4238 383 4307 An
404 4256 478 4303 non
503 4244 537 4302 et
557 4229 687 4299 mulier
710 4241 762 4296 est
785 4225 900 4313 imago
920 4221 1013 4293 Dei?
1054 4220 1209 4294 Verissi-
1261 4230 1346 4312 Dei‚
1391 4227 1563 4320 sapientia
1589 4244 1623 4299 et
1647 4230 1798 4304 iusticia.
1854 4226 1903 4301 Et
1926 4255 2084 4303 amorem
2118 4234 2258 4307 accen-'

223 4350 408 4420 rnumest,
428 4331 764 4405 itaconditnmesse
784 4346 894 4417 genus
917 4319 1115 4395 humanum
1132 4350 1209 4396 ma·
1260 4335 1352 4404 dum
1374 4330 1529 4420 cognitio
1551 4345 1585 4402 ιι
1608 4331 1826 4420 similitudo,
1868 4357 1959 4428 quae
1980 4348 2067 4405 tnnc
2091 4340 2258 4429 perlecta*

226 4466 300 4513 rem
324 4453 361 4510 et
382 4435 591 4519 foeminam,
630 4444 671 4502 ut
691 4431 762 4501 sint
783 4442 931 4499 naturae
955 4426 1204 4517 intelligentes,
1261 4450 1334 4526 est,
1377 4457 1457 4504 cum
1482 4432 1635 4525 copulati
1658 4446 1740 4503 sunt
1764 4436 1802 4504 in
1826 4430 1920 4516 Deo,
1962 4436 2055 4507 sicut
2077 4453 2113 4509 et
2139 4440 2229 4512 initio

228 4555 411 4620 aeternae,
437 4548 664 4624 agnoscentes
677 4529 814 4615 Deum,
839 4544 983 4601 ornatae
998 4530 1156 4615 iusticia,
1175 4544 1211 4602 ιι
1262 4552 1343 4607 ante
1367 4536 1504 4628 lapsum
1528 4533 1609 4604 Mas
1627 4548 1661 4605 et
1682 4532 1853 4607 Foemina
1875 4538 2009 4629 pariter
2029 4539 2068 4607 in
2083 4539 2162 4614 Deo
2182 4569 2230 4614 eo·

226 4640 416 4715 collocatae
434 4640 472 4707 in
491 4638 687 4720 mundum,
712 4648 752 4706 ut
764 4632 868 4704 certis
883 4632 1009 4702 officiis
1029 4633 1211 4705 celebrent
1261 4639 1501 4731 pulatierant.
1552 4632 1679 4708 Exhis
1693 4639 1854 4711 fontibus
1870 4642 2042 4711 sumenda
2057 4658 2147 4717 sunt·
2161 4668 2231 4716 vera

227 4744 365 4826 Deum,
404 4753 438 4811 et
461 4738 536 4808 eius
559 4737 726 4807 noticiam
756 4738 899 4807 tradant
920 4734 1147 4806 nascentibus
1167 4759 1209 4804 ex
1262 4755 1296 4812 ιι
1327 4740 1490 4809 miranda
1525 4750 1729 4829 argumenta
1761 4742 2034 4813 consociationis
2068 4748 2179 4819 maris
2207 4760 2233 4819 ιι

226 4848 323 4940 ipsis.
373 4840 425 4914 lta
455 4853 604 4931 uterque
637 4852 688 4908 est
716 4838 832 4926 imago
864 4850 898 4908 et
926 4835 1098 4928 templum
1125 4834 1210 4923 Dei,
1262 4842 1456 4925 foeminae,
1497 4851 1531 4909 et
1555 4841 1731 4931 coniugii,
1772 4857 1807 4915 et
1829 4845 1960 4913 amoris
1983 4824 2111 4919 mutui.
2162 4848 2232 4923 Non

226 4964 376 5041 uterque
400 4956 451 5013 est
475 4952 602 5010 natura
623 4938 845 5029 intelligens,
880 4953 1003 5010 ornata
1026 4937 1209 5028 agnitione
1261 4945 1310 5014 sic
1334 4957 1426 5012 amat
1450 4942 1506 5012 vir
1523 4954 1693 5028 statuam,
1718 4946 1802 5037 quia
1825 4969 1890 5014 nec
1915 4962 2064 5035 cognata
2082 4965 2135 5021 est
2179 4976 2234 5023 nee

226 5047 295 5122 Dei
321 5062 355 5119 et
380 5042 530 5116 iusticia·
1262 5047 1388 5117 samaa
1409 5058 1479 5126 ιιι,
1508 5044 1543 5113 ta
1568 5058 1639 5125 ιιι,
1672 5069 1747 5114 nan
1770 5060 1820 5116 ast
1841 5071 1896 5117 aas
1920 5004 2157 5140 intelligens:
2181 5079 2234 5125 „a

331 5148 401 5221 Sed
418 5161 535 5218 tamen
552 5141 682 5233 gradus
697 5153 793 5215 sunt.
844 5140 912 5213 Vir
936 5156 989 5214 est
1010 5141 1109 5234 prior
1127 5165 1209 5213 mn·
1261 5161 1386 5217 ornata
1402 5145 1512 5216 simili
1527 5146 1698 5237 sapientia
1718 5162 1752 5219 et
1767 5149 1924 5230 iusticia,
1950 5174 1991 5221 ac
2005 5152 2115 5224 simili
2137 5158 2234 5229 mini·

228 5255 334 5338 liere,
360 5263 395 5321 et
415 5247 545 5320 mulier
560 5242 725 5314 mirando
747 5242 896 5313 consilio
911 5268 952 5313 ιιι
971 5245 1049 5335 ipso
1066 5244 1209 5316 condita
1261 5250 1381 5322 sterio.
1433 5247 1503 5319 Sed
1535 5247 1664 5318 mulier
1687 5261 1739 5319 est
1767 5263 1933 5340 cognata,
1966 5266 2005 5325 et
2025 5270 2081 5328 est
2102 5260 2234 5339 similit,

230 5367 298 5438 est,
332 5367 367 5424 ιι
388 5365 505 5423 tamen
529 5345 654 5420 similis
677 5345 777 5431 viro,
808 5359 843 5416 et
864 5346 1021 5417 servieus
1042 5368 1108 5419 suo
1128 5346 1209 5421 loro
1262 5351 1302 5423 id
1322 5364 1392 5436 est,
1417 5363 1470 5421 est
1485 5372 1542 5422 res
1554 5348 1774 5440 intelligens,
1796 5366 1922 5427 ornata
1936 5355 2051 5427 simili
2068 5362 2236 5453 agerium

408 4094 481 4170 Vir
501 4104 553 4167 est
579 4093 707 4187 imago
729 4100 761 4163 et
782 4088 910 4188 gloria
933 4087 1023 4162 Dei.
