4522 5782
6 259 9 263 ,
104 174 290 263 aaran·
354 188 403 239 ·.
719 156 1231 243 rnsnnmnscnteva
1255 154 1559 241 mecanica
1800 210 1804 217 .
2049 156 2133 236 sisa

118 351 299 429 thematis:
334 345 464 420 Mareu
488 339 590 432 atha,
619 341 658 415 id
684 353 756 431 est,
785 338 963 412 Dominus
982 351 1105 410 noster
1152 330 1324 404 terribilis
1351 344 1485 405 noster.
1552 331 1605 406 lta
1629 354 1711 405 cnm
1733 332 1929 406 discessum
1949 345 2002 404 est
2023 357 2043 404 a
2061 356 2135 406 vera

118 456 234 542 venit,
264 452 414 536 scilicet,
446 448 493 520 ad
514 445 758 540 puniendum,
791 457 828 514 et
852 446 896 513 ad
920 442 1106 512 deelaran-
1153 434 1338 526 doctriua,
1363 435 1508 506 etveris
1522 437 1697 522 cultibus,
1723 437 1930 529 superstitio
1951 450 1986 507 et
2000 437 2133 508 nomint

119 561 207 630 dam
224 553 461 628 tristissimam
484 550 594 630 iram,
620 570 728 642 quam
754 561 856 619 antea
879 543 1107 616 contemsisti.
1153 559 1247 606 nova
1274 549 1311 606 et
1335 536 1544 628 opiniones,
1578 553 1615 611 et
1644 539 1735 609 ritus
1761 539 1851 608 alios
1884 538 1998 628 lingit,
2060 536 2133 610 luit

117 656 214 734 Sunt
235 656 345 746 igitur
373 650 461 726 baec
481 673 564 722 vera
587 648 795 743 imprecatio
818 670 971 741 poenae,
1007 661 1049 720 ut
1076 643 1107 715 si
1153 637 1264 728 igitur
1285 635 1389 710 Mara
1412 662 1543 709 nomeu
1566 641 1737 712 usitatum
1763 639 1802 710 in
1824 638 1942 736 Syria.
1994 641 2132 732 Appen-

117 748 308 832 diceretur:
1154 740 1215 810 dix
1242 762 1287 823 n,
1321 739 1378 810 vel
1400 763 1472 826 rsa,
1506 755 1559 813 est
1588 756 1709 829 noster
1734 737 1849 834 Atha,
1882 741 1994 813 venit.
2043 739 2131 812 Hanc

246 860 328 958 Εὗρε
349 859 663 950 essecestram.
1154 863 1229 910 esse
1260 841 1416 912 nativam
1450 843 1777 936 interpretationem
1815 844 1982 914 vocabuli
2016 841 2132 912 Marau

1154 937 1238 1013 atha
1257 942 1445 1024 affirmant,
1471 958 1505 1015 et
1521 967 1622 1038 saepe
1636 946 1801 1039 usurpari
1817 946 1856 1014 in
1872 944 2027 1015 ludaicis
2042 968 2134 1014 enar-

1153 1044 1354 1115 rationibus
1375 1046 1548 1122 seribunt.
1609 1045 1694 1119 ldeo
1717 1048 1848 1119 mirum
1865 1045 1949 1136 est,¹
1970 1069 2038 1117 cur
2052 1044 2133 1116 liur-

1154 1146 1271 1236 gensis
1299 1146 1356 1215 vir
1386 1147 1512 1217 doctus
1549 1149 1656 1219 aliam
1690 1149 1940 1244 etymologiam
1969 1149 2133 1238 ereoghe

1155 1247 1262 1332 verit,
1289 1248 1350 1341 qui
1367 1272 1430 1338 pro
1447 1249 1575 1321 Maran
1596 1247 1680 1323 atha
1703 1253 1786 1323 fecit
1802 1247 1988 1321 Meherem
2012 1245 2132 1339 motha,

1155 1363 1189 1419 et
1205 1349 1293 1420 dicit
1307 1347 1520 1441 Apostolum
1543 1353 1697 1423 voluisse
1717 1353 1974 1424 atrocissimam
1995 1352 2133 1442 speciem
2165 1380 2168 1423 ε

1158 1452 1465 1522 condemnationis
1480 1454 1681 1525 nominare:
1709 1453 1782 1544 Qui
1805 1477 1881 1525 non
1905 1450 2025 1543 diligit
2038 1447 2134 1524 ebria
2164 1450 2168 1511 i

1154 1566 1270 1637 stum,
1301 1553 1443 1623 sitnon
1466 1556 1610 1644 vulgare
1629 1552 1835 1641 anathema,
1865 1559 1929 1626 aed
1946 1551 2132 1640 Meherem,
2166 1556 2168 1571 '

221 1660 288 1738 Est
317 1680 434 1736 autem
468 1683 584 1730 sermo
608 1654 775 1752 Syriacus
807 1680 871 1728 seu
895 1650 1109 1729 Chaldaicos
1154 1653 1190 1722 id
1216 1667 1289 1738 eat,
1310 1677 1367 1725 res
1389 1656 1504 1728 deleta
1528 1678 1591 1727 sua
1611 1672 1764 1744 vastata,
1797 1671 1831 1728 et
1852 1658 1923 1730 tale
1943 1653 2133 1741 anathem,

119 992 302 1066 Velsicut
324 988 485 1060 Psalmus
500 983 561 1057 67.
586 984 721 1078 iuquit:
752 981 962 1054 Laetabitur
983 982 1109 1068 iustus,

119 1120 201 1168 cum
215 1093 347 1165 viderit
362 1091 566 1166 vindictam,
584 1107 711 1155 manns
725 1108 806 1155 snas
822 1084 955 1155 lavabit
970 1083 1009 1154 in
1023 1107 1106 1154 sau-

119 1199 229 1288 guine
244 1192 453 1288 peccatoris,
478 1203 513 1261 et
538 1188 631 1259 dicet
654 1183 781 1272 bomo,
806 1188 930 1280 utique
956 1200 1007 1256 est
1029 1187 1108 1255 im-

119 1314 198 1372 ctus
220 1300 332 1380 iusto,
363 1293 488 1386 ntique
511 1302 563 1359 est
586 1288 749 1359 iudicans
772 1289 938 1360 interra.
1007 1285 1108 1359 Talis

121 1415 176 1472 est
192 1397 401 1471 asseveratio
416 1395 462 1464 de
477 1403 628 1463 venturo
642 1391 798 1476 iudicio,
820 1402 855 1461 et
876 1392 921 1460 de
939 1412 1053 1483 poeua
1067 1388 1109 1458 in

34 1497 41 1507 ’
119 1497 177 1573 his
193 1503 329 1573 verbis:
357 1496 537 1570 Dominus
552 1507 676 1564 noster
689 1492 799 1567 venit.

122 1769 239 1843 albnis
278 1764 457 1846 Ebraico,
506 1760 589 1855 quia
626 1759 766 1829 vicinae
793 1772 916 1850 gentes
950 1758 1108 1847 linguam
1153 1756 1252 1849 quod
1281 1757 1397 1828 occidi
1417 1780 1557 1829 necesse
1585 1761 1648 1840 sit,
1683 1760 1767 1830 ideo
1786 1761 1950 1831 additum
1975 1782 2048 1830 esse
2067 1757 2134 1828 esi-

121 1868 300 1964 Ebraeam
325 1892 343 1937 a
368 1864 529 1958 patribus
558 1860 802 1946 retinuerunt,
841 1862 905 1932 sed
935 1859 1107 1953 paulatim
1152 1858 1273 1928 stimat
1302 1853 1458 1945 Motha,
1496 1862 1598 1954 quasi
1628 1863 1746 1934 dicat:
1785 1858 1992 1933 Anathema
2028 1874 2134 1931 vasta-
2166 1874 2168 1885 '

121 1977 374 2065 depravarunt,
398 1981 439 2039 ut
454 1963 528 2034 lieri
544 1964 643 2041 solet,
667 1962 815 2052 vestigia
830 1975 949 2033 tamen
966 1961 1109 2052 agnosci
1153 1957 1245 2030 doni
1272 1970 1306 2029 et
1331 1963 1438 2031 morti
1461 1962 1695 2045 destinatum,
1720 1962 1896 2057 quianon
1920 1963 2042 2033 omnia
2057 1984 2136 2032 cou-

120 2084 281 2168 possunt
333 2069 417 2140 Mar
433 2090 494 2137 seu
508 2064 612 2135 Mara
634 2063 807 2153 significat
821 2061 1038 2149 Dominum,
1069 2077 1109 2136 ut
1153 2072 1286 2132 serrata
1301 2060 1616 2141 interficiebantur.
1664 2063 1767 2136 Hanc
1782 2065 2036 2161 etymologiam
2050 2061 2135 2134 Bur·

122 2177 163 2247 in
178 2166 379 2263 'l'hargum‚
405 2169 573 2240 Proverb.
592 2188 667 2256 cap.
684 2166 747 2238 23.
770 2155 804 2236 et
818 2163 930 2236 Amos
943 2167 975 2240 l.
1008 2164 1107 2238 Con·
1153 2161 1271 2253 gensis
1288 2161 1368 2235 ideo
1383 2165 1546 2249 recitavi,
1568 2191 1615 2238 ne
1629 2167 1676 2238 sit
1691 2169 1812 2264 ignota
1828 2169 2050 2253 iunioribus,
2065 2186 2135 2236 nou

81 2272 85 2281 ¹
120 2285 522 2352 seutaneurnestautem
537 2290 686 2352 nomeu,
708 2265 811 2338 Mara
828 2268 1106 2357 essendictione
1154 2265 1251 2357 quod
1265 2287 1342 2335 eam
1361 2266 1527 2357 probem,
1551 2294 1633 2340 cum
1649 2272 1815 2362 adpareat
1830 2270 1976 2360 longius
1997 2268 2134 2339 accersi-

122 2381 223 2482 min
251 2379 345 2470 quod
380 2372 554 2464 significat
574 2365 785 2461 Ductorem,
825 2370 882 2439 vel
904 2393 925 2439 a
949 2369 1106 2441 dictione
1154 2379 1338 2437 tamesae.
1404 2366 1675 2461 Amplectamur
1694 2386 1811 2442 autern
1834 2373 2005 2456 alteram,
2038 2393 2135 2463 quam

121 2480 225 2584 min
247 2479 341 2571 qnod
364 2473 538 2567 significat
558 2469 767 2544 terribilem.
822 2464 870 2542 Et
891 2483 997 2563 notae
1021 2485 1107 2543 sunt
1154 2481 1188 2538 et
1204 2464 1448 2563 Hieronymus
1463 2472 1591 2558 tradit,
1617 2487 1653 2546 et
1673 2497 1753 2544 eum
1778 2496 1942 2543 sermone
1962 2494 2133 2541 commen-

121 2583 278 2673 origines
301 2592 373 2682 ,⁸122
395 2573 533 2655 docuit,
563 2585 598 2642 et
620 2586 690 2675 κῃ
711 2570 843 2642 timuit.
900 2569 950 2644 Et
971 2573 1009 2641 in
1033 2574 1105 2644 vita
1153 2568 1326 2640 tariorum
1348 2595 1542 2661 congruere
1564 2575 1673 2649 aiunt.
1732 2573 1861 2645 Mareu
1884 2570 1991 2661 atha,
2022 2574 2060 2643 id
2080 2586 2136 2658 est,

117 2670 320 2759 llilarionis
352 2679 507 2769 legitur,
546 2672 645 2743 illius
677 2686 790 2746 aetate
818 2667 936 2745 adhuc
967 2674 1105 2745 idolum
1154 2671 1336 2741 Dominus
1350 2687 1471 2744 noster
1486 2676 1596 2749 venit.
1645 2672 1694 2747 Et
1708 2676 1792 2747 sciat
1807 2677 1920 2748 lector
1933 2673 2023 2747 haec
2038 2676 2137 2745 verbs

119 2787 228 2861 luisse
249 2783 288 2851 iu
303 2779 406 2876 Syria
422 2776 555 2852 Maras.
606 2772 690 2846 Fuit
711 2789 827 2846 autem
851 2775 1021 2849 usitatum
1039 2801 1108 2847 no·
1153 2771 1334 2846 recitative
1364 2776 1450 2868 poni
1485 2790 1653 2872 tanquam
1686 2779 1897 2860 turmulam,
1937 2802 2013 2870 qua
2038 2778 2136 2847 index

120 2887 176 2958 vis
215 2883 322 2957 idolis
362 2896 397 2954 et
434 2879 588 2952 cultibus
624 2877 781 2948 tribuere
816 2901 909 2948 nova
949 2876 1108 2965 nomina,
1155 2897 1286 2966 poenas
1300 2899 1363 2945 seu
1378 2878 1473 2948 diras
1489 2878 1701 2970 imprecatus
1714 2895 1777 2955 est.
1836 2877 2012 2952 Continet
2028 2894 2135 2949 autem

120 3011 212 3087 quae
243 2985 458 3059 videbantur
483 2979 654 3052 maiorem
684 2978 893 3068 siguificare.
948 2976 997 3052 Ut
1027 2993 1107 3072 post
1155 2973 1241 3048 baec
1257 2990 1434 3070 postrema
1451 2981 1607 3052 clausula
1628 2983 1870 3073 gravissimam
1891 2981 2138 3052 comminatio·

119 3090 277 3188 primum
316 3086 477 3169 cultum,
515 3084 554 3153 in
596 3105 669 3172 quo
708 3081 811 3152 Deus
854 3082 1108 3153 nominabatur
1154 3102 1236 3149 nem
1252 3083 1421 3151 adversus
1440 3106 1562 3153 omnes
1577 3079 1695 3155 hostes
1710 3082 1898 3174 Evangelii
1915 3096 1950 3155 et
1975 3079 2136 3179 hypocri-

121 3179 263 3282 ³217th
282 3188 370 3295 m
394 3187 495 3280 impii
518 3179 702 3268 homines,
723 3183 788 3277 qui
805 3195 955 3254 veterem
974 3183 1107 3254 doctri·
1156 3195 1227 3262 tas,
1262 3205 1303 3252 ac
1328 3185 1533 3274 praesertim
1556 3187 1738 3257 doctrinae
1759 3201 1997 3279 corruptores.
2058 3184 2137 3254 ldeo

119 3278 206 3367 nam
233 3271 267 3362 ei
293 3292 427 3362 cultum
462 3287 703 3381 reliquerunt,
734 3283 966 3358 nominarunt
990 3283 1106 3357 Deum
1155 3283 1299 3354 sinceris
1314 3285 1513 3371 pectoribus
1527 3311 1738 3380 quaeramus
1751 3290 1948 3370 veritatem,
1976 3302 2013 3359 et
2027 3288 2136 3379 ipsum

111 3382 205 3494 lm
222 3416 469 3489 possessorem,
494 3378 689 3480 δεσπότην.
740 3385 867 3458 Postea
883 3387 991 3460 vicini
1008 3386 1106 3460 aliud
1153 3385 1267 3454 tilium
1294 3381 1362 3455 Dei
1384 3384 1580 3459 Dominum
1612 3405 1774 3462 nostrum
1810 3391 1927 3460 lesum
1959 3387 2136 3463 Christum

124 3495 321 3574 terribilius
345 3517 478 3567 nomen
501 3490 765 3583 excogitarunt,
802 3486 931 3561 Mareu
937 3543 951 3581 ,
983 3490 1021 3561 id
1042 3500 1106 3577 eat,
1154 3511 1295 3561 oremus
1302 3537 1320 3574 s
1340 3510 1381 3561 us
1397 3510 1462 3560 uos
1478 3489 1616 3584 Spiritu
1633 3514 1698 3565 suo
1711 3505 1833 3564 sancto
1851 3494 2040 3584 gubernet.
