4522 5782
56 198 105 275 ⁹¹
483 189 567 268 xlt.
617 182 923 271 ursmaro
949 185 1002 263 th
1028 181 1215 271 Evado.
1244 181 1461 263 toenitis.
1522 182 1628 266 CAP.
1654 186 1683 262 1.
2049 197 2099 293 39
2170 211 2177 219 ·
2229 206 2237 228 .

56 366 225 451 historin
238 368 284 436 de
299 380 415 438 morte
425 358 602 447 cerinthi,
627 363 713 434 item
727 363 773 433 de
788 361 946 457 quodam
962 363 1051 433 ado-
1104 360 1253 431 stantiae
1266 361 1360 441 eius,
1386 359 1504 431 ferens
1525 361 1645 432 omnia
1670 362 1777 435 verbo
1800 366 1979 455 potentiae
2000 390 2096 441 suae.

59 472 209 543 lescente
223 480 389 539 revocato
404 493 424 537 a
439 464 596 551 Ioanne,
621 490 712 560 qnae
725 478 809 537 snut
825 465 956 557 dignae
975 489 1049 537 rne-
1102 460 1153 535 Ut
1176 462 1286 553 igitur
1302 460 1397 533 lilius
1410 476 1556 534 vocatur
1569 465 1688 555 fulgor
1703 478 1869 557 paternae
1882 469 2035 559 gloriae,
2059 487 2095 545 ct

60 574 183 645 moria.
237 568 330 641 Nam
345 568 546 661 exemplum
562 570 608 640 de
624 567 842 659 poenitentia
862 567 1052 641 confirmat
1103 565 1220 656 imago
1236 565 1455 637 substantiae
1474 580 1657 656 paternae,
1683 568 1733 639 sic
1751 569 2093 645 dicuntetverbum

60 676 155 769 pios,
177 686 212 744 et
227 696 326 743 mors
340 666 500 746 Cerintbi
522 672 681 743 minatur
704 665 931 763 blasphemis.
980 667 1051 742 Sed
1103 667 1235 740 vocari.
1285 665 1404 736 Verba
1427 668 1523 737 euim
1539 683 1622 740 sunt
1638 670 1809 761 imagines
1822 695 1943 741 rerum
1958 676 2093 765 cogita-

60 773 126 849 bae
149 771 321 847 historiae
350 776 506 865 integrae
536 774 699 864 legantur
723 774 819 865 apud
841 769 1053 845 Eusebium.
1104 785 1241 853 tarum,
1273 782 1309 842 et
1329 768 1423 840 radii
1445 784 1529 842 sunt
1550 775 1723 865 quaedam
1747 773 1863 862 imago
1885 775 1992 860 lucis,
2018 800 2093 858 seu,

59 878 163 951 Nune
176 877 379 948 accedimus
395 878 439 947 ad
456 877 730 948 enarrationem.
781 871 830 947 Et
845 876 930 970 quia
947 873 1056 945 ioan.
1103 886 1145 944 ut
1165 869 1387 958 hicdicitur,
1420 864 1666 973 ἀπαύγασμα.
1719 874 1790 948 Sed
1808 870 1873 945 hae
1887 878 2094 950 collationes

60 1005 121 1052 nes
135 982 237 1052 testis
259 993 310 1052 est
328 981 372 1049 de
388 973 546 1050 exhibito
561 977 710 1064 Messia,
736 979 892 1070 primum
918 978 1053 1050 descri-
1104 999 1180 1045 non
1202 975 1351 1044 omnino
1373 978 1562 1068 quadrant.
1620 975 1711 1046 Nam
1734 978 1829 1048 lilius
1843 978 1915 1049 Dei
1936 996 1989 1051 est
2012 1006 2096 1075 per-

60 1085 112 1155 bit
127 1084 209 1176 quis
225 1082 292 1168 sit,
317 1107 358 1153 ac
376 1081 501 1152 caeteri
518 1077 766 1173 Evangelistae
791 1094 965 1155 testantur
988 1104 1053 1150 na·
1105 1101 1211 1163 sona,
1242 1090 1277 1146 et
1297 1078 1538 1148 substantialis
1561 1079 1689 1169 imago.
1752 1078 1851 1152 Voco
1872 1096 1990 1153 autem
2014 1108 2095 1176 per-

62 1201 135 1258 tum
167 1209 241 1254 esse
280 1184 481 1254 exsemine
512 1180 631 1254 David
658 1185 756 1257 iusta
788 1183 1054 1274 promissiones.
1106 1203 1229 1250 sonam
1263 1180 1497 1250 substantiam
1535 1180 1812 1273 intelligentem,
1857 1183 2095 1273 individuam,

64 1286 213 1359 loannes
230 1287 340 1378 igitur
353 1289 398 1358 de
415 1300 540 1358 natura
554 1286 677 1356 divina
694 1287 937 1375 concionatur.
1106 1308 1182 1353 non
1199 1281 1543 1356 communicabilem.

1209 1381 1280 1455 Sed
1298 1397 1431 1454 veteres
1447 1380 1532 1455 haec
1546 1399 1729 1482 utcunque
1744 1386 1898 1459 docendi
1914 1412 2015 1460 causa
2033 1391 2098 1459 de-

1107 1486 1309 1570 clarabant,
1343 1487 1439 1580 quod
1469 1487 1633 1558 videlicet
1662 1497 1827 1560 aeternus
1858 1504 1958 1581 pater
1979 1514 2017 1560 se
2039 1490 2098 1561 in·

404 1666 408 1673 ¹
643 1660 646 1666 ,
1107 1603 1229 1673 tuens,
1269 1602 1375 1681 atque
1411 1589 1629 1679 intelligens,
1671 1590 1792 1680 gignat
1818 1592 2008 1683 imaginem
2041 1596 2097 1665 sui

456 1686 594 1798 caput
628 1687 663 1770 1,
1108 1691 1242 1784 ipsius,
1276 1692 1333 1759 cui
1362 1693 1599 1763 communicat
1627 1693 1813 1764 essentiam
1835 1717 1949 1765 suam.
2000 1693 2098 1767 Haec

1107 1794 1225 1884 genita
1254 1792 1495 1864 substantialis
1526 1794 1642 1884 imago
1668 1809 1720 1866 est
1744 1795 1857 1887 lilius,
1891 1809 1924 1865 et
1951 1811 2099 1870 vocatur

1108 1897 1275 1979 verbum,
1307 1895 1390 1989 quia
1418 1910 1472 1965 est-
1489 1897 1677 1986 cogitando
1702 1898 1852 1987 genitus.
1911 1898 2011 1969 Haec
2034 1903 2099 1971 ds-
2185 1890 2190 1898 ¹

166 1990 259 2063 Vera
281 1994 409 2063 notitia
425 2005 459 2063 et
475 1992 652 2065 invocatio
666 1988 733 2062 Dei
750 1992 876 2061 insola
892 1986 1052 2062 Ecclesia
1108 1997 1253 2089 scriptio
1278 2010 1329 2066 est
1344 1994 1469 2066 Basilii
1485 2012 1519 2070 et
1535 1995 1740 2089 Augustini.
1792 1997 1889 2070 Haec
1904 2002 2000 2070 enim
2015 2016 2100 2074 sunt

61 2091 126 2164 Dei
150 2095 254 2169 lucet.
309 2092 394 2166 ldeo
420 2097 606 2188 praecipue
629 2098 777 2167 tradunt
801 2091 999 2185 Prophetae
1023 2107 1058 2163 et
1107 2101 1216 2170 verba
1239 2096 1376 2172 Basilii.
1437 2097 1556 2189 Quare
1585 2101 1717 2173 dicitur
1745 2094 1877 2201 λόγοςὲ
1909 2116 1949 2174 ut
1979 2119 2100 2175 osten·

60 2198 229 2294 Apostoli
257 2198 456 2268 doctrinam
484 2199 528 2267 de
560 2212 705 2284 natura,
745 2210 779 2266 et
803 2198 846 2266 de
872 2197 1057 2267 voluntate
1109 2204 1215 2272 datur
1236 2203 1332 2295 quod
1349 2225 1390 2272 er
1406 2216 1524 2273 mente
1540 2205 1731 2294 prodierit,
1757 2217 1792 2274 et
1806 2206 1851 2277 sit
1865 2206 1980 2295 imago
1996 2208 2099 2296 genia

61 2303 139 2377 Dei.
193 2303 247 2373 Ac
263 2298 385 2370 Moses
397 2300 540 2392 quidem
556 2300 716 2391 incipito
734 2301 910 2370 creatione
927 2322 1059 2381 rerum,
1108 2305 1215 2388 toris,
1247 2317 1362 2375 totum
1385 2307 1425 2373 in
1447 2328 1483 2375 se
1506 2307 1696 2376 osteudens
1720 2307 1934 2396 genitorem,
1967 2323 2001 2380 et
2025 2310 2100 2381 eri·

64 2424 95 2478 et
124 2409 254 2477 inserit
282 2402 576 2491 dfflcriplionems
624 2427 693 2496 qua
719 2402 874 2472 declaral
895 2401 985 2495 quid
1012 2399 1059 2471 Sit
1109 2422 1203 2478 stens
1233 2408 1396 2499 proprie,
1427 2408 1518 2479 sicut
1547 2422 1582 2479 et
1611 2423 1733 2478 noster
1756 2433 1871 2480 sermo
1892 2410 2023 2500 effigies
2044 2426 2098 2483 est

63 2511 171 2582 Deus.
225 2506 291 2576 Ait
305 2507 417 2576 enirn:
452 2504 494 2576 ln
512 2506 687 2597 principio
708 2505 839 2575 creavit
856 2503 952 2574 Deus
973 2526 1055 2571 cor·
1109 2509 1218 2581 totius
1239 2509 1475 2598 cogitationis.
1532 2506 1610 2581 Etsi
1633 2524 1749 2580 atatem
1777 2514 1890 2603 probo
1915 2508 2008 2582 hanc
2034 2515 2099 2583 de·

64 2613 138 2682 lum
160 2626 353 2683 etterram.
404 2606 509 2680 ltem:
545 2605 645 2678 Dixit
661 2605 768 2680 Deus.
821 2603 924 2676 Item:
957 2600 1060 2674 Vidit
1109 2611 1350 2693 clarationem,
1378 2628 1412 2684 et
1425 2606 1521 2681 haud
1536 2614 1644 2683 dubie
1658 2615 1881 2685 verissimum
1895 2629 1959 2699 est,
1985 2629 2101 2687 aeter-

62 2713 159 2786 Deus
179 2737 271 2807 quae
294 2712 439 2790 fecerat,
483 2725 519 2783 el
539 2711 659 2780 omnia
687 2722 789 2780 erant
813 2709 915 2778 valde
946 2709 1059 2782 bom·
1109 2738 1197 2784 num
1222 2727 1355 2805 patrem
1378 2736 1453 2784 sese
1470 2716 1626 2807 primum
1641 2716 1794 2802 intueri,
1821 2718 2038 2807 intelligere,
2065 2733 2101 2791 et

63 2814 125 2886 Est
147 2816 258 2906 igitur
280 2810 377 2884 Deus
396 2813 546 2883 essentia
576 2826 738 2898 aeterna,
769 2834 910 2892 creans,
941 2810 1060 2879 omni·
1109 2817 1280 2906 cogitare,
1307 2831 1342 2887 et
1360 2816 1457 2907 gigni
1479 2817 1593 2887 lilium
1609 2819 1843 2909 cogitatione,
1868 2833 1906 2890 ut
1920 2821 1966 2890 sit
1980 2821 2099 2914 imago

63 2934 209 3009 P⁰l²¹¹⁸s
234 2919 377 2997 dicens,
403 2918 521 2999 δῦθι,
546 2917 638 2986 ῑῡδῑι
659 2928 725 2990 ele·
777 2911 1058 2984 Teslalffl'enim
1109 2918 1238 3010 patris,
1271 2933 1389 2989 tamen
1419 2920 1607 2989 sublimem
1636 2935 1668 2991 et
1697 2946 1862 2991 arcanam
1888 2923 2098 2995 declaratio·

63 3019 177 3090 Mum
200 3020 309 3091 luisse
331 3032 413 3089 ante
441 3031 636 3098 creaturas,
680 3032 714 3086 et
736 3040 856 3088 creare
877 3041 918 3085 er
942 3010 1059 3086 nihilo
1110 3045 1191 3090 nem
1216 3045 1334 3091 coram
1358 3022 1545 3095 discemus.
1597 3021 1700 3094 Nunc
1721 3024 1833 3094 simus
1855 3026 2014 3096 contenti
2037 3050 2099 3095 ve-

62 3147 116 3193 res
145 3135 202 3193 est
228 3122 498 3213 omnipotentis.
558 3117 650 3191 Cum
685 3143 769 3190 vero
804 3120 869 3189 ait:
918 3116 1060 3194 Dicens.
1108 3125 1175 3194 teri
1200 3124 1294 3193 dieto
1319 3120 1477 3206 lrenaei,
1505 3125 1567 3217 qui
1589 3125 1764 3215 significat
1787 3126 1901 3196 tilium
1927 3126 1998 3196 dici
2020 3150 2100 3197 ver·

63 3225 167 3296 Item:
207 3222 310 3296 Vidit
336 3224 458 3294 omnia
482 3246 573 3317 quae
597 3223 744 3307 lecerat,
780 3234 815 3292 et
837 3235 937 3293 erant
958 3221 1060 3291 valde
1109 3228 1216 3311 bum,
1243 3226 1326 3319 quia
1346 3227 1391 3297 sit
1407 3249 1556 3318 persona
1574 3250 1705 3298 sonans
1720 3241 1754 3299 et
1771 3229 1922 3322 loquens
1937 3252 2018 3297 cum
2035 3234 2101 3323 pa*-

63 3330 176 3412 bona,
202 3341 351 3399 testatur
371 3325 486 3397 Deum
508 3349 583 3394 esse
608 3339 765 3397 mentem
789 3324 1060 3415 intelligentem,
1109 3330 1243 3413 tribus,
1270 3343 1304 3398 et
1326 3330 1435 3398 edens
1456 3329 1720 3419 promissiones.
1773 3328 1881 3418 Quod
1905 3330 2046 3401 videtur
2065 3346 2101 3402 et

10 3424 12 3431 ’
62 3432 277 3524 sapientem,
323 3429 477 3511 bonam,
524 3428 652 3497 iustam
690 3441 755 3503 etc.
824 3423 915 3497 Cum
951 3427 1061 3517 igitur
1110 3428 1263 3500 loannes
1287 3431 1501 3521 significare,
1532 3455 1613 3502 cum
1638 3433 1704 3503 ait:
1739 3430 1854 3503 Deum
1879 3456 1985 3503 nemo
2007 3432 2101 3505 vidit

63 3532 218 3605 loannes
246 3534 489 3625 descripturus
518 3543 609 3601 emet
639 3530 753 3602 lilium
778 3528 868 3614 Dei,
915 3529 1068 3599 deducit*
1108 3557 1288 3627 unquam,
1312 3534 1516 3623 unigenitus
1540 3534 1635 3605 lilius
1656 3533 1718 3628 qui
1742 3549 1794 3605 est
1817 3536 1856 3603 in
1878 3535 1961 3606 sinu
1977 3535 2100 3628 patris,

62 3659 129 3707 nos
150 3638 278 3728 etipse
299 3637 346 3705 ad
369 3635 469 3704 illam
491 3630 733 3703 narrationem
755 3633 795 3701 in
819 3628 970 3717 Genesi,
995 3632 1059 3702 ubi
1109 3635 1185 3729 ipse
1211 3636 1390 3705 enarravit
1413 3636 1526 3706 vobis.
1586 3632 1637 3707 Et
1661 3661 1742 3706 mox
1766 3631 1900 3707 dehac
1925 3638 2100 3709 sententia

61 3740 210 3830 legitur:
237 3734 286 3809 Et
300 3737 390 3807 dixit
406 3736 510 3808 Deus.
564 3732 662 3806 Hinc
683 3735 791 3806 sumit
813 3757 944 3803 nomen
961 3735 1058 3828 quod
1108 3739 1212 3831 plura
1230 3738 1404 3813 dicentur.

10 3898 12 3913 .
60 3843 135 3914 lilio
159 3842 310 3924 tribuit,
350 3839 483 3911 scilicet
504 3836 675 3910 Verbum.
727 3835 802 3906 Nec
822 3837 896 3907 acie
922 3836 1059 3927 ingenii
1216 3836 1409 3934 Postquam
1427 3841 1573 3931 exposui
1589 3842 1677 3937 quid
1693 3837 1761 3912 hoc
1776 3842 1855 3912 loco
1869 3836 2026 3911 Ecclesia
2042 3841 2101 3909 in-

61 3940 214 4015 humani
240 3936 460 4035 deprehensa
481 3955 533 4012 est
558 3935 645 4011 haec
675 3941 964 4027 nomenclatura,
996 3953 1059 4012 aut
1108 3942 1264 4032 telligat,
1297 3957 1330 4012 et
1361 3942 1446 4037 quid
1478 3940 1631 4016 loannes
1658 3945 1813 4016 voluerit
1844 3944 2020 4014 scribens:
2055 3939 2100 4012 ln

9 4072 13 4123 ι
58 4044 126 4121 filii
147 4046 363 4137 descriptio,
388 4047 450 4116 sed
465 4039 562 4114 haud
577 4043 686 4113 dubie
701 4043 877 4114 divinitus
891 4044 1032 4117 tradita.
1108 4046 1287 4145 principio
1303 4059 1378 4115 erat
1389 4048 1549 4121 verbum.
1603 4044 1678 4116 lam
1692 4048 1819 4117 ordine
1834 4047 1971 4136 singula
1987 4068 2100 4117 mem-

9 4134 13 4207 Ι
163 4149 407 4223 Conteramus
423 4162 541 4220 autem
559 4146 680 4216 omnia
696 4146 865 4220 membra.
902 4145 945 4218 In
959 4148 1059 4239 prin·
1109 4149 1173 4217 bra
1192 4171 1450 4238 percurremus.

64 4253 156 4347 cipio
179 4266 256 4323 erat
279 4254 451 4333 verbum,
490 4263 526 4322 et
555 4249 701 4319 verbum
723 4262 797 4319 erat
818 4249 913 4340 apud
929 4247 1058 4332 Deum,
1209 4248 1340 4328 Prima,
1356 4249 1550 4342 propositio
1571 4264 1638 4321 est:
1673 4248 1715 4320 ln
1736 4250 1912 4343 principio
1934 4260 2101 4320 eratvsrs

62 4354 215 4428 etDeus
239 4370 315 4427 erat
338 4354 499 4426 verbum.
536 4347 630 4421 .Hae
653 4351 914 4445 propositiones
935 4376 1059 4423 omnes
1110 4354 1216 4436 bum,
1242 4354 1278 4420 id
1302 4365 1372 4438 est,
1397 4353 1492 4423 filius
1507 4352 1640 4422 aeterni
1659 4354 1769 4446 patris
1785 4366 1860 4424 erat
1876 4365 1957 4438 ante
1974 4352 2102 4424 mundi

64 4455 130 4530 boc
151 4459 302 4543 volunt,
339 4456 498 4528 Verbum
521 4478 595 4526 esse
618 4478 805 4545 personam
836 4466 1058 4526 coaeternam
1109 4454 1363 4529 conditionem.
1427 4452 1518 4524 Nam
1550 4456 1701 4526 verbum
1730 4454 1903 4546 significat
1931 4451 1999 4525 hoc
2021 4455 2100 4525 loco

63 4562 154 4655 patri
170 4575 341 4644 aeterno,
366 4583 455 4653 quae
469 4573 589 4631 tamen
606 4558 740 4628 nonsit
755 4572 865 4649 pater,
891 4570 925 4627 et
940 4572 1057 4628 tamen
1108 4557 1223 4626 lilium
1246 4556 1383 4628 aeterni
1403 4556 1531 4648 patris,
1558 4558 1620 4652 qui
1644 4572 1696 4629 est
1718 4558 1794 4629 eius
1809 4557 1944 4648 imago,
1970 4569 2102 4648 etper-
2206 4620 2212 4627 .

61 4667 106 4739 sit
120 4667 169 4736 de
181 4661 337 4734 essentia
356 4663 480 4754 patris.
531 4658 776 4732 Concionatur
795 4681 879 4749 ergo
901 4660 946 4733 de
966 4660 1059 4731 dua·
1109 4683 1197 4730 sona
1217 4661 1335 4749 genita
1349 4661 1394 4729 ab
1409 4674 1553 4731 aeterno
1570 4674 1678 4752 patre.
1730 4658 1777 4734 Et
1790 4685 1977 4754 personam
1994 4659 2103 4731 intel-

63 4769 130 4839 tm
145 4764 314 4860 persoms
331 4764 475 4848 divinis,
500 4757 605 4835 Patre
619 4776 776 4843 aeterno,
795 4774 829 4832 et
840 4758 948 4837 Filio.
982 4760 1058 4833 Vo·
1108 4762 1272 4851 ligimus,
1305 4785 1400 4848 non,
1433 4777 1473 4833 ut
1500 4764 1541 4835 in
1561 4764 1677 4834 scenis
1697 4765 1914 4859 loquuntur,
1946 4759 2102 4835 Roscius

63 4884 118 4943 est
132 4869 247 4959 igitur
268 4867 388 4936 lilium·
397 4861 570 4939 Verbum.
623 4861 665 4934 Id
682 4879 723 4936 ut
741 4863 913 4935 declarari
930 4864 1056 4957 possit,
1109 4865 1259 4937 sustinet
1279 4889 1466 4958 personam
1484 4865 1774 4956 Agamemnonis.
1824 4864 1893 4938 Sed
1916 4879 1957 4938 ut
1973 4859 2101 4955 Eccle7

65 4985 285 5069 quaerantur
304 4982 340 5041 et
361 4969 430 5040 alia
454 4968 548 5039 dicta
571 4968 616 5036 de
637 4967 712 5036 filio
734 4966 821 5052 Dei,
863 4966 1057 5061 inquibus
1109 4966 1162 5038 sia
1191 4968 1372 5062 loquitur,
1412 4969 1645 5040 substantiam
1676 4969 1923 5061 individuam,
1962 4965 2101 5037 intelli,

66 5074 198 5149 dieitur
226 5073 345 5162 imago
370 5071 502 5165 patris,
531 5084 572 5143 ut
593 5070 639 5139 ad
664 5066 848 5143 Colossen.
901 5069 989 5141 item
1013 5072 1058 5142 ad
1109 5085 1248 5161 gentem
1284 5088 1319 5143 et
1350 5072 1736 5150 incommunicabilem.
1795 5066 1842 5143 Et
1872 5072 1968 5166 quod
1991 5092 2101 5163 opor·

65 5176 155 5252 Eeb.
183 5179 238 5254 1.:
270 5173 471 5247 Novissime
500 5173 642 5244 locutus
679 5186 731 5244 est
767 5173 872 5244 nobis
905 5171 946 5245 in
970 5174 1059 5256 lilio,
1109 5188 1180 5247 teat
1203 5168 1262 5243 hic
1285 5199 1470 5266 personam
1492 5171 1560 5246 hoc
1584 5179 1692 5247 modo
1714 5174 1885 5265 intelligi,
1919 5185 2039 5265 postea
2060 5171 2102 5243 in

68 5306 168 5378 quem
193 5283 280 5355 lecit
302 5277 490 5357 haeredem
514 5278 699 5360 omnium,
733 5302 923 5373 perquem
948 5294 1059 5353 etse·
1109 5276 1323 5348 refutatione
1368 5275 1589 5350 Samosateni
1637 5279 1816 5372 copiosius
1863 5277 2101 5351 ostendemus

270 1850 320 1926 In
344 1853 529 1954 principio
555 1862 634 1925 erat
665 1850 841 1931 Verbum.

71 5389 141 5462 mla
162 5388 270 5476 lecit,
304 5384 368 5482 qui
392 5398 445 5456 est
467 5382 588 5475 fulgor
606 5382 760 5474 gloriae,
789 5394 824 5454 et
840 5382 958 5474 imago
973 5384 1059 5456 sub-
1110 5376 1219 5470 Quod
1233 5394 1351 5453 autern
1365 5381 1433 5453 ait:
1459 5375 1549 5453 Erat
1562 5379 1602 5451 in
1616 5383 1989 5475 principio,2testatur
2001 5370 2102 5466 bone
