4522 5782
61 193 220 293 ,ἦ

272 487 370 557 riom
385 480 483 563 eius,
503 469 671 569 gloriam
686 479 869 566 tanquam
886 460 1082 559 unigeniti.

275 638 419 711 Dixerat
459 632 504 701 de
542 624 757 697 assumtione
794 616 973 689 humanae
1009 629 1167 699 naturae,

75 794 80 812 .
175 769 273 821 nunc
298 739 399 812 addit
420 729 643 809 testimonia,
676 741 711 797 et
734 723 841 815 paulo
864 736 944 812 post
965 719 1070 799 dicit,
1105 741 1168 788 cur

175 850 305 922 missus
328 844 373 912 sit
394 837 488 908 filius
505 830 594 915 Dei,
618 853 681 900 cur
703 838 859 895 versatus
882 823 975 893 inter
990 817 1168 894 homines.

176 951 274 1026 Dicit
294 944 406 1036 igitur
430 961 510 1009 eum
535 929 710 1004 habitasse
732 928 826 997 inter
841 920 1023 1003 homines,
1052 923 1169 1006 idest,

94 1055 99 1064 ’
176 1054 294 1149 palam
311 1053 557 1118 conversatum
573 1058 647 1106 esse
662 1055 741 1103 cum
758 1024 986 1111 hominibus,
1010 1021 1168 1097 humano

176 1150 428 1229 morevixisse.
1140 1227 1150 1244 ο

281 1243 653 1344 Quodintelligatur,
684 1247 724 1305 ut
747 1254 851 1324 supra
874 1230 1035 1300 enarravi
1060 1241 1172 1320 partr-

179 1359 295 1433 culam
316 1351 462 1424 Paulini
493 1342 595 1416 dicti:
629 1337 765 1410 Habitu
797 1336 963 1404 inventus
986 1347 1025 1402 ut
1049 1327 1171 1402 homo.

178 1460 319 1534 Deinde
341 1463 542 1547 sequuntur
564 1440 786 1521 testimonia,
819 1436 915 1529 quod
937 1431 1006 1508 hicv
1022 1432 1172 1505 Messias

180 1571 409 1637 conversatus
430 1575 512 1623 cum
530 1543 760 1622 hominibus,
786 1563 990 1633 quanquam
1006 1538 1173 1606 iuduerat

179 1662 451 1740 mortalitatem,
478 1665 511 1723 ει
535 1650 582 1719 εἰι
603 1669 685 1716 rere
707 1640 835 1725 homo,
861 1656 980 1713 tamen
1002 1639 1109 1712 etiam
1127 1638 1173 1708 sit

180 1768 275 1838 lilius
296 1759 366 1834 Dei
390 1771 527 1849 potens.
588 1748 674 1821 ldeo
698 1745 764 1816 ait:
799 1740 972 1817 Vidimus
996 1743 1071 1812 eius
1095 1741 1173 1830 glo-

181 1870 293 1952 riam,
318 1862 450 1939 idest,
477 1853 667 1937 miracula,
692 1848 847 1918 vidimus
865 1868 946 1915 eum
961 1844 1173 1915 resuscitan-

182 1986 255 2043 tem
270 1979 451 2042 mortuos‚
475 1956 632 2027 vidimus
647 1966 682 2024 et
697 1950 813 2042 ipsum
830 1961 1076 2042 postmortem
1091 1968 1174 2015 rur.

183 2094 244 2144 sus
276 2070 475 2146 viventem,
509 2072 544 2130 et
570 2055 756 2127 nobiscum
779 2051 1004 2121 familiariter
1028 2071 1173 2118 verean-

182 2191 277 2254 tem,
302 2184 344 2241 ut
365 2166 536 2238 sciremus
553 2182 618 2255 per
634 2178 716 2229 eum
731 2154 813 2225 tolli
828 2166 1008 2245 peccatum
1024 2163 1059 2220 et
1077 2173 1175 2220 mor-

184 2291 274 2361 tem,
298 2283 336 2344 et
355 2256 504 2357 reguar'e
528 2285 628 2341 eum,
654 2282 694 2329 ac
719 2258 803 2327 dare
818 2254 1043 2325 credentibus
1059 2251 1175 2341 Spiri-

183 2392 262 2451 tum
277 2386 451 2455 sanctum,
474 2365 650 2437 iusticiam
665 2374 700 2430 et
715 2359 822 2428 vitam
840 2372 1032 2429 aeternam.
1078 2351 1177 2424 Haec

184 2503 261 2552 non
283 2486 433 2570 possunt
453 2467 549 2553 fieri,
573 2463 644 2535 nisi
660 2462 782 2533 diviua
795 2461 966 2553 potentia.
1019 2454 1104 2527 ldeo
1120 2456 1177 2526 di-

185 2583 235 2654 cit
248 2602 322 2651 esse
336 2575 485 2667 gloriam
500 2564 676 2659 unigeniti
692 2588 713 2634 a
729 2573 839 2655 patre.

287 2664 610 2751 Nominat⁴autem
639 2662 822 2739 Christum
852 2660 1098 2755 unigenitum,
1139 2674 1178 2731 ut

186 2782 362 2857 discernat
391 2800 473 2850 eum
502 2799 523 2845 a
552 2770 698 2843 caeteris
728 2765 878 2850 sanctis,
911 2763 973 2859 qui
1004 2777 1088 2835 snut
1112 2761 1178 2831 filii

187 2883 391 2979 adoptione.
443 2878 493 2950 At
512 2871 572 2946 hic
593 2868 758 2944 Christus
778 2882 830 2939 est
851 2881 977 2938 natrrra
1000 2864 1116 2951 filius,
1141 2864 1177 2932 id

188 2999 258 3075 est,
283 2988 328 3057 de
342 2980 540 3056 substantia
558 2976 686 3069 patris,
711 2988 872 3063 utsupra
890 2969 1056 3040 diximus.

392 3178 551 3257 Plenum
570 3175 720 3274 gratioe
743 3183 774 3246 st
799 3171 975 3246 veritatis.

289 3338 375 3412 Nou
406 3332 559 3405 dubium
591 3343 660 3412 est,
698 3324 786 3419 quin
819 3327 864 3394 de
893 3324 968 3392 filio
998 3324 1179 3417 loquatur:

616 264 622 275 ,
670 266 673 271 ,
699 214 702 219 -
774 187 900 271 ruer.
926 168 1282 271 sruu'ecrurra
1302 182 1609 261 >exaestua

204 381 274 458 ,Ει
303 374 490 453 habitavit
517 369 556 439 in
582 365 709 450 nodis,
742 373 774 449 st
799 359 1055 459 conspeximus
1078 354 1193 473 glo-l

2096 186 2126 207 .-
2158 184 2213 259 a

1215 361 1431 451 piciatorem.
1484 355 1563 427 Hae
1585 358 1780 429 sententiae
1802 382 1927 429 onrnes
1948 358 2131 427 declarant
2151 357 2212 427 di·

1217 479 1311 535 ctum
1332 459 1601 550 Evangelistae,
1634 465 1731 554 quod
1757 461 1921 532 videlicet
1944 460 2041 531 lilius
2062 458 2132 528 Dei
2153 461 2213 529 di-

1217 580 1333 635 catur:
1365 562 1498 634 Plenus
1520 564 1650 651 gratia,
1684 564 1720 633 id
1744 579 1814 647 est,
1839 588 1922 634 rere
1942 578 1977 634 ct
1997 563 2214 645 naturaliter

1218 669 1370 739 dilectus
1393 667 1508 758 patri,
1539 681 1574 736 et
1595 666 1788 756 impetrans
1808 688 1854 737 ne
1876 672 1986 755 genus
2010 660 2215 735 humanum

1220 793 1364 861 prorsus
1388 781 1526 861 pereat,
1552 771 1611 836 sed
1636 784 1676 838 nt
1702 769 1811 862 aliqui
1833 782 1977 859 propter
1999 769 2120 857 ipsum
2137 768 2215 837 sint

1220 873 1320 942 electi
1347 885 1380 941 ει
1400 871 1614 958 diligantur,
1641 886 1674 941 et
1691 872 1897 962 impertiens
1913 869 2143 941 credentibus
2156 892 2215 939 re*

1220 974 1427 1044 missionem
1444 987 1683 1062 peccatorum,
1710 989 1750 1045 ut
1764 974 1961 1062 diligantur
1976 989 2010 1044 et
2025 972 2104 1062 ipsi.
2200 1032 2203 1037 .

1323 1125 1549 1215 Intelligatur
1573 1128 1682 1215 igitur
1705 1128 1815 1215 gratia
1837 1151 1910 1196 non
1925 1139 2064 1199 tantum
2081 1128 2126 1197 de
2139 1126 2216 1218 pri·

1224 1245 1303 1302 vata
1326 1228 1535 1313 dilectione,
1561 1231 1621 1299 sed
1642 1229 1745 1300 ctiam
1763 1233 1807 1299 de
1825 1230 2119 1301 communicanda
2136 1253 2217 1298 cae·

1222 1334 1307 1404 teris
1331 1332 1468 1415 electis,
1503 1331 1666 1402 videlicet
1690 1333 1786 1424 quod
1812 1346 1957 1423 propter
1980 1326 2077 1402 hrrnc
2096 1329 2216 1401 filium

1223 1458 1333 1527 genus
1362 1429 1560 1503 humanum
1590 1435 1636 1504 sit
1665 1447 1822 1525 ereptum
1850 1434 2036 1529 tyrannidi
2065 1434 2218 1517 diaboli,

1224 1553 1260 1610 et
1283 1538 1465 1609 credentes
1479 1537 1551 1605 sint
1568 1537 1687 1619 electi,
1711 1549 1745 1606 et
1758 1536 1966 1628 diligantur.
2019 1534 2117 1605 lnlra
2134 1559 2218 1605 rnr-

1224 1662 1283 1712 sus
1313 1653 1489 1733 utranque
1513 1638 1785 1731 appellationem
1810 1651 1943 1732 repetet
1964 1641 2085 1709 eadem
2104 1636 2218 1730 signi-

1224 1743 1407 1825 ficatione,
1439 1740 1502 1810 ubi
1526 1764 1562 1811 se
1582 1742 1712 1811 clarius
1733 1741 1903 1826 declarat,
1935 1742 2072 1811 dicens:
2105 1740 2221 1810 Acce-

1225 1847 1342 1937 pimus
1365 1844 1514 1934 gratiam
1537 1868 1601 1935 pro
1624 1845 1754 1934 gratia,
1789 1844 1823 1910 id
1848 1858 1917 1930 εει,
1951 1845 2112 1914 favorem
2136 1867 2220 1934 erga

1225 1971 1310 2031 nos,
1337 1971 1402 2038 pro
1415 1945 1535 2015 lavore
1551 1968 1630 2036 erga
1646 1946 1774 2037 ipsum,
1797 1946 1889 2017 siccat
1902 1958 1984 2016 ante
1999 1947 2135 2017 dictum
2151 1962 2221 2016 est:

1225 2045 1340 2140 Elegit
1360 2072 1425 2116 nos
1442 2048 1481 2116 in
1500 2048 1596 2139 ipso,
1623 2048 1659 2117 id
1678 2064 1748 2126 est.
1775 2060 1920 2141 propter
1936 2048 2065 2141 ipsum.

1329 2202 1444 2273 Addit
1464 2215 1600 2272 autem:
1628 2192 1761 2272 Plenus
1783 2204 1947 2283 veritate,
1974 2202 2108 2286 idest,
2135 2226 2223 2272 vera

1227 2305 1294 2376 Dei
1317 2304 1470 2388 noticia,
1496 2319 1531 2374 et
1552 2329 1633 2372 vera
1660 2305 1817 2389 iusticia,
1845 2305 1988 2397 propria
2008 2319 2042 2375 et
2057 2328 2223 2375 commu·-

1228 2408 1393 2479 nicanda.
1446 2404 1537 2476 Nam
1558 2406 1596 2475 in
1611 2406 1685 2475 lilio
1703 2431 1786 2476 vere
1801 2407 1893 2477 lucet
1908 2408 2041 2478 noticia
2058 2403 2146 2486 Dei,
2173 2407 2223 2476 si-

1229 2523 1289 2582 cut
1306 2510 1355 2579 ait
1372 2503 1545 2578 Matthaei
1566 2512 1638 2581 11.:
1665 2507 1777 2578 Nemo
1797 2510 1896 2580 novit
1913 2510 2044 2593 filium,
2069 2510 2141 2578 nisi
2156 2534 2224 2601 ps-

1229 2628 1301 2696 ter,
1325 2635 1442 2704 neque
1459 2623 1593 2702 patrem
1611 2613 1798 2704 quisquam
1816 2612 1936 2697 norit,
1961 2612 2034 2680 nisi
2047 2611 2162 2697 lilius,
2176 2626 2225 2681 .et

1230 2714 1286 2785 cui
1311 2713 1465 2786 voluerit
1485 2711 1579 2781 lilius
1602 2713 1772 2785 revelare.
1825 2712 1912 2782 ltem
1930 2715 1973 2782 sd
1992 2711 2152 2783 Ebraeos
2170 2716 2223 2787 l.t

1231 2817 1300 2887 Per
1319 2815 1453 2898 lilium,
1479 2814 1542 2908 qui
1568 2828 1614 2883 est
1639 2814 1757 2904 fulgor
1779 2816 1911 2903 gloriae
1932 2829 1968 2886 ει
1987 2816 2121 2905 efligies
2137 2816 2226 2887 sub-

1230 2919 1380 2991 stantiae
1408 2918 1495 2989 eius.
1559 2914 1656 3008 Ergo
1685 2919 1723 2986 iu
1749 2918 1823 2986 filio
1847 2932 1898 2988 εει
1920 2941 2003 2987 vera
2027 2933 2062 2987 et
2084 2918 2225 3008 integre

1232 3020 1363 3092 noticia
1385 3021 1518 3091 aeterni
1537 3018 1623 3103 Dei,
1657 3020 1772 3113 qualis
1796 3020 1833 3088 in
1855 3019 1955 3090 nulla
1976 3033 2137 3089 creatura
2158 3036 2227 3105 est.

1232 3149 1297 3193 nec
1319 3123 1439 3215 patefit
1460 3124 1540 3192 aliis
1564 3122 1633 3190 nisi
1659 3145 1721 3212 per
1742 3123 1867 3194 filium.
1936 3122 2036 3193 Sicut
2059 3123 2136 3213 ipse
2155 3125 2224 3194 ait:

1232 3224 1345 3297 Nemo
1369 3225 1471 3294 novit
1494 3238 1626 3315 patrem
1650 3224 1717 3293 nisi
1740 3224 1854 3309 filius,
1878 3239 1912 3293 et
1934 3225 1990 3294 cui
2013 3225 2107 3293 volet
2129 3225 2227 3294 lilius

1233 3329 1401 3399 revelare.
1453 3325 1522 3396 Per
1544 3322 1640 3396 hunc
1662 3327 1772 3415 igitur
1793 3328 1887 3397 edita
1908 3340 1960 3396 est
1977 3325 2165 3414 promissio
2181 3335 2228 3397 de

190 3443 300 3536 Quod
322 3439 417 3511 enim
441 3436 608 3506 laborant
627 3429 771 3523 quidam
787 3423 856 3496 boc
873 3426 952 3494 loco
972 3427 1015 3495 de
1033 3427 1183 3521 syntaxi,
1234 3430 1415 3501 voluntate
1437 3430 1567 3519 patris,
1594 3428 1697 3500 initio
1715 3442 1793 3518 post
1808 3429 1946 3520 lapsum
1963 3422 2082 3514 Adae,
2111 3442 2148 3498 et
2163 3452 2229 3520 per

191 3563 450 3641 supervacanea
479 3533 657 3606 ΰὸιῖυθῑῑθ
688 3543 751 3603 ⁰⁸¹·
809 3526 981 3599 Refetlur
1010 3531 1107 3597 enlm
1136 3532 1181 3599 ed
1234 3535 1348 3623 ipsum
1365 3531 1537 3601 illucescit
1552 3524 1638 3601 haec
1654 3531 1785 3601 noticia
1799 3531 2227 3623 mentibuscredentium‚

191 3646 392 3740 superiora:
419 3638 581 3709 Verbum
605 3658 687 3703 caro
711 3632 935 3716 factumest,
958 3626 1184 3703 ethabitavit
1235 3658 1315 3704 ciam
1351 3657 1415 3725 per
1450 3635 1598 3703 verbnm
1626 3656 1731 3702 suum
1760 3634 1821 3703 dat
1848 3632 2021 3724 Spiritum
2053 3647 2228 3705 sanetum.

192 3752 233 3821 iu
261 3747 384 3829 uobis,
420 3742 566 3833 plenum
599 3734 732 3824 gratiae
762 3747 799 3802 ει
828 3733 995 3803 veritatis
1056 3730 1182 3805 Gratia
1234 3735 1367 3820 Porro,
1393 3759 1512 3804 veram
1532 3733 1597 3804 Dei
1620 3736 1788 3804 noticiam
1810 3736 2001 3805 comitatur
2022 3757 2104 3802 vera
2122 3736 2229 3805 iusti·

192 3849 367 3942 significat
393 3840 489 3913 haud
521 3839 630 3908 dubie
658 3838 817 3906 favorem
841 3836 925 3920 Dei,
959 3850 1080 3929 estque
1102 3861 1183 3907 seu·
1234 3838 1306 3922 cia,
1338 3837 1466 3908 ardeus
1490 3838 1634 3908 dilectio
1658 3835 1745 3918 Dei,
1771 3851 1806 3907 et
1826 3861 1908 3907 vera
1934 3836 2158 3922 obedientia,
2184 3842 2234 3910 de

194 3952 323 4028 tentia:
356 3946 428 4017 Hic
457 3943 552 4013 lilius
582 3939 737 4032 primum
768 3950 803 4008 et
830 3937 1042 4010 naturaliter
1064 3961 1083 4006 a
1106 3936 1181 4009 Deo
1235 3964 1303 4034 qua
1338 3962 1440 4029 saepe
1474 3940 1561 4009 alias
1592 3939 1743 4022 dicitur,
1778 3953 1817 4008 ut
1841 3937 1965 4008 Esaiae
1981 3938 2035 4013 6.:
2068 3938 2233 4030 Spiritus

193 4053 375 4146 diligitur,
422 4060 544 4139 estque
570 4064 694 4125 cauta,
742 4055 1025 4132 propterquam
1057 4042 1183 4111 caeteri
1236 4042 1373 4113 domini
1395 4064 1502 4133 super
1521 4066 1595 4124 me,
1621 4066 1662 4109 eo
1679 4043 1775 4134 quod
1789 4042 1931 4112 unxerit
1945 4066 2017 4125 me3
2046 4055 2079 4112 et
2093 4043 2232 4115 Colos-

194 4171 278 4232 sunt
297 4151 399 4225 electi
421 4165 456 4220 et
473 4147 686 4236 diliguntur.
738 4138 870 4232 Ephes.
889 4148 940 4215 1.:
968 4139 1184 4214 Dilexitnos
1219 4145 1421 4217 aenaeae:
1456 4142 1498 4214 ln
1528 4145 1605 4233 ipso
1628 4138 1765 4214 habitat
1787 4145 1905 4212 omnis
1928 4143 2112 4235 plenitrldo
2134 4146 2236 4217 divi·-

194 4264 233 4332 in
256 4258 407 4332 dilecto,
438 4252 571 4334 idest,
604 4258 751 4338 propter
772 4244 886 4316 filium
909 4244 1096 4330 dilectum,
1121 4269 1185 4337 per
1237 4246 1358 4317 nitatis
1372 4246 1617 4335 corporaliter.
1671 4243 1791 4333 Quare
1804 4247 1843 4314 in
1858 4270 1899 4315 εο
1915 4270 1997 4314 vers
2011 4246 2152 4318 iusticia
2168 4264 2234 4333 est,

195 4386 300 4458 quem
324 4353 496 4428 habemus
518 4348 771 4421 redemtionem
795 4347 1082 4436 persauguinem
1099 4348 1184 4418 cius.
1236 4364 1270 4419 et
1299 4349 1437 4437 integra
1464 4348 1551 4437 legis
1574 4348 1747 4438 impletio.
1811 4345 1859 4418 Ut
1884 4361 2000 4418 autem
2026 4351 2072 4417 de
2095 4351 2237 4422 noticia

196 4465 295 4536 ldem
331 4461 433 4530 docet
468 4478 537 4523 vox
566 4451 741 4522 coelestis:
783 4447 852 4520 Hic
884 4464 936 4519 est
963 4448 1057 4519 filius
1086 4474 1185 4521 meus
1237 4449 1303 4521 Dei
1327 4451 1642 4529 communicanda,
1665 4450 1716 4518 sic
1737 4463 1771 4519 et
1792 4450 2154 4523 decommunicanda
2174 4455 2237 4524 iu·

194 4566 364 4647 dilectus,
397 4582 469 4653 quo
491 4555 666 4634 delector,
700 4548 798 4623 hunc
820 4553 951 4624 audite.
1019 4549 1186 4623 Testatur
1237 4552 1338 4623 sticia
1360 4552 1522 4646 loquitur
1543 4550 1780 4642 Evangelista.
1833 4550 1922 4623 Cum
1945 4549 2109 4623 Christus
2134 4559 2236 4628 uoti-

194 4690 278 4761 ergo
314 4659 414 4737 bunc
450 4659 564 4729 blium
605 4654 759 4745 primum
797 4656 926 4739 amari,
970 4667 1005 4725 et
1040 4668 1187 4746 propter
1237 4650 1410 4726 ciamDei
1431 4655 1658 4726 credentibus
1681 4655 1919 4725 communicat
1942 4678 2005 4744 per
2026 4658 2237 4733 verbumst

196 4767 294 4842 hunc
316 4766 461 4838 electam
484 4782 558 4831 esse
575 4774 610 4829 et
625 4756 727 4845 diligi
741 4750 953 4846 Ecclesiam,
980 4781 1069 4851 quae
1086 4758 1187 4829 audit
1238 4756 1411 4850 Spiritum
1434 4769 1615 4840 sanctum,
1641 4757 1745 4825 etiam
1761 4756 1900 4827 iusticia
1916 4780 2009 4828 nova
2026 4757 2236 4831 efliciturin

157 4884 159 4893 '
195 4869 294 4945 hunc
316 4868 450 4951 tilium,
485 4857 688 4955 Ephes.1.:
716 4856 817 4930 Sicut
836 4859 942 4949 elegit
966 4884 1031 4928 nos
1054 4861 1091 4929 in
1110 4860 1186 4951 ipso
1238 4860 1407 4930 cordibus
1429 4860 1663 4933 credentium.
1715 4858 1806 4930 Cum
1828 4859 1923 4926 enim
1945 4859 2064 4949 agnito
2088 4878 2237 4952 peccato

195 4987 278 5046 ante
311 4969 552 5042 conditionem
583 4960 728 5044 mundi,
763 4973 803 5030 ut
833 4983 988 5031 essemus
1012 4963 1125 5032 sanati
1152 4978 1188 5033 et
1239 4976 1272 5032 et
1289 4961 1520 5032 damnatione
1535 4961 1667 5046 nostri,
1693 4960 1901 5049 agnovimus
1917 4962 2021 5032 etiam
2036 4958 2237 5052 perEvsn·

196 5068 413 5146 immaculati
439 5090 558 5140 coram
582 5062 679 5148 Deo,
706 5086 768 5153 per
788 5063 1015 5133 dilectionem
1042 5066 1188 5154 praede·
1238 5065 1370 5155 gelium
1407 5061 1685 5133 misericordiam
1719 5060 1787 5133 Dei
1825 5063 2038 5135 remittentis
2075 5081 2236 5163 peccata,

196 5177 333 5251 stinans
360 5195 426 5244 nos
458 5173 503 5241 ad
536 5166 765 5258 adoptionem
795 5165 952 5235 liliorum
983 5190 1046 5258 per
1073 5166 1187 5237 lesum
1240 5165 1426 5235 liberantis
1454 5188 1521 5234 nos
1545 5188 1564 5233 a
1587 5165 1836 5256 damnatione,
1871 5165 2092 5258 recipientis,
2126 5171 2238 5240 adin.

195 5273 378 5350 Christum
407 5276 447 5346 in
471 5274 603 5364 ipsum3
636 5282 671 5338 ει
694 5263 871 5343 Βοω.3.;
906 5266 975 5338 Ρει·
997 5269 1188 5341 redemtio-
1239 5269 1357 5340 rantis
1380 5280 1414 5340 et
1435 5268 1606 5339 salvantis
1631 5290 1717 5351 nos,
1741 5267 1934 5358 incipimus
1956 5262 2248 5359 euminvocsrq

196 5403 279 5451 ⁸⁸¹⁰
302 5380 342 5449 5¹¹
365 5375 509 5450 chilim
528 5371 626 5457 lema
652 5393 757 5464 ‘1¹¹‘m
782 5371 966 5464 Pl⁰P⁰⁸⁰5l
984 5369 1082 5443 Deus
1104 5397 1188 5465 pro·
1210 5440 1215 5457 ,
1239 5388 1273 5446 ει
1289 5396 1353 5443 uos
1369 5369 1400 5441 ei
1417 5371 1609 5455 subiicere,
1635 5383 1670 5441 et
1685 5394 1764 5441 eum
1778 5371 1943 5460 diligere,
1970 5371 2060 5442 sieut
2074 5369 2184 5444 llum.
2198 5375 2236 5445 8.
