4522 5782
170 210 220 287 ar
759 171 1598 283 eurauanscmsrrasxeonrrca.
2171 202 2224 279 sa

181 402 253 457 tem
279 385 324 453 de
346 382 468 451 futuro
485 377 639 464 iudicio,
661 379 707 449 de
720 378 929 449 remissione
944 392 1180 471 peccatorum,
1201 404 1204 421 ¹
1227 404 1358 465 cerem,
1398 383 1482 476 quia
1519 381 1590 450 iam
1622 380 1771 472 propius
1795 377 1993 449 Galilaeam
2018 395 2224 466 accesserat,

183 491 228 557 de
250 487 320 555 vita
345 496 509 560 aeterna,
534 505 560 551 u
596 493 733 551 constat
754 480 942 551 maximam
960 496 1095 575 partem
1112 479 1179 553 ho·
1200 477 1205 540 ἰ
1226 486 1503 578 versabaturque
1524 484 1562 552 in
1579 482 1658 552 loco
1674 482 1792 552 vicino
1810 480 2025 575 Tyberiadis
2041 484 2085 552 ad
2102 483 2222 554 laeum

183 592 344 669 usinum,
378 598 439 655 aut
464 606 538 653 esse
561 581 793 674 Epicuream,
829 597 890 655 aut
915 578 1182 678 hypocriticam,
1200 544 1205 671 i
1226 582 1460 657 Genezareth.
1524 585 1614 656 Nam
1636 609 1711 654 non
1735 585 1859 676 procul
1885 587 1931 655 ab
1955 608 1996 654 eo
2020 585 2224 657 lacuerant

188 705 223 761 et
244 690 387 779 utrique
411 686 566 773 diligunt
587 686 762 757 tenebras.
817 682 873 754 De
894 683 1080 777 Epicureis
1104 712 1178 755 non
1201 674 1206 777 ξ
1228 687 1355 757 Aenon
1387 703 1421 758 et
1447 688 1595 767 Salema·
1626 687 1727 756 carius
1757 682 1817 756 hic
1847 687 1886 758 tn
1915 687 2062 759 mentio.
2127 686 2223 756 Nam

187 806 240 865 est
270 790 438 871 dubium,
471 789 575 881 quia,
611 789 672 880 qui
703 789 851 856 verbum
880 787 946 857 Dei
976 791 1178 858 fabulosum
1201 782 1469 887 lHieronymus
1500 790 1550 859 ait
1582 789 1688 858 anm
1721 812 1783 857 sua
1813 801 1924 859 aetate
1954 790 2071 857 vicum
2099 789 2222 879 luisse,

190 919 262 964 esse
284 892 505 978 existimant,
535 904 679 960 rnarrent
700 890 737 956 in
762 891 918 973 tenebris
934 903 967 958 et
984 892 1021 958 in
1038 894 1179 978 ignora·
1202 874 1207 1001 ff
1226 893 1283 960 eui
1300 918 1430 961 numen
1448 893 1515 963 luit
1531 891 1717 969 Salimias,
1743 914 1816 959 non
1832 891 1956 981 pmcrrl
1970 886 2225 983 aScythepoli,

189 993 384 1075 tioueDei,
409 1007 443 1062 et
466 1006 606 1062 aeterna
630 992 680 1059 ira
704 992 966 1081 opprimuntur.
1020 991 1080 1063 Sic
1100 1016 1180 1084 per·
1203 1004 1207 1109 ἰ
1228 997 1361 1063 distans
1404 1019 1425 1063 a
1458 993 1683 1087 ierosolymis
1710 995 1853 1062 circiter
1887 993 1936 1062 10
1969 991 2122 1063 miliaria
2156 1017 2226 1064 tro·

191 1111 332 1169 suntet
356 1091 577 1187 hypocritae,
603 1107 644 1165 ut
668 1092 772 1176 Saul,
799 1091 923 1177 ludas,
950 1107 984 1164 et
1009 1095 1087 1178 alii,
1115 1096 1179 1163 etsi
1203 1120 1207 1185 ς
1228 1098 1362 1169 stratia.

183 1224 266 1293 non
292 1197 419 1268 volunt
442 1197 555 1266 videri
578 1193 709 1280 ἄθεοι,
744 1196 805 1263 sed
829 1194 988 1267 iactitant
1009 1219 1047 1266 se
1070 1220 1180 1287 agno-
1331 1212 1500 1302 Quaestio
1521 1227 1637 1284 autem
1654 1207 1713 1281 hic
1728 1213 1902 1304 repetitur
1916 1214 1961 1282 de
1978 1212 2174 1304 baptismo,
2202 1238 2224 1283 a

191 1325 287 1373 stete
312 1314 347 1370 el
369 1301 494 1368 timere
516 1297 652 1416 D‘¹!¹¹!’
682 1311 801 1366 lamen
826 1317 905 1367 ⁸⁰³⁸
930 1301 1100 1391 (lundam
1123 1300 1181 1369 vel
1230 1338 1300 1409 quo
1335 1318 1380 1385 sit
1409 1315 1604 1386 institutus.
1664 1312 1723 1384 An
1748 1315 1852 1385 liceat
1875 1310 1959 1384 huic
1984 1312 2063 1386 Iesu
2087 1317 2224 1386 eteius

193 1403 402 1495 opinione&
436 1400 493 1469 vel
515 1400 725 1491 ⁰⁰P¹d¹l³les
748 1400 949 1472 tuleftfflssl
970 1403 1080 1471 verim
1103 1399 1182 1486 Del,
1229 1415 1413 1509 discipulis
1427 1416 1626 1510 baptizare,
1652 1433 1712 1488 aut
1727 1417 1815 1510 quid
1830 1417 1971 1488 intersit
1986 1417 2225 1488 interstruu-

193 1519 228 1576 et
263 1505 304 1577 in
331 1504 412 1572 aliis
439 1502 501 1571 alii
531 1515 614 1572 sunt
643 1525 800 1586 errores,
841 1503 929 1572 aliae
960 1505 1181 1594 cupiditates.
1230 1543 1299 1613 que
1320 1521 1555 1612 baptismum,
1582 1520 1670 1613 quid
1692 1519 1962 1591 etiam-interris
1984 1520 2078 1590 inter
2099 1543 2225 1611 perso.

192 1603 394 1679 Pharisaeis
431 1606 520 1674 adeo
546 1604 653 1672 infixa
681 1617 755 1673 erat
781 1605 965 1702 persuasio
997 1608 1041 1674 de
1072 1629 1182 1696 regno
1230 1643 1314 1706 nas,
1348 1620 1518 1692 loannem
1550 1637 1585 1694 et
1609 1621 1738 1697 lesum,
1787 1620 1857 1691 Hic
1886 1622 2056 1693 recitatur
2084 1623 2222 1710 gravi&

193 1710 397 1790 mundam,
423 1719 457 1777 ei
479 1707 668 1776 admiraiio
690 1706 796 1795 ¹0ng
821 1702 1183 1779 ulvehemenlissime
1231 1724 1319 1792 ‘ima
1342 1725 1487 1809 concio,
1521 1724 1559 1792 in
1581 1748 1650 1817 qua
1675 1721 1827 1793 {oannes
1848 1746 2016 1813 personas
2040 1725 2223 1807 discernit,

194 1807 430 1882 abhorrerem
453 1832 472 1876 θ
494 1803 658 1894 Chll⁵¹⁰s
692 1832 798 1901 (luem
822 1809 990 1880 Videbam
1013 1835 1086 1880 ⁰⁰¹¹
1110 1834 1184 1880 ²⁵⁸⁶
1231 1840 1267 1896 et
1287 1826 1493 1918 plenissime
1514 1829 1624 1896 tradit
1640 1849 1814 1895 summam
1829 1821 2033 1915 Evangelii,
2061 1840 2096 1896 et
2112 1827 2222 1895 simul

135 1979 142 1995 ,
195 1914 419 1984 mundanum
441 1933 577 2000 regem,
603 1926 637 1982 et
660 1911 853 1980 audiebant
875 1926 1064 1983 extenuare
1081 1913 1184 1984 iusti·
1231 1928 1334 1998 docet
1367 1953 1403 1998 ,e
1432 1928 1533 2017 fungi
1560 1928 1777 2008 ministerio,
1809 1928 1906 2020 quod
1927 1928 1982 1996 iffi
2004 1928 2152 2011 serviat,
2186 1950 2222 1996 ς,

194 2016 287 2086 θὶθω
309 2009 536 2131 Ῑῐῦωἷῦὃῐῦχ
565 2009 634 2083 ΗῙ3
648 2012 881 2102 0Ρῖὓῖθῦἷῦΰῦ
893 2015 1073 2099 ἷθῦθῖὓθῐῑ,
1099 2019 1185 2084 Ode·
1230 2053 1306 2099 nou
1325 2030 1392 2101 sibi
1409 2053 1577 2125 quaerere
1595 2045 1656 2101 aut
1670 2030 1864 2119 adiungere
1879 2031 2073 2121 populum,
2099 2030 2159 2099 sed
2177 2031 2222 2098 ad

196 2132 279 2189 rant
303 2116 452 2186 verbum
471 2113 558 2195 Der,
585 2140 650 2184 nec
673 2115 887 2185 invocabant
903 2111 1019 2186 Deum
1044 2119 1082 2187 in
1103 2141 1184 2187 vera
1231 2132 1849 2217 inumded11cer2‚etesfieaxem
1872 2131 2109 2203 ministerium
2136 2156 2221 2224 pm.

196 2221 284 2299 fide,
324 2220 396 2287 iffl⁰
426 2215 522 2285 valle
543 2216 731 2287 irritabant
752 2212 987 2307 bltl⁵l²i¹²ffliftl
1008 2234 1040 2289 ‘l
1065 2235 1186 2314 ΨΜ·
1232 2248 1310 2325 pter
1334 2235 1465 2327 ipsum.
1517 2230 1674 2304 Orditur
1695 2249 1811 2305 autem
1839 2234 2221 2323 ageneralisententia

196 2323 293 2393 nide·
342 2321 428 2389 1d²⁰
455 2333 662 2388 mmmm
692 2320 730 2387 5¹¹
759 2319 931 2407 imbrib
964 2334 999 2392 ‘l
1026 2323 1185 2415 ⁰91³stssi
1230 2336 1382 2406 maxime
1403 2334 1646 2421 memorabili,
1672 2336 1737 2407 etsi
1760 2337 1805 2404 de
1822 2331 1977 2406 Ecclesia
2000 2337 2144 2427 proprie
2167 2336 2223 2404 lo·'

197 2435 281 2495 ⁸⁰⁰²
299 2422 422 2513 9⁰⁹⁰ss
441 2421 790 2494 θῑὸθῑθῐῃθῗΐθῦθῗ·
1232 2437 1373 2530 quitur,
1406 2452 1522 2509 tamen
1554 2440 1659 2509 etiam
1690 2438 1875 2529 politicum
1906 2451 2133 2530 praeceptum
2161 2446 2224 2524 est,

299 2521 398 2593 Haec
425 2536 477 2593 0⁵1
506 2524 633 2592 mundi
656 2519 803 2593 bl⁸i0¹l³
824 2524 993 2595 ⁰¹¹¹¹¹lb¹¹⁸
1015 2523 1185 2631 ῐθῐῐΙΡῡΐῖ·
1231 2554 1265 2610 et
1289 2542 1371 2634 quia
1390 2541 1533 2634 politica
1547 2539 1706 2631 exempla
1723 2540 1866 2609 facilius
1877 2540 2153 2630 intelliguntur,
2178 2542 2224 2612 ab

196 2628 279 2712 hus,
303 2625 455 2696 maxima
469 2647 549 2716 pars
564 2621 752 2695 hominum
768 2650 864 2696 nune
879 2651 1021 2720 quoque
1036 2639 1087 2697 est
1098 2625 1186 2717 Epi·
1230 2637 1288 2712 ht,
1305 2644 1425 2713 ordiar
1444 2642 1786 2736 interpretationem,

196 2751 320 2815 cursa,
345 2727 408 2798 alii
424 2741 509 2797 sunt
523 2722 741 2822 hypocritae,
761 2741 802 2799 ut
816 2729 992 2819 sapientes
1007 2730 1076 2799 viri
1092 2730 1187 2800 inter

197 2831 419 2903 adversarios
431 2828 638 2918 Evangelii,
663 2830 702 2898 in
718 2825 774 2900 his
787 2830 955 2901 acerrima
970 2832 1052 2902 odia
1066 2828 1185 2904 livan-

196 2933 281 3024 gelii
296 2933 468 3016 existunt,
493 2945 638 3022 propter
652 2934 740 3001 duas
757 2956 899 3017 causas,
925 2958 1005 3003 cum
1020 2954 1186 3025 praesen-

197 3050 268 3107 tem
299 3037 451 3105 lormam
473 3034 637 3125 politiae,
669 3058 731 3104 seu
753 3032 949 3116 Ecclesiae,
981 3050 1023 3108 ut
1045 3049 1186 3118 vocant,

198 3138 355 3208 labefieri
379 3151 412 3206 et
434 3137 575 3208 concuti
598 3137 759 3221 videant,
784 3160 859 3207 non
876 3151 1023 3229 possunt
1038 3163 1112 3207 non
1128 3138 1187 3205 in-

198 3240 358 3328 dignari,
386 3252 421 3310 et
437 3240 569 3309 multas
590 3232 723 3309 habent
743 3234 918 3310 humanas
941 3263 1062 3309 causas
1080 3235 1186 3311 huius

198 3343 253 3412 sui
284 3340 431 3410 doloris.
497 3340 635 3410 Deinde
665 3365 744 3409 cum
774 3342 928 3412 audiunt
954 3342 993 3411 in
1022 3343 1186 3413 doctrina

197 3446 371 3535 quaedam
401 3465 526 3533 parum
555 3442 777 3533 plausibilia,
811 3443 1041 3514 confirmatur
1062 3468 1185 3514 eorum

197 3547 319 3629 furor,
344 3557 383 3613 ut
405 3567 522 3626 nunc,
548 3568 628 3612 cum
651 3545 802 3615 audiunt
817 3547 1009 3615 adversarii
1027 3543 1090 3615 has
1106 3570 1187 3615 sen-

198 3648 341 3717 tentias:
370 3646 477 3736 Quod
500 3645 569 3714 fide
590 3645 674 3717 iusti
697 3660 904 3738 reputemur
921 3640 1064 3739 propter
1080 3646 1187 3718 Chri-

199 3762 312 3840 stum‚
339 3773 413 3817 non
430 3761 574 3837 propter
590 3761 728 3818 nostras
746 3749 907 3828 virtutes,
935 3753 1029 3844 quod
1048 3751 1092 3821 sit
1107 3753 1186 3820 ido·

199 3851 320 3921 latrica
354 3850 531 3920 invocatio
554 3862 800 3935 mortuorum,
827 3866 860 3923 et
883 3850 1015 3922 Missae
1038 3855 1185 3946 papisti-

199 3979 275 4039 cae,
309 3952 522 4023 mirabiliter
542 3953 746 4023 accenditur
766 3953 894 4023 rabies.
946 3952 1097 4026 Manent
1120 3955 1186 4046 igi-

198 4069 258 4126 tur
273 4057 312 4124 in
329 4055 500 4139 tenebris,
526 4069 567 4126 ut
582 4057 626 4123 de
644 4052 723 4124 aliis
739 4078 844 4148 supra
862 4056 996 4126 dictum
1015 4071 1077 4131 cst.

249 4220 418 4295 Econtra
432 4224 585 4324 satiens
608 4223 792 4297 veritatem
819 4224 913 4296 venit
934 4221 991 4296 od
1010 4222 1135 4297 lucem.

299 4358 340 4430 ld
365 4374 435 4444 est,
461 4384 653 4449 agnoscens
677 4374 857 4452 peccatum
880 4376 914 4432 et
935 4363 1024 4431 iram
1041 4362 1125 4449 Dei,
1151 4378 1187 4436 et

197 4464 399 4536 anteferens
411 4464 558 4533 verbum
574 4462 644 4532 Dei
661 4464 813 4555 propriis
829 4465 1060 4556 opinionibus
1075 4481 1109 4537 et
1124 4490 1186 4537 cu-

196 4567 417 4659 piditatibus.
470 4564 503 4634 ls
526 4565 626 4635 audit
640 4561 896 4656 Evangelium,
921 4580 954 4636 et
978 4569 1125 4639 credens
1145 4571 1185 4640 lit

196 4669 291 4739 lilius
311 4667 388 4740 Dei.
449 4664 500 4737 lta
529 4667 621 4737 fiunt
644 4667 719 4737 eius
742 4693 849 4760 opera
873 4670 911 4739 in
934 4666 1030 4751 Deo,
1064 4671 1185 4756 idest,

194 4770 270 4841 Deo
285 4771 355 4839 iam
373 4771 604 4860 gubernante.

1247 2857 1338 2936 Non
1361 2872 1477 2960 potest
1499 2860 1576 2937 sibi
1597 2856 1708 2934 honre
1728 2882 1869 2934 sumere
1890 2858 2111 2963 quicquam,
2143 2870 2207 2936 etc.

1334 3013 1388 3086 De
1403 3017 1590 3087 eventibus
1602 3028 1634 3087 et
1648 3017 1806 3108 prosectu
1821 3014 2064 3086 concinnatur.
2101 3012 2222 3085 Homo

1232 3143 1306 3188 non
1332 3133 1447 3217 potest
1468 3143 1589 3208 gerere
1611 3143 1666 3188 res
1681 3139 1843 3206 magnas,
1867 3132 1901 3189 et
1915 3119 2085 3218 salutares
2100 3118 2169 3187 sibi
2188 3132 2223 3188 et

1232 3220 1481 3314 Reipublicae,
1507 3221 1614 3311 potiri
1638 3220 1816 3311 imperiis,
1841 3220 2054 3290 constituere
2075 3220 2224 3291 durabi-

1232 3324 1302 3392 lem
1333 3335 1369 3393 et
1391 3345 1600 3392 mansurum
1624 3332 1776 3406 statum,
1808 3321 1961 3391 retinere
1984 3324 2224 3407 autoritatem,

1232 3425 1303 3495 nisi
1341 3425 1530 3495 adiuvetur
1570 3424 1755 3497 divinitus.
1823 3421 2025 3510 Antonius,
2068 3421 2225 3509 Cassius,

1234 3527 1436 3611 Dolabella,
1463 3541 1497 3597 et
1520 3527 1621 3598 multi
1647 3526 1708 3595 alii
1722 3525 1935 3616 appetebant
1950 3549 2031 3595 eum
2046 3526 2166 3597 locum
2184 3527 2222 3595 iu

1234 3631 1384 3721 imperio
1393 3626 1580 3720 Romano,
1607 3652 1711 3722 quem
1729 3627 1842 3699 lulius
1857 3641 2037 3710 tenuerat,
2059 3629 2226 3701 viderant

1233 3732 1332 3801 illius
1352 3731 1572 3822 exemplum,
1596 3744 1629 3801 et
1652 3729 1899 3802 existimabant
1923 3753 1959 3798 se
1975 3729 2049 3800 suis
2063 3728 2224 3799 consiliis

1233 3858 1275 3904 ae
1303 3834 1531 3926 apparatibus
1556 3856 1657 3923 posse
1680 3832 1849 3924 consequi
1875 3832 2018 3916 eadem,
2050 3832 2224 3925 quasilla

1233 3939 1382 4028 adeptus
1395 3935 1530 4006 fuisset.
1582 3932 1679 4003 Haec
1694 3926 1895 4025 κακοζηλία
1911 3956 2048 4023 semper
2064 3934 2102 4001 in
2117 3959 2223 4003 muu-

1234 4043 1280 4111 do
1295 4037 1574 4110 innumerabiles
1587 4031 1751 4107 homines
1764 4038 1869 4109 fallit.
1923 4033 2017 4125 Quia
2034 4059 2117 4105 vero
2128 4033 2224 4113 Deus

1233 4168 1309 4213 non
1324 4144 1470 4214 adiuvat
1478 4137 1678 4210 Antonium
1694 4153 1728 4211 et
1743 4153 1907 4223 caeteros,
1934 4134 2224 4207 nonsolumsru-

1234 4260 1391 4316 strantur
1416 4267 1477 4312 sua
1500 4266 1578 4333 spe,
1605 4243 1664 4311 sed
1690 4243 1793 4312 etiam
1812 4241 1880 4309 sibi
1898 4240 1983 4330 ipsis
2000 4240 2146 4309 exitium
2164 4264 2223 4311 ac-

1233 4361 1396 4429 cersunt,
1431 4358 1465 4414 et
1496 4344 1679 4434 implicant
1707 4341 1980 4434 Rempublicam
2015 4341 2225 4432 perniciosis

1234 4450 1348 4521 hellis.
1403 4446 1547 4515 lnteriro
1563 4444 1660 4515 Deus
1683 4446 1809 4514 excitat
1835 4444 2090 4518 adolescentem
2107 4445 2224 4514 imbe-

1233 4554 1350 4622 cillem
1369 4547 1590 4639 Augustum,
1616 4543 1713 4618 hunc
1730 4541 1868 4629 evehit,
1895 4546 2030 4630 munit,
2055 4548 2225 4632 custodit,

1232 4655 1396 4735 adiuvat,
1428 4648 1512 4720 huic
1534 4648 1807 4738 Rempublicam
1832 4649 1957 4730 tradit,
1990 4648 2137 4718 caeteris
2160 4650 2224 4719 de·

1164 4816 1167 4823 .
1204 4764 1210 4874 p
1233 4757 1355 4847 pulsis.
1405 4752 1513 4823 Hune
1533 4767 1583 4822 tot
1606 4750 1756 4820 illustria
1773 4749 1931 4841 exempla
1946 4750 2224 4838 admonuerunt,

1205 4890 1209 4909 ·
1233 4874 1272 4930 ut
1294 4870 1497 4946 agnosceret
1519 4857 1648 4925 frustra
1665 4847 1828 4922 homines
1844 4864 2007 4943 appetere
2022 4851 2173 4943 imperia
2189 4867 2224 4925 et
2239 4868 2250 4905 1¹

233 4934 324 5009 Posi
348 4932 437 5010 '¹00⁶
459 4940 552 5012 veni!
574 4934 682 5011 Jews
709 4948 741 5011 0²
764 4936 941 5036 discipuli
961 4940 1058 5028 elas,
1085 4952 1146 5019 e²⁶·
1204 4926 1209 4995 Ι
1231 4959 1523 5050 gubernationes,
1548 4957 1617 5025 uisi
1635 4955 1809 5026 divinitus
1827 4957 2053 5027 adiuventur.

299 5068 429 5144 Adhuc
452 5077 568 5164 agitur
590 5075 725 5163 primus
742 5097 857 5144 annus
875 5090 951 5166 post
967 5077 1182 5168 baptismum

115 5168 138 5273 ζ
194 5169 348 5261 Christi,
372 5192 406 5247 et
427 5180 579 5247 redierat
602 5172 767 5246 Christus
787 5192 868 5271 post
890 5174 1023 5247 Pascha
1048 5180 1085 5247 in
1107 5176 1182 5249 Ga-

193 5272 347 5370 lilaeam,
376 5304 473 5349 nunc
488 5280 646 5349 fortassis
662 5281 704 5349 ad
717 5277 946 5349 Pentecosten
964 5282 1054 5350 redit
1072 5283 1110 5348 in
1123 5281 1181 5352 lu·

206 5376 336 5479 hilm·
368 5387 527 5453 nonduin
561 5383 740 5455 coniectus
762 5395 836 5453 erat
860 5381 1018 5477 Baptista
1040 5384 1078 5454 in
1103 5408 1179 5454 car-

1333 5076 1513 5149 Similium
1552 5076 1792 5167 exemplorum
1829 5074 1955 5165 plenae
1985 5085 2068 5142 sunt
2097 5095 2223 5143 omnes

1230 5194 1377 5263 aetates,
1417 5192 1450 5247 et
1480 5200 1602 5248 omnes
1632 5173 1809 5248 historiae.
1876 5174 2052 5246 Lentulus
2081 5175 2222 5249 invidet

1228 5286 1362 5373 gloriae
1378 5281 1574 5374 Scipionis,
1600 5294 1634 5348 ct
1651 5278 1748 5369 cupit
1762 5280 1805 5346 ad
1823 5302 1859 5345 se
1877 5278 2060 5348 transferri
2076 5277 2220 5347 laudem

1229 5389 1320 5460 liniti
1346 5386 1431 5455 belli
1449 5381 1594 5462 Punici,
1622 5384 1780 5451 sednon
1804 5381 1899 5450 videt
1917 5381 2077 5472 ineptus,
2102 5403 2140 5447 se
2155 5403 2219 5448 ne-
