4522 5782
151 124 167 133 ⁴
252 188 354 267 un.
404 194 443 269 s.
469 176 960 273 unmnamotnnsr.
976 140 1125 289 rann
1150 184 1507 275 ancnoaraos.
1557 196 1664 279 cae.
1692 200 1737 280 v.
1933 198 2012 279 ιιι

87 354 147 434 tus
166 348 242 433 eslo
262 358 358 449 llsc,
389 352 552 459 clepere
585 366 624 433 in
651 366 705 437 e'o.
758 352 903 439 -lleinde
931 382 964 439 et
1119 356 2006 466 Aeteneaturdiscrimeu'plrilesopbieaeethri-

86 464 232 537 lationee
246 456 499 555 adiungamus,
523 488 674 560 qirarum
696 466 841 563 aliquae
860 484 896 542 et
914 478 984 541 ά
1015 471 1149 557 stiauae
1165 472 1364 564 patientiae.

86 589 187 739 :⁸3:¹22
197 574 489 753 effigiem?
497 582 717 763 &⁰2:1⁰2ssss
749 570 960 759 “plvffi'l'l‘g
1014 727 1023 744 ·
1115 619 1366 716 Philosopbiea
1387 626 1558 715 patientia
1584 640 1636 697 est
1660 608 1733 697 non
1753 629 2003 707 facereeontrs

90 771 298 841 nominatur
329 768 525 857 patientia,
566 787 601 843 et
626 773 708 845 heti
735 790 958 863 “mmmm
1013 727 1186 845 iusticiam
1203 740 1267 844 sut
1282 727 1373 844 alias
1384 728 1674 848 virtuteslraetos
1690 730 1832 815 dolore,
1852 746 1893 803 ut
1909 731 1998 806 Cato

87 895 123 959 a,
150 894 289 941 necesse
310 886 362 943 est
386 873 425 942 in
439 872 596 943 adversis
612 866 734 945 videre
752 878 889 969 aliquas
904 903 960 948 res
1011 829 1093 898 sim
1112 842 1233 967 iiim
1258 844 1431 898 'usum
1443 884 1453 913 '
1467 854 1562 950 ,qimi
1587 847 1732 922 ''mm“
1752 834 1913 952 i⁰i⁰¹⁸im
1927 836 1997 906 “bi

89 974 262 1059 ,uincet
288 974 507 1045 voluntatem
529 971 597 1045 Dei
620 978 769 1061 bonam,
791 1002 956 1069 Pramn-
1010 944 1181 1046 consciret
1196 945 1358 1002 mortem.
1412 928 1582 1048 Aristidis
1604 933 1907 1052 toleratommrras
1933 962 1996 1028 pa-

87 1074 161 1160 M’
185 1077 358 1146 auxilium
374 1074 462 1161 Dei,
489 1081 625 1148 bonum
645 1078 764 1151 finem·
1010 1047 1157 1117 trenter,
1182 1048 1217 1102 et
1234 1046 1275 1105 ut
1291 1033 1396 1103 dolor
1409 1032 1530 1127 aliquo
1554 1036 1662 1106 modo
1683 1037 1857 1122 lentatur,
1882 1062 1996 1129 quae-

87 1174 161 1247 lum
179 1171 266 1247 haee
285 1180 381 1249 boue
404 1178 582 1249 cernimus
605 1182 644 1249 iu
666 1181 840 1265 adversis,
866 1181 956 1250 inci·
1010 1134 1377 1252 ¹1²²¹f³⁸⁰³¹¹⁸³⁸⁰¹
1408 1128 1483 1221 Μ’»
1516 1136 1808 1254 qf¹³⁸f²⁰⁶¹¹⁸¹¹l²
1843 1150 1994 1231 ‘lullum

110 1278 233 1371 aliquo
256 1282 364 1350 modo
387 1280 478 1350 velle
501 1276 594 1351 hane
614 1283 856 1353 obedientiam
873 1307 956 1375 pru·
1007 1260 1198 1327 W’wpua
1215 1249 1286 1353 {⁸⁸⁵
1301 1233 1413 1353 ,ΒΜ
1432 1251 1668 1356 ‘⁰¹¹⁸‘¹⁸¹¹,¹¹⁸2
1694 1254 1727 1309 ⁰²
1750 1234 1835 1355 hm·
1854 1243 1994 1361 finili}-

87 1382 200 1465 pwm,
226 1394 261 1451 et
276 1404 349 1451 no„
367 1396 505 1453 ,numm
517 1406 641 1453 mmm
663 1386 701 1454 in
727 1386 869 1468 dolore,
893 1389 953 1454 ‘ed
1007 1362 1145 1431 cunque
1163 1353 1330 1427 patientta
1348 1352 1548 1431 potestesse
1569 1363 1647 1409 siue
1671 1364 1731 1435 spe
1755 1343 1877 1411 auxilii
1894 1360 1930 1415 et
1948 1345 1993 1413 lr.

87 1497 97 1551 t
117 1504 179 1572 spe
192 1483 431 1574 vivificamur,
456 1497 490 1554 et
519 1485 640 1577 aliquo
662 1490 768 1556 modo
790 1488 871 1555 laeti
895 1476 970 1555 ex?
1007 1441 1210 1537 bm¹¹⁰¹¹¹⁸⁰

87 1606 148 1653 nus
172 1587 317 1654 exitum.
358 1584 448 1655 Nam
465 1587 661 1658 consolatio
675 1593 781 1660 debet
797 1589 952 1681 aliquam
1102 1587 1173 1663 Sed
1192 1587 1361 1680 patientia
1378 1584 1583 1659 Christiane
1609 1600 1678 1673 est,
1697 1612 1773 1660 nou
1796 1589 1911 1659 solum
1930 1589 1989 1657 ni-

87 1709 155 1769 am,
181 1688 496 1781 quantulacunque
518 1701 588 1770 est,
615 1690 653 1757 in
678 1696 785 1763 eorde
808 1692 954 1758 ellieere.
1005 1684 1057 1759 bit
1080 1704 1202 1761 contre
1228 1690 1345 1760 Demn
1366 1692 1480 1762 lacere
1509 1691 1638 1761 fractos
1668 1692 1811 1776 dolere,
1843 1705 1882 1762 ut
1907 1692 1990 1761 lacit

87 1784 119 1857 -it
151 1788 190 1856 in
225 1804 415 1881 conspectu
446 1789 638 1860 discrimen
667 1784 952 1863 consolationum
1005 1790 1102 1871 Saul,
1118 1794 1178 1860 sed
1196 1805 1247 1861 est
1261 1792 1499 1883 aliquomodo
1517 1792 1870 1875 velleobedientiam,
1887 1793 1988 1881 agni·

87 1882 295 1981 ophicarum
310 1906 345 1962 et
367 1889 658 1981 theologicarum.
1005 1893 1101 1962 tione
1116 1897 1231 1964 bonae
1248 1893 1443 1963 voluntatis
1461 1892 1527 1961 Dei
1552 1905 1588 1963 et
1613 1896 1832 1985 praesentiae
1846 1889 1931 1977 Dei,
1954 1913 1989 1964 et

1005 1990 1070 2063 liae
1092 1994 1160 2065 lide
1182 2008 1217 2075 et
1241 2016 1303 2086 spe
1328 1994 1451 2064 auxilii
1476 1992 1593 2064 divini
1621 2008 1655 2065 et
1677 1995 1900 2067 liberationis
1923 1990 1988 2065 lta·

1004 2100 1087 2165 bere
1102 2122 1163 2165 cor
1177 2094 1391 2165 vivificatum
1409 2098 1517 2167 verbo
1537 2093 1622 2181 Dei,
1645 2094 1712 2176 ita,
1739 2112 1777 2169 ut
1799 2096 1918 2190 aliqua
1938 2096 1987 2166 sit

87 2189 289 2263 Necessitas.
1003 2195 1135 2269 laetitia
1151 2197 1318 2267 minuens
1333 2198 1509 2267 dolorem:
1538 2212 1576 2268 ut
1591 2196 1707 2267 David
1732 2197 1770 2267 in
1789 2199 1895 2267 exilio
1910 2198 1987 2267 vult

87 2290 241 2383 Dignitas
260 2295 413 2370 virtutis.
1002 2300 1124 2393 aliquo
1140 2301 1246 2369 modo
1261 2300 1500 2369 obedientiam
1519 2313 1664 2391 propter
1676 2297 1807 2387 Deum,
1821 2312 1856 2369 et
1872 2323 1987 2391 qnan-

88 2392 180 2465 Bona
195 2396 420 2468 conscientia.
1003 2426 1109 2492 quiam
1134 2401 1311 2493 ingentem
1333 2401 1493 2471 dolorem
1518 2398 1738 2484 circumfert,
1765 2414 1883 2471 tamen
1907 2423 1988 2468 sen-

88 2494 259 2587 lxempla.
1003 2504 1042 2573 tit
1060 2505 1169 2573 verbo
1196 2503 1366 2573 vivificari
1389 2528 1469 2587 eor,
1492 2517 1529 2574 ut
1552 2502 1672 2597 aliqua
1692 2502 1738 2574 sit
1760 2502 1892 2573 laetitia
1919 2502 1985 2569 mi·

88 2596 223 2689 Utilitas
244 2598 418 2685 aliorum,
443 2614 483 2672 ut
504 2601 542 2669 in
561 2600 701 2677 militia.
1002 2628 1115 2675 erueris
1140 2606 1312 2676 dolorem.

88 2696 228 2773 loliatio
254 2715 459 2776 eventuum.

227 2072 317 2125 Loci
334 2074 578 2141 ptttoeoptttct
595 2079 692 2129 suut:

244 2882 333 2936 troci
350 2885 556 2949 theologici
579 2887 674 2936 snut:
1248 2816 1439 2892 Pallmlla
1473 2820 1736 2919 P7⁰b⁰ll⁰nlmo

1102 2954 1228 3042 Id'est,
1256 2962 1424 3054 patientia
1443 2962 1548 3032 elficit
1573 2964 1870 3053 explorationem,
1894 2985 1985 3054 qtme

998 3068 1151 3137 ostendit
1181 3066 1285 3133 tidem
1316 3088 1390 3133 non
1413 3088 1486 3133 esse
1514 3065 1736 3148 simulatam,
1767 3067 1826 3133 sed
1856 3088 1985 3147 reram,

998 3169 1116 3236 vivam
1137 3180 1171 3237 et
1193 3169 1389 3237 anlentern.
1448 3160 1615 3234 Ostendit
1640 3179 1757 3235 aretem
1782 3164 1927 3235 aillictio
1949 3181 1982 3235 et

997 3271 1076 3339 aliis
1090 3284 1123 3339 et
1142 3270 1245 3338 nobis
1262 3267 1363 3358 ipsis,
1378 3267 1482 3334 fidem
1501 3290 1573 3335 rien
1590 3266 1890 3341 simulatamesse.
1930 3264 1984 3337 Ac

966 3396 971 3443 t
996 3375 1040 3439 de
1061 3370 1213 3441 alierum
1239 3369 1440 3437 testimonio
1463 3392 1534 3437 non
1553 3383 1603 3439 est
1620 3392 1710 3459 opus
1730 3368 1984 3437 declaratione.

88 3414 225 3503 ignum
241 3432 457 3505 ΡΓάωεηῃῆε
476 3416 542 3483 ⁰⁰¹
558 3429 592 3484 el
609 3414 732 3497 mmm
750 3417 878 3484 ‘imm‘
965 3456 970 3539 l
996 3471 1086 3543 Cum
1113 3472 1174 3541 alii
1205 3472 1346 3549 rident,
1371 3492 1470 3537 senes
1491 3470 1666 3561 sapientes
1687 3470 1794 3539 malle
1822 3466 1985 3554 interfici,

88 3004 284 3091 laevitas,
307 3009 490 3094 videlieet,
517 3009 571 3078 lex
590 3022 625 3079 et
644 3006 784 3077 iusticia
800 3002 879 3082 Dei.

88 3106 237 3197 )ignitas
262 3109 413 3180 virtutis.

88 3210 173 3280 luna
190 3213 414 3281 conscientia.

88 3310 254 3382 demissio
274 3330 494 3402 peecatorum
513 3325 544 3381 et
560 3312 813 3384 reconciliatio.

88 3516 163 3606 ipes
185 3517 416 3603 mitigationis
440 3530 474 3587 et
497 3516 720 3585 liberationis
742 3514 880 3599 finalis,
907 3531 942 3588 et
965 3544 970 3591 ι

113 3619 300 3691 invocatio.

88 3715 252 3809 bitettrpln.

989 3599 1100 3668 ,quarn
1132 3574 1284 3643 abiicere
1315 3570 1592 3655 consessionem,
1632 3572 1891 3642 ratiocinantur
1924 3594 1984 3640 eos

997 3701 1076 3745 rere
1094 3671 1161 3745 boc
1177 3674 1326 3753 sentire,
1352 3676 1447 3765 quod
1467 3674 1696 3762 profitentur,
1724 3699 1803 3743 nam
1820 3674 1897 3743 sani
1915 3669 1980 3740 lto-

89 3818 214 3892 Jfflim
230 3821 394 3892 anorum·
995 3779 1107 3847 mines
1131 3800 1205 3845 ιιοιι
1219 3774 1351 3845 vellent
1373 3788 1445 3845 tam
1461 3773 1575 3845 tristia
1599 3776 1669 3866 pati
1695 3789 1838 3865 propter
1860 3774 1983 3843 inanes

89 3919 225 3992 lottario
241 3939 443 3996 eventuum.
928 3956 931 3961 ·
994 3880 1144 3952 fabum·

89 4025 290 4095 onsiderata
321 4040 438 4095 autern
470 4024 652 4095 communi
690 4026 851 4096 doctrina
895 4028 941 4095 de
1096 4028 1181 4099 Plus
1196 4039 1311 4097 antem
1330 4026 1522 4120 est,·quod
1544 4050 1624 4095 cnm
1650 4048 1723 4095 non
1744 4022 1982 4094 ‹lelicimusin

89 4127 133 4197 tio
155 4141 186 4195 et
216 4126 542 4211 consolationibus,
586 4126 745 4216 gradatio
777 4127 939 4198 intexto
992 4131 1266 4211 afflictionibus,
1301 4150 1366 4199 nos
1398 4129 1463 4219 ipsi
1495 4130 1668 4196 sentimas
1698 4128 1913 4196 incrementa
1947 4140 1981 4196 et

109 4229 335 4317 intelligetur.
386 4228 792 4314 'l'ribnlatiovidelicet,
826 4243 939 4299 totum
993 4234 1292 4311 eorrsolationem,
1332 4246 1450 4300 mutus
1478 4228 1634 4316 Spiritus
1666 4228 1777 4297 saneti
1812 4240 1845 4297 et
1882 4250 1981 4319 prae-

92 4354 133 4399 us
155 4331 377 4400 miseriorum
402 4334 438 4399 in
457 4327 614 4401 Ecclesia
636 4331 840 4420 patientiam
863 4332 939 4399 offi-
992 4340 1140 4408 sentiam
1162 4333 1250 4417 Dei,
1276 4331 1368 4403 sicut
1390 4330 1521 4401 l’aulns
1539 4330 1672 4423 inquit:
1700 4328 1855 4418 Spiritus
1870 4329 1982 4399 inter-

89 4433 212 4502 delicet
233 4432 272 4500 in
296 4430 369 4512 his,
397 4436 458 4526 qui
483 4449 634 4503 cenrunt
657 4434 787 4502 bonam
811 4434 939 4502 volun·
993 4442 1099 4531 pellat
1118 4462 1181 4526 pro
1199 4436 1303 4503 nobis
1316 4435 1503 4521 gemitibus
1523 4431 1834 4503 inenarrabilibus.
1874 4428 1980 4501 ltem:

89 4532 164 4617 slei,
181 4547 215 4603 et
232 4536 465 4625 praesentiam
479 4530 547 4604 Dei
566 4536 604 4603 in
620 4535 796 4619 adversis,
822 4548 853 4603 et
871 4535 938 4603 lide
992 4540 1186 4630 Accepietis
1212 4536 1378 4626 spiritum
1408 4533 1610 4622 adoptionis
1640 4534 1799 4602 liliorum
1823 4532 1980 4602 claman-

89 4637 187 4705 trecti
204 4652 302 4705 sunt:
326 4652 366 4706 ut
386 4638 423 4704 in
441 4634 579 4706 Davide
601 4636 782 4721 exsulante,
808 4662 881 4705 uou
900 4638 938 4705 iu
992 4658 1062 4713 tem
1085 4640 1189 4710 Abba
1213 4635 1337 4715 Pater,
1381 4636 1443 4728 qui
1476 4637 1536 4704 dat
1565 4634 1807 4704 testimoninm
1839 4636 1981 4724 spiritui

90 4738 139 4806 eis
164 4753 226 4808 aut
257 4739 293 4805 in
317 4738 441 4808 Saule:
474 4733 512 4806 hi
540 4753 772 4809 eumtantum
797 4742 940 4811 videant
991 4758 1128 4813 nostru.
1182 4736 1230 4809 Et
1252 4735 1393 4808 Nabum
1425 4736 1555 4825 primo:
1589 4734 1712 4805 Bonus
1736 4735 1917 4807 Dominus
1948 4749 1982 4804 et

90 4864 164 4909 nun
189 4853 272 4910 sunt
294 4841 475 4930 patientes.
537 4838 584 4910 Ut
605 4842 714 4929 igitur
735 4843 781 4911 sit
801 4828 937 4931 patien-
991 4846 1195 4915 confortans
1217 4841 1255 4908 in
1271 4840 1329 4908 die
1346 4838 1605 4918 tribulationis,
1632 4853 1664 4908 et
1690 4861 1819 4907 euram
1835 4860 1979 4926 speran-

89 4965 187 5010 ·eesse
203 4946 272 5020 est,
299 4959 337 5009 nt
363 4942 560 5030 praeluceat
577 4942 738 5013 doctrina
755 4947 799 5011 de
814 4946 939 5030 causis,
960 4998 963 5007 .
990 4962 1041 5016 tes
1066 4948 1105 5014 in
1125 4946 1253 5032 ipsum.
1303 4938 1431 5013 Esaiae
1452 4940 1535 5013 28st
1564 4938 1681 5027 Quem
1702 4941 1841 5008 docebit
1865 4938 1982 5005 seien-

89 5041 231 5112 leclesia
246 5043 401 5112 subiecta
425 5046 470 5112 sit
492 5044 682 5117 aerumnis.
734 5044 820 5115 ltem
841 5014 963 5135 lides‚l
990 5049 1101 5118 tiam?
1124 5045 1362 5115 Ablactatosa
1383 5044 1483 5114 laete.
1535 5040 1638 5111 ltem:
1668 5040 1816 5108 Venatio
1843 5043 1903 5107 dat
1926 5039 1982 5104 in-

89 5146 189 5234 ccipit
218 5146 542 5214 reconciliationem
576 5158 611 5214 et
640 5148 961 5239 canapinam..
989 5151 1184 5220 tellectum.
1222 5144 1339 5215 ¹ltem:
1363 5140 1510 5213 Erudiet
1528 5168 1608 5211 euin
1634 5138 1983 5211 iniudieiolleuset

90 5250 139 5332 ei,
158 5261 194 5317 et
215 5270 294 5336 spes
317 5271 408 5339 quae
433 5259 590 5339 expectat
611 5248 783 5318 sterilium
800 5264 832 5321 et
847 5249 936 5318 libe-
989 5251 1130 5320 aarum
1144 5272 1237 5319 eum.
1289 5243 1581 5316 Ecclesiaste:
1616 5244 1686 5333 Qui
1705 5257 1847 5311 nonest
1868 5256 1984 5312 tente-

90 5375 137 5423 ur.
491 5366 496 5376 ’
956 5342 964 5431 i
992 5370 1065 5439 tus,
1091 5350 1211 5447 quelle
1228 5350 1319 5420 scit'l
1960 5374 1963 5379 ·
