4522 5782
102 248 181 327 m
695 224 1615 313 ιιιιιιιιιι.ιι;ιιιιιιιιιιιιιιιιιιιι.ΙΙ

211 450 326 526 Pater
340 450 481 526 sancte,
505 460 612 511 serias
629 462 688 511 eos
703 436 744 511 in
759 438 909 515 nomine
926 447 1000 517 luo.
1123 407 1368 623 'affluam
1390 400 1439 480 El
1471 405 1576 477 'inira
1606 402 1738 479 dimit*
1765 404 1912 479 dicitur:
1964 404 2007 479 ln
2039 432 2058 481 ι

208 624 295 699 Dixi
334 640 441 710 supra
474 613 688 708 precationis
723 612 793 683 tria
830 635 905 684 csse
942 608 1130 731 membra!
1255 610 1338 683 Non
1366 608 1434 681 hoc
1456 610 1543 704 petit
1571 622 1729 695 tantum,
1766 624 1807 682 nt
1835 610 1908 682 siut
1934 634 2059 685 concoi

110 732 317 833 praecipua,
358 743 449 816 quae
480 720 525 787 de
562 718 668 785 rebus
703 714 853 785 summis
891 710 1101 807 loquuntur,
1126 734 1129 757 ²
1153 714 1245 785 sicut
1267 735 1369 813 saepe
1397 714 1436 783 iii
1466 712 1724 803 gubernatione
1746 711 1901 805 Reipub.
1919 716 1994 785 dno
2024 740 2059 785 ιιι

112 841 305 935 quaesunt
327 823 430 895 nervi
450 818 703 890 constituentes
724 832 758 889 et
779 828 960 886 servantes
976 808 1102 883 Eccle·
1126 808 1130 819 '
1155 818 1224 886 viri
1246 816 1438 887 concordes
1459 818 1624 896 luerunt,
1656 828 1696 884 ut
1715 816 1896 904 Augustus
1917 829 1951 887 et
1973 818 2059 907 Agri

113 942 214 1011 ¹siam.
264 928 426 1001 Primum
439 936 509 1007 est,
533 920 736 1000 atrocitas,
762 918 878 1003 idest,
903 918 965 987 lus
980 914 1103 985 Evsn·
1153 918 1423 1011 Epaminondas
1446 927 1482 988 et
1497 914 1705 1008 Pelopidas,
1731 921 1791 987 scd
1806 920 2059 989 noininatimd

114 1034 198 1133 gelii
216 1056 291 1105 non
306 1030 541 1117 extinguatur.
592 1020 811 1105 Secundum,
835 1032 877 1091 ut
890 1030 1031 1089 maneat
1044 1016 1103 1085 in·
1126 1054 1131 1105 1
1154 1018 1196 1091 lii
1214 1021 1318 1091 nobis
1332 1042 1445 1090 unum
1459 1016 1553 1103 sint,
1577 1017 1614 1087 id
1639 1031 1708 1105 est,
1732 1020 1832 1111 ptius
1850 1036 1985 1091 mentes
1998 1018 2059 1090 Pet

114 1158 170 1216 ter
193 1142 356 1209 doctores
377 1126 577 1202 concordia.
630 1120 795 1192 Tertium
827 1133 879 1191 ιιι
911 1118 1103 1213 applicatio
1127 1122 1131 1237 j
1158 1120 1301 1193 loannis
1317 1122 1388 1191 sint
1411 1120 1594 1211 copulatae
1609 1120 1705 1207 Deo,
1728 1122 1792 1192 uni
1810 1143 1892 1191 vero
1910 1120 1987 1193 Deo
2004 1122 2060 1192 sin

116 1238 299 1327 sacrificii,
322 1246 362 1305 ut
378 1228 635 1319 Denspropter
649 1219 716 1293 hoc
733 1220 870 1294 Christi
893 1221 1103 1292 sacrilicium
1127 1246 1132 1335 Ι
1156 1226 1294 1316 ligatae,
1319 1238 1353 1295 et
1367 1248 1476 1295 unam
1492 1223 1692 1293 doctrinam
1708 1224 1977 1315 amplectantur.
2004 1222 2060 1293 De

114 1334 455 1419 omnihusremitta't
477 1341 636 1421 peccata,
662 1338 694 1397 el
718 1326 777 1396 del
793 1327 903 1396 vitam
922 1340 1102 1395 aeternam
1128 1338 1133 1427 1
1157 1328 1340 1420 copulatae
1366 1350 1430 1419 pei·
1459 1348 1572 1395 unuin
1604 1324 1719 1395 Deum
1743 1341 1777 1396 ιι
1805 1350 1914 1396 unam
1945 1326 2060 1397 doctri

115 1448 186 1519 {ide
204 1434 490 1529 confugientibus
503 1433 548 1501 ad
563 1425 759 1502 Christum.
793 1424 891 1497 Haec
907 1426 975 1497 tria
991 1448 1105 1495 meni·
1128 1432 1133 1517 i
1158 1431 1253 1501 inter
1268 1451 1341 1499 sese
1363 1440 1572 1517 congruant.
1624 1426 1722 1497 llaec
1741 1430 1844 1497 valde
1868 1428 2060 1517 significant

117 1551 181 1621 bra
207 1544 398 1632 diligenter
425 1532 706 1615 consideremus,
741 1542 776 1601 et
796 1554 871 1599 iion
894 1548 1106 1623 quaeramus
1129 1524 1133 1553 ¹
1157 1528 1301 1603 Christo
1325 1528 1416 1602 dicta
1448 1543 1551 1615 sunt,
1597 1550 1681 1599 nam
1710 1552 1775 1599 nec
1805 1545 1924 1601 manet
1954 1530 2060 1622 plocii

116 1650 247 1722 otiosas
261 1638 540 1735 speculationes,
566 1636 627 1703 sed
652 1632 768 1729 ipsam¹
787 1634 897 1701 vitain
916 1626 1105 1700 hominum
1159 1632 1366 1718 concordia,
1399 1631 1469 1701 nisi
1493 1632 1536 1701 ad
1561 1654 1674 1701 unuin
1700 1632 1806 1701 finoni
1831 1632 1940 1702 simili
1965 1632 2061 1701 nolui

117 1754 340 1823 intueamur,
366 1754 401 1811 el
420 1760 511 1833 <1⁰⁸⁶
531 1737 603 1806 ⁸3¹¹(
617 1757 755 1817 tumme
771 1734 885 1817 bona,
909 1746 945 1803 el
967 1753 1106 1803 tumme
1160 1738 1323 1809 tendant.
1374 1732 1467 1805 Cum
1485 1734 1580 1802 enim
1597 1734 1775 1825 incipiunt
1794 1735 1956 1806 doctores
1981 1730 2061 1833 ζυγι

117 1852 211 1922 mala
229 1848 463 1918 attendamus.
516 1838 688 1910 Salomon
713 1838 927 1919 moriturus,
952 1835 981 1902 si
1005 1833 1106 1923 angi·
1156 1842 1259 1935 χιῖν,
1287 1838 1429 1907 ιιιΙίιιι
1452 1834 1563 1906 alium
1587 1836 1692 1905 hnem
1718 1837 1869 1929 expetit,
1904 1838 2061 1929 aliusqu

119 1971 180 2027 tur
196 1955 241 2021 de
255 1946 398 2039 Repub.
421 1954 512 2013 certe
535 1936 622 2009 haec
645 1937 831 2030 praecipue
854 1936 956 2027 petit,
989 1935 1109 2005 ⁰1¹⁰*
1161 1944 1314 2013 aliorum
1336 1961 1481 2029 regum,
1505 1939 1681 2022 favorem,
1706 1962 1771 2007 nec
1787 1940 1986 2008 voluntates
2004 1962 2061 2009 sui

121 2052 304 2125 docltinae
319 2044 524 2118 &Ecclesia
541 2040 607 2112 Dei
631 2054 782 2143 mahtedi.
834 2037 973 2109 Deinde
987 2036 1109 2107 ulfilll
1162 2044 1283 2124 miles,
1310 2046 1369 2113 sed
1396 2042 1529 2111 audent
1543 2040 1721 2111 discedere
1738 2040 1783 2110 ab
1797 2036 1994 2130 Evangelio
2009 2054 2061 2111 [pa

121 2152 333 2236 successuri,
359 2161 394 2219 et
409 2146 471 2217 alii
485 2146 740 2236 gubernatores
756 2142 829 2212 sint
845 2141 1051 2211 concordet·
1162 2160 1197 2217 ιι
1209 2144 1347 2235 fingunt
1372 2142 1434 2213 alii
1457 2141 1545 2212 alias
1568 2144 1775 2233 opiniones,
1809 2158 1848 2213 ut
1872 2155 2010 2213 constat
2035 2166 2058 2211 ii

1163 2249 1279 2317 modis
1307 2246 1533 2315 concordiam
1561 2246 1710 2319 turbari.
1777 2242 1873 2315 Haec
1903 2268 2030 2335 inagna

1166 2350 1382 2441 prospiciens
1396 2342 1579 2427 Christus,
1607 2360 1678 2417 tam
1696 2348 1861 2418 ardenter
1877 2362 1975 2433 orat,
2010 2361 2044 2419 ιι

1164 2456 1245 2524 (Ιιιιι
1264 2451 1469 2543 petitionem
1485 2450 1610 2519 crebro
1627 2449 1833 2539 ingeminat.

223 2302 277 2377 hc
304 2288 442 2393 semper
472 2296 586 2389 prima
620 2292 744 2387 petitio
774 2307 826 2363 est
863 2294 907 2361 de
938 2288 1112 2374 doctrina,

122 2410 284 2505 proxima
308 2408 353 2474 de
373 2400 582 2486 concordia,
625 2408 664 2465 ut
685 2398 723 2465 in
746 2396 907 2465 oratioue
932 2392 1110 2463 dominica

122 2513 228 2585 initio
245 2508 412 2601 petimus:
439 2500 685 2575 Sanctificetur
700 2522 831 2566 nomen
848 2510 972 2587 tuum,
999 2496 1034 2564 id
1051 2506 1113 2577 est,

123 2638 208 2685 vera
230 2608 361 2682 noticia
384 2605 453 2677 Dei
486 2603 600 2674 luceat
622 2614 656 2673 et
679 2613 857 2681 servetur,
900 2599 946 2667 ita
968 2594 1026 2667 liic
1046 2596 1112 2665 ait:
1291 2611 1522 2691 Uggagm,
1538 2610 1721 2711 gaudium
1737 2638 1855 2686 mmm
1870 2617 2044 2714 plenum:

125 2716 231 2789 Pater
254 2725 388 2795 sancte,
410 2731 510 2778 serra
536 2726 596 2774 eos
626 2702 833 2771 innomine
864 2714 946 2783 tuo,
984 2701 1020 2769 id
1052 2713 1114 2782 est,

125 2832 273 2910 propter
290 2824 559 2892 nomentum,
585 2829 646 2873 seu
663 2804 880 2894 agnitionem
898 2802 964 2887 tui,
991 2814 1030 2872 ut
1048 2825 1113 2869 no·

125 2920 208 2991 ticia
224 2917 296 3001 tui,
321 2913 483 2983 doctrina
498 2923 577 2993 tua,
604 2906 779 2977 invocatio
798 2905 849 2975 tui
868 2916 1019 2987 maneat,
1047 2898 1115 2972 hoc

126 3037 197 3105 est,
222 3004 555 3111 prinninonnioni
578 3023 678 3102 peto,
707 3023 746 3079 ut
766 3006 930 3079 doctrina
955 3022 1017 3077 tua
1042 3029 1115 3075 non

127 3125 370 3211 extinguatur,
395 3120 453 3188 sed
479 3135 616 3203 semper
631 3114 676 3183 sit
690 3108 868 3193 Ecclesia,
894 3132 1033 3200 semper
1047 3108 1117 3177 sint

127 3230 302 3305 doctores,
327 3221 387 3312 qui
403 3230 495 3288 recte
511 3218 660 3285 doceant
675 3210 928 3301 Evangelium,
953 3225 992 3281 ut
1008 3234 1117 3301 agno-

130 3342 246 3398 scatur
260 3338 294 3394 et
310 3324 495 3390 invocetur
511 3339 614 3386 verus
630 3313 736 3385 Deus.
789 3312 886 3383 Haec
902 3316 940 3383 in
957 3316 1117 3383 omniurn

76 3426 335 3520 ¹pectoribus
352 3444 489 3512 semper
503 3419 548 3489 sit
562 3442 700 3489 summa
718 3441 815 3503 cura,
843 3413 926 3486 haec
947 3417 990 3487 sit
1007 3416 1120 3507 prima
1236 3476 1251 3543 f
1491 3470 1503 3537 1
1731 3472 1737 3486 ,
1870 3472 1888 3514 Ι,
1955 3474 1963 3487 ,

1174 3500 1235 3567 per
1251 3488 1364 3542 ectum
1388 3494 1451 3540 seu
1466 3494 1489 3561 p
1506 3494 1611 3538 enum
1634 3473 1820 3558 gaudium,
1856 3476 2019 3541 tidelicet
2043 3497 2064 3538 v

134 3530 277 3622 petitio,
311 3549 356 3594 ne
381 3525 606 3611 extinguatur
631 3521 691 3591 lux
721 3543 821 3589 verae
846 3520 1048 3597 doctrinae,
1081 3529 1121 3587 ut
1577 3573 1586 3587 ,
1785 3574 1793 3588 ‚
1833 3574 1841 3588 ,
1885 3575 1891 3589 ,

132 3630 266 3703 Psalmi
281 3628 383 3697 toties
403 3625 567 3695 clamant.
621 3619 752 3693 Psalin.
777 3618 875 3693 tto:
910 3620 992 3689 'Non
1017 3620 1122 3689 nobis
1175 3594 1208 3648 εἰ
1240 3578 1376 3693 fimfn
1400 3573 1712 3691 ,⁰⁰”³⁰¹³¹'⁰⁰⁰“'‚’
1758 3571 2065 3695 ‘¹2⁸⁵¹¹¹¹¹¹‘¹¹¹,h¹¹”·

1175 3676 1489 3749 consolationibus.
1542 3670 1596 3742 Ex
1627 3670 1791 3743 antithesi
1823 3699 1880 3744 res
1904 3677 2031 3747 melius
2058 3704 2065 3745 ι

133 3732 313 3814 D⁰mi⁰⁹'
338 3726 548 3847 i¹⁰⁰.¹¹⁰bi.⁵’
574 3724 938 3867 ⁵⁰¹10¹¹⁰mi¹¹iiuifi³
962 3722 1123 3863 gioriim’
1177 3783 1324 3871 ligetur:
1360 3778 1446 3849 Saul
1468 3772 1633 3846 humanis
1655 3779 1960 3847 consolationibus
1975 3802 2011 3847 sc
2027 3804 2065 3851 su

135 3850 280 3931 propter
302 3830 580 3901 misericordiam
604 3842 720 3909 tuam,
754 3841 788 3897 et
809 3840 990 3895 veirtatem
1013 3838 1124 3903 tuom,

134 3963 179 4009 η,
200 3937 344 4032 quando
373 3933 491 4001 ,licam
516 3943 654 4019 geme„
691 3926 762 3999 Ubi
782 3944 832 3999 ,sp
853 3926 949 3997 Deus
979 3925 1126 3996 eorum?
1177 3897 1246 3972 tat,
1273 3881 1366 3948 videt
1383 3874 1501 3948 adhuc
1516 3901 1553 3946 se
1570 3878 1706 3955 viribus
1722 3881 1952 3964 antecellere,
1979 3896 2014 3951 et
2037 3906 2065 3951 ιι

136 4038 233 4109 Hace
262 4035 386 4129 petitio
416 4046 535 4125 postea
565 4030 772 4125 aliquoties,
812 4045 851 4102 ut
882 4031 940 4115 fit,
980 4034 1126 4100 ardente
1150 4088 1155 4165 Ι
1178 4003 1528 4159 ἱοδῆθςεῖοῃθῗρβῐῖιι
1553 3973 1735 4149 ‘Ebibere
1750 3983 1863 4099 5¹¹¹¹J¹¹
1882 3984 1972 4051 bene
1991 4009 2064 4101 '¹¹5¹'

138 4155 238 4211 mom
254 4139 363 4210 animi
382 4134 563 4227 repetunt·
1216 4096 1428 4157 allucinatur
1445 4096 1553 4171 igitur
1604 4085 1743 4150 avidem
1765 4084 1868 4151 facile
1890 4086 2029 4154 excludi
2055 4112 2065 4177 p

1180 4190 1248 4261 Sed
1283 4182 1458 4255 humanae
1488 4184 1747 4255 consolationes
1777 4188 1922 4256 tandem
1957 4211 2066 4256 esim·

1268 2757 1365 2827 llaec
1388 2754 1506 2848 inquit
1522 2778 1664 2845 precor,
1691 2768 1730 2824 ut
1752 2755 1865 2825 sciant
1886 2779 1922 2825 se
1944 2757 2064 2825 consol

1167 2862 1435 2950 nemptonum,
1471 2857 1506 2927 id
1539 2872 1608 2935 ιιι,
1642 2880 1780 2941 veram,
1811 2882 1884 2927 non
1906 2858 2063 2929 destitue:

1168 2969 1275 3035 corda
1291 2964 1327 3029 in
1344 2961 1506 3028 maximis
1520 2960 1686 3051 periculis
1702 2955 1852 3039 hahere,
1886 2960 1922 3029 id
1949 2977 2021 3045 est,
2047 2984 2062 3029 s

1169 3081 1203 3137 te
1218 3068 1285 3135 sibi
1302 3064 1495 3132 assuturum
1512 3086 1596 3141 esse,
1623 3074 1655 3130 et
1672 3076 1768 3131 certo
1789 3062 2021 3133 collecturum
2036 3078 2064 3133 et

1170 3183 1333 3239 saturum
1373 3187 1447 3233 esse
1474 3160 1688 3243 Ecclesiam,
1736 3164 1839 3233 etiam
1880 3188 2063 3255 repugnari

1171 3272 1338 3341 omnibus
1370 3266 1548 3357 imperiis,
1592 3288 1656 3333 nec
1688 3266 1826 3335 latiores
1858 3284 2000 3336 nostros
2038 3268 2061 3335 ii

1171 3376 1258 3443 lore.
1319 3370 1436 3460 Supra
1466 3382 1581 3437 autem
1605 3368 1821 3436 declaeatnin
1846 3385 1914 3445 cst,
1949 3372 2064 3461 quid*

240 4287 368 4360 Statim
390 4301 508 4357 autem
532 4287 704 4357 inseritur
726 4287 835 4356 altera
857 4288 901 4355 de
925 4282 1128 4356 concordia.
1153 4372 1156 4385 Ι
1180 4304 1297 4363 ιιιιιιιι.
1351 4285 1532 4358 AdDavid
1552 4286 1674 4377 pulsus
1689 4286 1726 4354 iii
1741 4286 1897 4368 erilium,
1925 4292 2066 4360 acdesti

141 4388 253 4462 Nemo
272 4391 462 4480 ignoratio
479 4391 577 4460 omni
593 4390 849 4478 gubernatione
870 4412 944 4458 rem
971 4410 1130 4458 necessa·
1153 4422 1157 4481 Ι
1181 4392 1348 4463 omnibus
1365 4386 1531 4459 humanis
1550 4389 1752 4478 praesidiis,
1779 4391 1907 4461 retinet
1924 4386 2016 4461 hanc
2033 4394 2066 4461 lii

141 4494 231 4563 rioin
256 4515 330 4562 eise
352 4495 600 4572 concordiam,
637 4493 698 4562 sed
724 4492 838 4563 nolio
862 4492 1014 4559 naitono
1040 4486 1158 4579 opust
1183 4492 1482 4575 consolationem,
1506 4491 1571 4561 scii
1585 4514 1621 4559 ιι
1636 4487 1766 4561 habero
1788 4494 2066 4587 remissionnnp

142 4609 193 4665 ιιι
208 4590 386 4665 Ecclesiae
401 4618 573 4665 consensu
591 4594 793 4679 doctrinae,
830 4609 862 4664 ιι
883 4595 1040 4685 ipsorum
1067 4596 1132 4657 do-
1176 4613 1324 4674 torum,
1349 4595 1413 4664 scit
1428 4616 1465 4664 ιι
1482 4590 1612 4663 habere
1629 4590 1743 4663 Deum
1767 4596 1987 4691 propicium,
2015 4622 2054 4666 ac

144 4699 301 4768 centium
320 4708 442 4767 mutua
462 4699 706 4767 intersevera
729 4697 990 4767 benevolentia.
1040 4693 1131 4763 Nam
1185 4697 1392 4790 acquiescit,
1418 4696 1940 4784 scitseiionpcriturumesse.
1972 4696 2067 4769 Haec

144 4799 328 4869 doctrinae
358 4821 529 4870 consensu
559 4802 720 4885 turbato,
767 4800 962 4869 disceditur
989 4798 1034 4865 ab
1061 4819 1133 4866 una
1187 4801 1311 4870 solatio
1329 4798 1368 4866 in
1386 4799 1485 4869 luctu
1501 4798 1648 4885 ingenti,
1678 4812 1794 4867 tamen
1810 4800 2067 4891 diciturplena,

145 4900 427 4984 verosententia,
455 4902 686 4991 attinguntur
702 4903 834 4971 infiniti
849 4923 997 4974 errores.
1021 4896 1134 4988 Saepe
1188 4917 1241 4972 est
1267 4902 1379 4971 firma.
1447 4898 1671 4987 intelligatur
1692 4924 1773 4989 ergo
1799 4901 1903 4993 plena
1929 4926 1992 4973 seu
2021 4928 2063 4992 pe

146 5019 264 5075 autem
294 5004 475 5071 doctrinae
502 5025 694 5073 consensus
723 5018 866 5095 propter
883 5004 1040 5096 privatas
1062 5002 1136 5069 clis-
1188 5028 1262 5074 non
1278 5001 1493 5095 quantitate,
1520 5006 1578 5070 sed
1597 5002 1773 5073 firmitate.

148 5106 286 5176 cordias
308 5104 489 5189 turbatur,
528 5120 568 5175 ut
589 5106 699 5174 Arius
721 5106 805 5175 odio
827 5104 1020 5175 Alexandri
1048 5100 1137 5193 Epi·
1292 5104 1434 5175 Addam
1452 5104 1685 5173 declarandae
1700 5098 1885 5173 antithesis
1899 5124 2003 5171 causa
2017 5128 2068 5174 rei

149 5208 245 5296 scopi
260 5206 387 5300 sparsit
401 5202 637 5299 blasphemias
650 5221 773 5278 contra
789 5208 900 5274 hlium
917 5205 995 5275 Dei.
1044 5202 1136 5273 Cum
1190 5210 1264 5279 luni
1288 5206 1436 5296 Virgilii
1459 5220 1555 5276 seiito
1585 5206 1752 5273 nonant:
1804 5202 1968 5295 Namque
1991 5221 2067 5277 uts

151 5309 260 5394 igitur
285 5308 435 5378 maxime
456 5310 649 5378 necessaria
671 5312 718 5378 sit
740 5304 917 5377 Ecclesiae
947 5310 1137 5376 concordia
1190 5332 1282 5377 mam
1303 5310 1390 5377 falsa
1414 5306 1824 5395 interemtionem,
1850 5310 2045 5395 egerimus,

151 5423 243 5478 recte
259 5410 483 5493 docentium,
515 5409 704 5503 aliquoties
728 5425 762 5482 et
786 5406 870 5479 haec
892 5409 1015 5501 petitio
1041 5408 1139 5499 inge·
1191 5410 1259 5481 llic
1277 5408 1677 5497 versicolooinoginen
1692 5410 1849 5479 continet
1866 5411 1975 5481 totius
1992 5412 2064 5483 vita
