4530 5776
81 184 163 289 sao
263 182 368 267 rur.
417 187 454 265 r.
482 181 797 293 artmano
814 180 977 285 mssa.
1004 184 1209 289 aaronrs
1237 185 1664 295 ,tortuosarum
1716 195 1823 276 car.
1852 198 1899 277 n.
2012 204 2113 285 csso

81 358 521 463 ationem,‚et·conlirrnat
544 363 787 447 securitatem,
811 374 847 433 et
870 362 984 433 multa
1002 361 1058 457 in·

81 465 188 535 eudia
205 464 439 557 cupiditatum
465 480 620 557 augeat·
649 464 705 557 De
729 466 955 555 invocatione
969 465 1057 535 dici·

81 590 142 651 οι,
169 564 284 636 Marci
301 566 355 641 9.:
381 569 460 640 Hoc
484 591 593 655 genus
609 567 881 643 daemoniorum
902 590 976 637 non
993 567 1058 635 eii-

84 814 96 841 .
116 769 213 847 Petr.
233 764 286 848 5.r
319 765 589 870 σωφρονήσατε
610 786 645 867 et
658 771 769 845 sobrii
788 782 897 845 estote
913 773 956 840 ad
976 794 1056 862 pre-

81 872 249 947 ationem.
300 871 354 944 De
372 874 547 958 castitate,
574 870 620 944 Et
637 873 759 943 Venus
774 872 812 941 in
828 872 939 953 vinis,
963 872 1056 962 ignis

81 998 99 1044 ο
131 976 214 1066 igne
246 976 345 1050 furit.
398 973 446 1046 Et
471 975 666 1061 luvenalis,
693 973 789 1064 Quid
815 975 910 1044 enirn
934 972 1055 1044 Venus

81 1076 161 1149 bria
185 1082 310 1149 curat?
360 1074 407 1148 Et
432 1101 570 1170 semper
589 1079 634 1150 sit
658 1078 695 1146 in
712 1090 901 1181 conspectu
918 1076 1053 1146 dictum

81 1181 236 1265 ienecae,
265 1178 532 1253 Consuetudine
556 1181 715 1249 insaniae
742 1182 867 1249 durata
891 1179 977 1249 vitia
999 1179 1052 1248 vi·

81 1306 110 1353 ro
126 1296 314 1371 concepta,
336 1283 441 1352 etiam
469 1284 545 1352 sine
561 1284 645 1351 vino
664 1282 796 1356 valent.

164 1416 237 1488 Nec
259 1419 409 1490 dubium
433 1433 484 1491 est
507 1420 629 1512 augeri
658 1418 817 1510 publicas
841 1432 875 1489 et
899 1417 1054 1509 privatas

81 1520 298 1606 alamitates,
325 1536 509 1613 propterea
525 1523 607 1616 quia
626 1519 721 1590 Deus
744 1520 1052 1612 intemperantiam

81 1624 186 1707 unit,
214 1646 319 1715 quarn
334 1627 479 1717 quidem
502 1624 700 1717 plerunque
724 1636 759 1693 et
776 1623 845 1692 alia
869 1624 980 1692 mrrlta
1000 1620 1053 1688 vi-

81 1725 109 1792 ia
127 1724 362 1849 comitarptun
389 1728 485 1799 iuxta
508 1727 600 1796 illud
614 1724 862 1815 Epigramma:
888 1720 967 1818 ἥλις
988 1717 1053 1794 καὶ

81 1825 201 1898 estivei
227 1821 513 1922 areptitium,
547 1823 624 1908 aios
645 1825 803 1899 ἕκαστον
829 1820 943 1911 οἶκος,
971 1819 1053 1918 τοίη

81 1923 84 1991 i
108 1923 176 2000 καὶ
202 1927 400 2009 ξυναπᾶσα
422 1924 537 2011 πόλις.
590 1928 735 1999 Heliaca
759 1929 845 1998 urbs
867 1929 1055 2017 simulgest

81 2031 216 2101 neudax
239 2055 279 2099 ac
304 2033 418 2113 ebria,
446 2034 537 2102 talis-
557 2045 630 2103 tota
657 2032 743 2101 urbs
766 2045 835 2116 est,
871 2034 997 2099 domus
1014 2040 1054 2099 ut

81 2133 245 2225 [sraelibet
260 2156 334 2204 esse
349 2135 454 2215 solet,
482 2135 516 2203 id
535 2149 606 2214 est,
634 2133 795 2224 publicus
813 2133 925 2201 malus
941 2145 1053 2201 status

81 2237 148 2304 nde
172 2235 304 2320 oritur,
345 2237 427 2329 quia
450 2237 582 2331 singuli
611 2234 739 2303 nolunt
761 2256 835 2302 sese
857 2236 1054 2316 emendare,

81 2337 124 2407 etl
142 2337 294 2428 quilibet
311 2338 391 2405 aliis
406 2339 481 2407 vult
497 2340 590 2427 leges
607 2339 711 2420 ferre,
737 2359 810 2403 non
831 2358 903 2405 sese
925 2350 958 2404 et
972 2358 1053 2404 suos

81 2461 200 2529 egere,
226 2464 305 2509 cum
322 2440 455 2509 dictum
475 2440 536 2511 sit:
563 2439 680 2510 iustus
697 2439 852 2531 primum
874 2450 1054 2509 accusator

81 2557 115 2614 st
129 2541 198 2613 sui.

167 2660 343 2734 Modestia
372 2688 456 2735 vero
485 2681 537 2739 est
560 2666 673 2736 virtus
696 2666 734 2736 in
756 2663 946 2757 opinione,
980 2683 1054 2730 ser·

81 2784 172 2834 none
190 2779 309 2854 gestu,
335 2768 473 2836 actione
494 2770 736 2859 negotiorum,
765 2789 908 2839 servans
923 2778 1053 2834 conve·

81 2866 257 2951 tientiarn,
283 2869 321 2936 id
344 2883 413 2952 est,
440 2867 624 2942 retrahens
646 2894 712 2940 nos
733 2872 826 2942 intra
843 2880 954 2939 metas
970 2890 1052 2957 per·

81 2990 172 3039 onae
186 2970 450 3044 convenientes.

167 3101 222 3173 Ex
252 3099 319 3173 hac
348 3102 554 3174 definitione
584 3104 735 3197 intelligi
765 3116 899 3195 potest,
925 3100 1054 3173 Mode-

81 3206 165 3278 tiam
182 3219 349 3300 tanqrram
374 3218 486 3276 totum
503 3208 687 3299 complecti
709 3207 837 3293 multas
859 3220 974 3297 partes
993 3228 1054 3274 seu

81 3307 214 3400 peries,
247 3331 398 3403 quarum
426 3308 566 3401 aliquae
597 3309 895 3411 appellationibus
922 3308 1054 3377 discer-

81 3423 222 3493 nuntur,
249 3427 282 3482 et
301 3410 392 3478 fiunt
408 3411 613 3481 discrimina
639 3411 808 3495 illustria,
835 3435 915 3479 cum
933 3409 1052 3479 confe-

81 3524 200 3583 untur
214 3513 374 3604 opposita
393 3513 495 3581 vitia:
525 3528 608 3581 ¹cum
622 3511 799 3583 Modestia
819 3524 980 3603 pugnant
996 3534 1055 3581 su-

81 3614 209 3698 rerbia,
235 3612 456 3684 Thrasonica
473 3614 630 3698 vanitas,
656 3612 718 3684 seu'
737 3614 915 3684 iactantia.
966 3609 1054 3683 Item

81 3717 273 3802 paulitas,
305 3716 471 3799 futilitas,
503 3716 714 3800 scurrilitas,
749 3714 964 3808 petulantia,
989 3716 1054 3784 ola·

82 3819 254 3891 coenitas:
290 3816 378 3887 ltem
400 3817 524 3900 luxus,
551 3831 585 3887 et
606 3818 758 3908 ineptiae
780 3822 819 3887 in
844 3817 990 3899 vestitu,
1022 3829 1056 3885 et

81 3920 182 3992 uulto
211 3921 361 3990 maxime
384 3933 517 4010 pugnat
546 3944 626 3988 cum
660 3922 831 3991 modestia
862 3918 1057 4003 curiositas,

81 4047 131 4094 ‚eu
160 4013 504 4119 πολυπραγμοσύνη
533 4021 697 4111 ingerens
729 4045 765 4091 se
787 4008 832 4090 'in
854 4021 968 4090 aliena
993 4044 1057 4089 ne-

81 4127 177 4219 gotia.

172 4244 252 4318 Etsi
270 4259 386 4317 autem
403 4244 489 4314 vitia
516 4242 656 4328 omnia,
683 4267 773 4336 quae
796 4256 955 4334 pugnant
977 4266 1057 4310 curn

81 4349 302 4443 ,emperantia
328 4360 363 4419 et
388 4347 557 4417 modestia
583 4347 621 4415 in
651 4347 819 4416 omnibus
843 4342 1059 4427 hominibus,

81 4457 207 4527 ririset
221 4451 388 4521 foeminis
411 4449 606 4542 perniciosa
627 4463 661 4518 et
683 4449 855 4517 deformia
877 4461 978 4529 sunt,
1004 4460 1059 4515 ta·

81 4582 158 4629 men
179 4556 218 4623 in
244 4553 454 4623 rnrrlieribus
478 4551 588 4639 magis
611 4551 800 4641 conspicua
826 4564 878 4621 est
892 4549 1059 4617 deformi-

81 4686 140 4747 us,
166 4657 248 4751 quia
267 4651 325 4725 hic
341 4678 442 4725 sexus
459 4666 602 4743 propter
616 4650 858 4724 infirmitatem
874 4653 982 4721 latere
997 4653 1060 4719 cle-

81 4770 145 4835 bet.
199 4758 321 4851 ltaque
337 4757 439 4826 valde
455 4769 558 4843 turpe
575 4755 810 4843 spectaculum
832 4768 883 4824 est
907 4753 944 4821 in
961 4768 1062 4821 coetu
1087 4830 1090 4835 ¹

81 4863 205 4937 mulier
229 4860 347 4950 ebria,
380 4873 413 4927 et
439 4857 578 4925 facilins
605 4871 690 4926 tunc
712 4857 784 4925 ruit
804 4857 841 4924 in
863 4855 932 4924 alia
955 4856 1062 4923 dede-

81 4991 178 5039 cora:
207 4965 257 5035 sic
278 4961 481 5033 deformitas
505 4960 615 5048 magis
638 4958 826 5048 conspicua
850 4973 901 5027 est
921 4957 959 5025 in
984 4980 1064 5025 mu-

80 5074 166 5143 liere
183 5067 341 5159 garrula,
368 5062 527 5144 curiosa,
551 5059 764 5129 admiscente
783 5083 819 5128 se
835 5059 985 5146 negotiis
1000 5080 1064 5145 gu·

81 5169 317 5253 bernationis,
327 5192 331 5197 ·
341 5180 382 5235 ut
394 5163 530 5234 Liviam
545 5175 692 5230 matrem
706 5159 884 5254 Tyberim
901 5159 1077 5243 nomina,

81 5280 137 5349 bat
153 5272 313 5368 Ulyssem
331 5268 511 5347 stolatum,
537 5277 719 5353 propterea
735 5262 818 5354 quia
833 5263 870 5329 in
886 5260 1065 5352 republica

81 5379 191 5451 multa
205 5371 345 5463 negotia
364 5382 477 5439 astute
493 5368 666 5437 movebat.
700 5363 821 5456 ltaque
834 5362 946 5433 multa
965 5385 1066 5455 prae-

129 5478 316 5551 Marassa.
346 5477 449 5541 Orrn.
474 5471 557 5535 vor.
586 5471 665 5536 XV.

1113 376 1217 455 cepta
1240 365 1454 452 traduntur,
1486 388 1577 459 qrrae
1611 368 1734 455 iubent
1765 371 1931 443 mrrlieres
1954 400 2107 449 oeconoa
2150 370 2152 374 ⁷

1113 466 1204 547 mica
1221 468 1320 537 dorni
1337 492 1478 554 curare,
1504 483 1537 540 et
1559 472 1722 542 omittere
1744 477 1886 564 negotia
1909 500 1997 570 quae
2016 482 2105 555 avi,

1112 568 1162 643 ris
1179 570 1411 659 gubernanda
1433 585 1528 643 sunt·
1584 572 1666 642 ldeo
1690 598 1792 665 saepe
1816 577 1945 647 citatur
1969 582 2103 657 dictum

1112 666 1489 761 Sophoclisexhiace:
1514 675 1663 770 γοναῖξι
1676 671 1819 769 κόσμον
1833 673 1857 773 ἡ
1874 676 1970 779 onya}
1987 681 2102 780 φέρει,

1113 770 1331 844 Mulieribus
1347 774 1529 845 silentium
1545 781 1651 847 deeras
1667 792 1729 852 est.

1209 890 1286 961 Etsi
1306 908 1422 963 autern
1440 896 1558 964 brevis
1574 910 1624 967 est
1640 891 1726 966 haec
1740 901 1833 991 apud
1846 898 1995 973 Paulum
2012 928 2101 975 enn-

1108 994 1256 1065 meratio
1281 994 1475 1081 virtutum,
1511 1011 1628 1068 tamen
1655 999 1766 1069 lector
1789 1016 1943 1075 attentus
1966 1007 2100 1079 videbit

1107 1097 1257 1164 sormam
1276 1098 1385 1166 totins
1403 1099 1494 1168 vitae
1513 1102 1719 1170 matronalis
1736 1097 1793 1172 hic
1810 1107 1986 1195 sapienter
2001 1133 2099 1178 com-

1109 1193 1317 1285 prehensam
1338 1223 1424 1269 esse.
1476 1200 1548 1271 Nec
1565 1226 1624 1270 ero
1645 1204 1833 1293 prolixior,
1859 1209 1944 1300 quia
1960 1224 2100 1300 oportet

1106 1296 1321 1389 Decalogunr
1351 1302 1519 1373 omnibus
1553 1306 1778 1375 notissimum
1817 1331 1912 1395 esse,
1952 1313 2014 1404 qui
2046 1328 2098 1386 est

1108 1402 1189 1471 fons
1205 1404 1388 1473 doctrinae
1405 1405 1450 1472 de
1466 1406 1634 1476 omnibus
1653 1407 1856 1484 virtutibus.

1207 1537 1348 1611 Rursus
1371 1554 1487 1609 autem
1518 1542 1692 1613 admoneo
1717 1543 1903 1631 lectorem,
1937 1561 1978 1619 ut
1999 1551 2096 1620 testi-

1106 1640 1267 1709 monium
1287 1643 1330 1711 de
1344 1642 1451 1711 lande
1469 1643 1624 1732 coniugii
1642 1640 1700 1715 hic
1716 1647 1933 1729 consideret,
1961 1665 1995 1721 et
2012 1677 2094 1723 cau-

1106 1764 1161 1811 sas
1183 1743 1328 1832 cogitet,
1353 1740 1449 1813 Deus
1474 1744 1644 1814 immensa
1668 1748 1840 1839 sapientia
1862 1750 1911 1821 sic
1935 1754 2097 1827 condidit

1106 1866 1216 1933 genus
1243 1840 1439 1915 humanum
1464 1859 1497 1916 et
1519 1860 1615 1916 certo
1642 1852 1749 1919 modo
1778 1851 1981 1939 coniunxit,
2019 1856 2097 1930 vult

1107 1946 1258 2037 intelligi
1283 1960 1317 2017 et
1332 1947 1502 2038 praestari
1524 1951 1735 2033 castitatem,
1773 1953 1829 2022 vel
1853 1953 1891 2022 iu
1919 1957 2095 2048 coniugio,

1106 2048 1161 2116 vel
1179 2048 1216 2116 in
1235 2048 1306 2118 vita
1322 2049 1456 2119 coelibe
1472 2073 1613 2137 eorum,
1644 2052 1706 2141 qtri
1729 2067 1811 2122 sunt
1835 2054 1956 2126 idonei
1979 2062 2025 2128 ad
2041 2061 2096 2129 vi-

1106 2163 1176 2219 tam
1202 2150 1394 2234 coelibem,
1431 2152 1507 2221 vult
1531 2152 1634 2221 vitari
1660 2150 1764 2221 huius
1787 2156 1927 2231 ordinis
1950 2174 2095 2231 contur-

1105 2252 1305 2337 bationem,
1344 2266 1376 2322 et
1403 2247 1624 2324 horribiliter
1656 2256 1759 2343 punit
1788 2280 1892 2348 vagas
1926 2260 2095 2333 libidines

1106 2354 1252 2444 privatis
1274 2367 1308 2422 et
1332 2353 1484 2445 publicis
1505 2356 1781 2443 calamitatibus,
1809 2373 1841 2429 et
1864 2361 1993 2431 deinde
2009 2388 2096 2456 poe-

1105 2455 1162 2523 nis
1179 2456 1340 2539 aeternis,
1365 2457 1433 2524 nisi
1451 2457 1512 2526 fiat
1530 2461 1727 2528 conversio.
1758 2457 1909 2553 Propter
1927 2461 1991 2538 hos
2010 2487 2095 2537 cao·

1106 2580 1160 2628 sas
1174 2557 1317 2629 laudata
1334 2570 1385 2628 est
1400 2558 1471 2628 vita
1489 2560 1697 2650 coniugalis.

1206 2692 1297 2768 Cum
1320 2709 1437 2767 autern
1453 2711 1616 2795 oporteat
1638 2701 1713 2789 regi
1740 2726 1806 2773 nos
1823 2706 1931 2774 verbo
1950 2700 2040 2791 Dei,
2062 2717 2097 2776 et

1106 2798 1197 2868 nulli
1222 2799 1338 2869 cultus
1361 2795 1437 2868 Deo
1458 2801 1620 2890 placeant
1642 2802 1719 2872 sine
1741 2806 1850 2875 verbo
1868 2804 1953 2885 Dei,
1979 2807 2095 2875 mani-

1105 2902 1233 2971 festum
1251 2913 1302 2970 est
1329 2896 1585 2971 monachorum
1604 2916 1684 2973 vota
1702 2930 1775 2973 non
1792 2930 1866 2975 esse
1883 2910 1997 2978 cultus
2013 2906 2115 2993 Ilei,x

1106 3015 1140 3072 et
1175 3002 1446 3072 cumulaverunt
1476 2999 1641 3073 monachi
1672 3019 1708 3074 et
1736 3006 1924 3078 sacrificuli
1962 3011 2094 3080 multos

1106 3105 1195 3175 alios
1212 3127 1359 3187 errores,
1385 3118 1419 3172 et
1434 3104 1549 3175 cultus
1564 3107 1755 3193 idolorum,
1781 3110 1911 3201 quibus
1926 3112 2093 3180 adiuncta

1107 3221 1159 3277 est
1190 3201 1388 3296 prohibitio
1416 3206 1591 3296 coniugii,
1633 3232 1738 3300 quam
1761 3209 1855 3280 infra
1880 3210 2011 3282 Paulus
2034 3235 2094 3281 ex-

1107 3330 1223 3398 presse
1239 3307 1400 3376 nominat
1420 3308 1617 3378 doctrinam
1640 3312 1922 3387 daemoniorum.
1973 3312 2095 3402 Signi-

1107 3410 1186 3480 ficat
1201 3422 1318 3479 autern
1344 3404 1404 3478 hic
1428 3409 1552 3480 titulus
1575 3413 1685 3481 multa
1707 3436 1832 3504 magna
1856 3416 1966 3494 mala,
1994 3418 2093 3485 ardet

1108 3512 1271 3582 diabolus
1303 3512 1387 3581 odio
1411 3510 1498 3597 Dei,
1528 3526 1563 3582 et
1586 3526 1626 3582 ut
1641 3511 1757 3584 Deum
1779 3517 1994 3586 contumelia
2008 3517 2114 3593 stt„

1108 3613 1196 3697 ciat,
1224 3613 1378 3704 primum
1398 3614 1505 3683 falsos
1526 3616 1641 3685 cultus
1665 3628 1699 3686 et
1716 3619 1897 3688 mendacia
1914 3620 1952 3687 in
1968 3641 2094 3708 genere

1108 3711 1265 3784 humano
1295 3715 1389 3786 serit.
1436 3712 1576 3785 Deinde
1597 3740 1686 3808 opus
1709 3715 1795 3804 Dei,
1830 3720 1961 3790 scilicet
1984 3742 2094 3808 genus

1108 3812 1325 3901 humanum,
1351 3811 1572 3888 horribiliter
1596 3819 1792 3889 deformare
1817 3834 1849 3890 et
1869 3823 2016 3908 perdere
2034 3845 2094 3891 co·

1110 3932 1238 4009 natur,
1269 3917 1431 3987 accendit
1454 3918 1647 3988 discordias
1666 3932 1701 3990 et
1723 3920 1834 4006 bella,
1866 3923 1997 3992 multos
2026 3924 2093 3990 im-

1111 4020 1228 4113 pellit,
1266 4031 1306 4088 ut
1332 4020 1522 4090 teterrimis
1557 4020 1768 4092 lihidinibus
1799 4024 2095 4110 contaminentur,

1112 4123 1196 4216 quia
1218 4121 1282 4191 seit
1297 4117 1412 4191 Deum
1428 4122 1532 4191 valde
1554 4121 1656 4192 irasci
1679 4124 1947 4194 confusionibus
1970 4116 2095 4194 libidi-

1112 4248 1210 4296 uum.
1241 4218 1290 4294 Et
1306 4218 1391 4292 haec
1404 4224 1488 4294 facit
1504 4224 1639 4311 omnia,
1664 4238 1825 4319 utquam
1841 4227 2014 4317 plurimos
2028 4221 2094 4296 ho-

1113 4326 1228 4395 mines
1241 4320 1423 4416 pertrahat
1438 4326 1477 4394 in
1493 4340 1674 4398 aeternum
1690 4328 1848 4412 exitium,
1873 4342 1907 4397 et
1922 4331 1966 4415 ad
1983 4340 2095 4400 aeter·

1112 4451 1177 4496 nas
1206 4421 1442 4518 blasphemias
1469 4426 1547 4498 Dei.
1604 4425 1741 4499 Eodem
1772 4429 1921 4500 consilio
1951 4430 2094 4520 impulit

1113 4527 1314 4624 hypocritas
1328 4532 1373 4598 ad
1388 4528 1499 4619 legem
1515 4532 1559 4599 de
1575 4530 1750 4601 coelibatu
1771 4532 2023 4631 imponendam
2041 4557 2096 4602 sa-

1113 4631 1332 4717 cerdotibus,
1357 4632 1449 4701 etad
1465 4632 1691 4721 excogitanda
1712 4633 1820 4723 impia
1836 4635 1977 4705 vincula
1993 4648 2096 4705 roto·

1115 4757 1211 4815 rum,
1237 4756 1326 4824 quae
1344 4731 1586 4823 multipliciter
1605 4733 1791 4805 offendunt
1804 4735 1939 4821 Deum,
1963 4737 2045 4827 quia
2063 4747 2099 4807 et

1116 4834 1214 4902 nervi
1233 4847 1314 4904 sunt
1334 4835 1500 4903 falsorum
1518 4836 1697 4922 cultuum,
1723 4851 1756 4908 et
1772 4852 1854 4909 sunt
1872 4860 1993 4907 causae
2013 4831 2099 4905 hor·

1115 4935 1275 5005 ribilium
1300 4937 1659 5024 contaminationum,
1685 4955 1829 5032 propter
1850 4961 1941 5030 quae
1960 4952 2099 5028 peccata

1117 5037 1273 5125 ingentia
1308 5033 1496 5109 hominum
1536 5041 1676 5131 agmina
1714 5053 1824 5115 ruunt
1863 5040 1902 5109 in
1942 5052 2100 5109 aeternas

1117 5162 1259 5232 poenas.

1218 5253 1315 5326 Haec
1335 5255 1426 5325 mala
1452 5270 1485 5327 et
1507 5280 1628 5327 eornm
1654 5258 1770 5333 fontes
1792 5258 1943 5351 intelligi
1964 5284 2102 5331 necesse

1120 5373 1190 5445 est,
1214 5372 1249 5430 et
1271 5357 1379 5450 impia
1403 5358 1459 5428 lex
1479 5362 1523 5429 de
1545 5360 1720 5445 coelibatu
1744 5366 1944 5435 damnanda
1969 5378 2039 5445 est,
2066 5386 2105 5434 ac

1322 5458 1409 5533 ·84
