4522 5782
101 216 214 315 ihil

107 514 321 585 vilicorum.

215 613 361 685 Dictum
379 627 428 684 est
446 627 562 685 autem
587 614 693 695 alibi,
721 615 815 708 quod
841 613 886 683 sit
908 613 1101 682 discrimen

105 716 258 810 politiae
280 714 391 786 Moisi
417 729 451 786 et
474 729 636 787 aeternae
660 713 854 801 Ecclesiae,
889 738 980 808 quae
1013 740 1098 784 voce

107 818 360 912 promissionis
375 821 420 888 de
437 817 516 889 >filio
535 815 602 887 Dei
618 812 817 908 colligitur,
844 831 879 889 et
900 840 1011 911 qnare
1031 841 1097 907 po·

105 920 190 993 litia
211 918 323 989 Moisi
344 920 535 992 constituta
560 919 623 1005 sit,
659 934 695 992 et
717 920 804 1015 quid
827 918 900 991 sint
921 917 1102 1004 sacrificia,

109 1023 211 1118 quod
234 1022 280 1091 sit
301 1022 491 1092 discrimen
516 1022 612 1091 inter
633 1020 731 1110 signa
755 1035 789 1092 et
817 1044 899 1090 vera
921 1021 1102 1106 sacrificia,

104 1124 197 1220 'quia
220 1123 275 1193 lert
298 1125 337 1193 in
357 1120 424 1194 hac
449 1124 519 1194 vita
539 1124 685 1194 ordinat
705 1138 865 1217 utraque.

147 1308 151 1313 ,
217 1221 373 1298 Ordiuat
404 1226 521 1315 signa,
563 1227 693 1319 quibus
730 1221 893 1293 homines
926 1234 1101 1293 testantur

107 1323 210 1397 hunc
231 1350 305 1397 esse
330 1351 452 1396 verum
478 1326 594 1397 Deum
619 1351 725 1422 quem
750 1327 943 1409 invocant,
984 1338 1018 1394 et
1044 1320 1101 1392 his

108 1429 242 1499 ritibus
279 1431 485 1499 discernunt
523 1454 602 1499 eum
639 1453 658 1497 a
691 1429 943 1499 commentitiis
978 1426 1098 1496 numi·

108 1531 233 1601 nibus.

105 1652 108 1657 ·
213 1627 372 1701 Ordinat
401 1645 518 1701 autem
545 1645 576 1702 et
602 1632 671 1700 alia
704 1631 873 1700 interiora
898 1643 933 1700 et
955 1640 1098 1699 externa

108 1730 299 1812 sacrificia,
326 1732 363 1800 in
379 1736 509 1825 quibus
526 1756 600 1803 sese
615 1733 713 1802 Deus
728 1733 802 1822 ipse
819 1732 922 1802 nobis
938 1754 1098 1800 commu-

108 1836 210 1905 nicat
229 1847 264 1903 et
283 1848 334 1903 est
358 1836 499 1918 efficax,
526 1836 610 1928 quia
634 1848 774 1925 oportet
798 1835 934 1927 aliquas
950 1856 1005 1902 res
1025 1855 1098 1901 esse

96 1935 321 2028 'copulantes
346 1957 412 2004 nos
434 1960 514 2006 cum
537 1935 625 2007 Deo.
684 1935 788 2005 Talia
814 1949 897 2005 sunt
920 1934 1098 2018 sacrificia,

106 2061 197 2108 vera
215 2038 349 2127 agnitio
369 2037 434 2108 Dei
452 2039 571 2106 lucens
587 2039 624 2106 in
641 2052 791 2128 mente,
805 2052 840 2106 et
861 2051 933 2106 tota
949 2035 1098 2118 novitas,

107 2164 182 2232 qua
208 2135 316 2208 homo
332 2140 370 2208 lit
387 2140 558 2230 templum
580 2130 667 2220 Dei,
694 2154 728 2209 et
744 2163 812 2232 qua
829 2162 902 2208 sese
918 2137 1013 2207 Deus
1031 2162 1097 2207 uo-

101 2242 168 2313 bis
181 2243 437 2322 communicat,
464 2254 499 2311 et
515 2242 667 2310 vicissim
685 2237 793 2310 homo
809 2241 961 2310 celebrat
971 2241 1098 2315 Deum.

93 2340 172 2415 'Sic
187 2343 283 2413 enim
301 2341 396 2413 Deus
413 2366 448 2411 se
465 2344 698 2412 communicat
719 2343 884 2412 rationali
907 2355 1097 2423 creaturae,

105 2466 193 2516 tum
211 2459 303 2514 recte
319 2446 541 2532 agnoscitur,
568 2448 650 2538 quia
672 2460 722 2515 est
740 2446 799 2513 lux
824 2446 945 2512 lucens
961 2445 998 2512 in
1015 2467 1098 2512 san·

104 2547 189 2619 ctis,
247 2544 306 2616 Fit
326 2562 442 2616 autem
467 2548 656 2616 celebratio
678 2549 715 2616 in
740 2543 807 2616 hac
828 2547 898 2616 vita
924 2548 1096 2627 docendo,

105 2646 332 2731 confitendo,
350 2649 590 2732 invocatione,
617 2651 807 2738 gratiarum
827 2648 985 2731 actione,
1011 2671 1097 2715 con·

103 2750 291 2821 formitate
306 2752 422 2819 cordis
439 2764 472 2820 et
487 2751 618 2819 laetitia
636 2752 673 2817 in
690 2747 779 2822 Deo.
832 2748 929 2818 Haec
947 2751 1097 2818 incoan-

105 2864 172 2923 tur
189 2852 227 2918 iu
244 2846 309 2920 hac
325 2852 416 2935 vita,
449 2867 483 2922 et
499 2864 741 2947 praeterquam
760 2854 855 2944 quod
878 2854 1006 2918 modus
1032 2852 1097 2919 do-

106 2952 218 3037 cendi
242 2953 280 3020 in
295 2953 493 3023 ministerio
517 2976 591 3021 non
615 2967 665 3021 est
688 2952 768 3021 talis
791 2952 827 3020 in
850 2952 921 3019 vita
944 2965 1097 3030 aeterna,

93 3068 247 3125 caetera
274 3055 393 3122 omnia
425 3068 571 3123 manent
598 3057 740 3132 eadem,
781 3053 913 3121 seilicet
959 3053 1097 3120 confes-

104 3158 184 3241 sio,
210 3156 402 3245 gratiarum
425 3158 536 3240 actio,
563 3155 791 3225 conformitas
808 3154 924 3222 cordis
939 3168 973 3222 et
995 3155 1097 3223 laeti-

103 3259 160 3329 us
176 3259 216 3326 ia
234 3256 322 3330 Deo.
377 3256 417 3331 ln
440 3254 496 3326 his
515 3259 599 3346 ipsis
620 3257 820 3327 actionibus
842 3278 915 3324 sese
937 3278 1099 3324 commu-

106 3360 209 3430 nicat
234 3357 330 3429 Deus
353 3360 392 3428 in
415 3373 489 3431 tota
512 3360 741 3439 aeternitate,
781 3381 863 3428 curn
888 3357 956 3429 erit
976 3358 1097 3427 omnia

94 3462 149 3530 'in
170 3462 350 3534 omnibus.

214 3561 392 3654 Scriptum
410 3576 461 3634 est
476 3563 584 3653 igitur
598 3556 714 3631 Oseae
729 3559 785 3634 4.:
813 3555 968 3631 Omnem
985 3558 1098 3629 auffer

104 3664 357 3759 iniquitatem,
383 3679 418 3734 et
437 3666 581 3734 benefac
598 3664 722 3749 nobis,
749 3677 781 3732 et
797 3665 985 3733 reddemus
1001 3662 1097 3731 vitu-

104 3768 165 3841 los
188 3767 367 3836 labiorum
388 3782 612 3845 nostrorum,
647 3767 778 3850 idest,
811 3780 851 3835 tu
874 3762 1024 3846 Messia,
1051 3765 1095 3832 da

90 3869 282 3941 beneficia
305 3871 401 3939 iuxta
429 3868 696 3960 promissionem
727 3886 844 3951 tuam,
890 3865 1037 3954 gratiam
1061 3878 1095 3936 et

99 3968 222 4039 'vitam
255 3984 453 4054 aeternam,
502 3983 536 4038 et
567 3971 755 4038 reddemus
789 3968 979 4051 sacrificia,
1021 3991 1093 4036 non

102 4071 235 4161 ¹signa,
269 4076 328 4142 sed
352 4082 433 4142 vera
449 4070 643 4155 sacrificia,
669 4070 906 4138 ministerium
931 4070 1095 4154 docendi,

106 4174 394 4258 invocationem,
407 4174 683 4261 consessionem,
696 4172 890 4260 gratiarum
907 4171 1095 4255 actionem,

107 4278 241 4347 laetam
262 4276 500 4345 obedientiam
516 4275 554 4342 in
569 4274 686 4342 eorde.
735 4271 788 4345 lta
812 4267 870 4340 hic
885 4270 1017 4340 Paulus
1037 4272 1095 4340 in-

108 4378 213 4472 quit:
240 4375 286 4446 Se
308 4379 503 4446 sacrificare
524 4373 760 4465 Evangelium
784 4370 937 4457 Christi,
968 4374 1096 4458 idest,

106 4479 274 4550 docendo
299 4495 475 4569 praestare
497 4475 573 4547 Deo
598 4501 720 4546 verum
746 4475 892 4546 cultum.
944 4471 992 4544 Et
1010 4475 1097 4545 iacit

107 4578 249 4653 Paulus
267 4594 477 4673 utrumque,
503 4580 579 4671 ipse
594 4578 697 4648 offert
714 4576 790 4648 Deo
813 4600 892 4646 cum
909 4577 1031 4661 docet,
1057 4577 1094 4645 id

109 4697 185 4766 est,
216 4683 371 4751 celebrat
382 4666 506 4751 'Deum
531 4693 565 4751 et
589 4678 716 4749 tribuit
740 4678 771 4748 ei
793 4674 978 4750 honorem.
1039 4676 1098 4749 si-

106 4781 325 4855 molantem
347 4795 533 4875 praeparat
555 4782 643 4851 alias
662 4777 814 4865 hostias,
839 4780 874 4848 id
898 4792 968 4861 est,
995 4782 1098 4851 audi-

106 4898 228 4968 som,
249 4899 304 4965 ,ut
325 4881 365 4954 hi
387 4908 530 4978 quoque
556 4882 708 4953 offerant
736 4879 815 4952 Deo
841 4905 943 4952 veros
968 4882 1098 4952 cultus.

109 4986 218 5061 Sicut
232 4988 305 5057 duo
328 5002 426 5059 erant
444 4986 556 5056 officia
581 4985 745 5055 distincta
762 4983 967 5055 Levitarum
984 4999 1017 5056 et
1031 4981 1099 5054 Se-

111 5090 313 5162 rrrdotum.
364 5089 509 5160 Levitae
531 5109 595 5156 ceu
618 5086 705 5155 lanii
722 5085 921 5156 mactabant
936 5087 1099 5176 pecudes,

109 5192 374 5285 praeparabant
405 5184 560 5273 hostias,
592 5184 797 5257 Sacerdotes
824 5201 941 5257 autem
971 5184 1099 5257 offere·

110 5296 216 5365 hant.
267 5290 371 5363 Nunc
393 5291 487 5361 idem
502 5288 634 5360 Paulus
650 5302 684 5359 et
699 5287 804 5359 offert
824 5288 920 5378 ipse,
943 5301 980 5358 et
997 5311 1099 5379 prae·

110 5406 220 5488 parat
236 5394 345 5478 alios,
378 5392 464 5486 qnia
479 5412 566 5463 vocs
583 5390 662 5460 eius
678 5389 741 5461 alii
757 5391 801 5462 sd
818 5386 934 5460 Deum
951 5409 1099 5459 conver-

173 5499 357 5569 urrann.
381 5498 487 5569 Orsa.
525 5496 610 5563 Vos.
633 5495 714 5564 XV.

369 176 471 314 xur]
498 234 536 311 s.
566 226 866 315 ausemano
898 228 1057 315 netsr.
1089 227 1238 311 ranst
1264 225 1334 307 an
1354 227 1617 315 nouenos.
1667 200 1772 323 ear.
1796 244 1876 321 xv.

109 407 374 483 eresnattane
392 421 428 483 et
446 404 740 505 interpretatione
763 408 1018 483 sacrificiorum
1039 407 1110 481 Le-

1164 418 1302 481 tnntur.
1353 403 1439 478 Ideo
1452 402 1512 480 bic
1526 411 1672 483 additur
1685 415 1731 485 de
1744 418 1915 493 sacrificio
1930 424 2147 510 auditorum.

1162 506 1211 581 Ut
1233 508 1368 580 oblatio
1391 512 1548 600 gentium
1572 514 1631 584 fiat
1652 533 1791 609 accepta
1815 517 1910 610 Deo,
1941 528 1977 597 id
2003 545 2073 618 est,
2105 512 2146 609 nt

1161 625 1193 681 et
1212 609 1346 681 Gentes
1362 612 1457 702 ipsae
1477 615 1562 685 fiant
1585 610 1738 704 hostiae,
1762 635 1797 692 et
1818 638 1959 700 aeterua
1974 634 2142 707 sacrificia

1159 713 1237 783 Deo
1254 713 1424 799 offerant,
1452 741 1569 785 veram
1586 717 1710 805 fidem,
1735 745 1854 796 veram
1869 728 2143 823 invocationem,

1157 815 1433 902 confessionem,
1465 819 1658 907 gratiarum
1683 823 1876 920 actionem,
1911 835 2143 910 conformita-

1157 927 1226 984 tem
1251 940 1331 987 cum
1349 917 1422 987 Deo
1450 937 1483 989 et
1507 921 1678 989 laetitiam
1697 948 1777 995 cum
1800 954 1841 999 eo
1867 934 1906 1001 iu
1930 947 2003 1006 tota
2026 953 2141 1009 aeter-

1155 1017 1286 1104 nitate,
1324 1045 1400 1089 non
1438 1023 1590 1093 offerant
1628 1034 1880 1106 commentitiis
1917 1038 2140 1128 numinibus,

1153 1115 1314 1207 Baccho,
1343 1120 1473 1192 Veneri
1498 1139 1561 1198 etc.

1255 1256 1312 1328 Sit
1340 1272 1457 1329 autem
1491 1254 1548 1328 hie
1580 1273 1674 1330 totus
1705 1263 1802 1337 locus
1830 1262 1933 1342 Pauli
1961 1279 2082 1351 notior
2104 1296 2138 1354 rt

1152 1358 1296 1446 gratior,
1319 1361 1402 1451 quia
1420 1362 1661 1437 testimonium
1681 1377 1731 1435 est
1748 1368 1792 1436 de
1806 1371 2000 1448 ministerio
2016 1376 2138 1453 Evan-

1152 1459 1247 1548 gelii.
1298 1460 1459 1531 Primum
1487 1464 1689 1534 consolatur
1710 1468 1875 1542 ducentes
1895 1489 1930 1547 et
1952 1480 2126 1555 discentes

1153 1562 1334 1631 affirmans
1359 1563 1498 1652 placere
1513 1562 1587 1632 Deo
1607 1559 1702 1634 hunc
1722 1568 1898 1662 laborem,
1925 1602 2003 1650 cum
2020 1541 2138 1656 nomi:

1153 1678 1258 1732 netur
1282 1664 1511 1750 sacrificium,
1557 1690 1626 1759 qua
1657 1671 1895 1759 appellatione
1920 1680 2137 1771 significatur

1152 1765 1357 1836 excellentia
1382 1790 1548 1856 operum,
1582 1772 1678 1861 quod
1704 1772 1867 1848 videlicet
1889 1786 1979 1872 opus
2001 1782 2136 1859 sit'bd-

1151 1890 1237 1934 num
1254 1866 1329 1937 Deo
1347 1869 1509 1958 placens,
1542 1884 1573 1940 et
1592 1871 1679 1951 tale,
1714 1877 2044 1966 quoiudicatDeus
2065 1891 2136 1963 sibi

1151 1962 1324 2036 honorem
1348 1970 1471 2041 tribui.

1254 2083 1336 2157 Huc
1370 2092 1683 2159 accommodentur
1708 2091 1816 2164 dicta:
1855 2092 2058 2177 Offeremus
2081 2112 2136 2180 vi·

1150 2190 1243 2287 tulos
1267 2189 1458 2260 labiorum.
1515 2190 1619 2274 ltem,
1652 2191 1776 2262 Esaiae
1801 2198 1879 2269 ot:
1916 2198 1989 2274 Vos
2011 2207 2134 2281 Sacer.

1150 2293 1250 2360 dotes
1276 2288 1423 2360 Domini
1453 2293 1687 2378 vocabimini,
1729 2298 1886 2368 ministri
1912 2298 1979 2374 Dei
2010 2280 2136 2384 nobili.

1150 2388 1198 2463 Et
1221 2391 1352 2466 Psalm.
1381 2397 1485 2467 titt:
1524 2393 1734 2467 Voluntaria
1760 2399 1833 2468 oris
1857 2404 1943 2473 meis
1967 2409 2135 2506 benepla.

1150 2510 1252 2566 ceant
1268 2495 1352 2579 tibi,
1379 2497 1414 2565 id
1431 2511 1499 2581 est,
1517 2498 1691 2573 sacrificia
1711 2500 1862 2571 docendi
1880 2519 1914 2576 et
1933 2507 2134 2603 invocandi,

1149 2596 1236 2668 item
1260 2597 1438 2682 discendi,
1474 2599 1613 2690 placent
1633 2600 1712 2673 tibi.

1249 2713 1397 2809 Discant
1425 2730 1458 2787 et
1486 2717 1668 2787 auditores
1697 2737 1901 2794 reverenter
1930 2731 2061 2802 sentire
2089 2736 2133 2807 de

1149 2817 1345 2887 ministerio
1374 2816 1582 2908 Evangelii,
1630 2843 1709 2889 cum
1736 2819 1799 2891 has
1821 2824 1944 2898 laudes
1971 2835 2133 2926 audiunt,

1148 2918 1238 2988 sicut
1259 2941 1360 3004 saepe
1384 2935 1607 3009 praeceptum
1627 2934 1688 2996 est.
1726 2919 1774 2993 Et
1795 2927 1825 2997 1.
1844 2924 2003 3003 Thessal.
2020 2934 2055 3008 5.
2076 2924 2132 3011 di-

1149 3021 1260 3091 citur:
1304 3017 1382 3090 Oro
1407 3045 1469 3089 vos
1490 3023 1632 3103 iratres,
1671 3035 1709 3091 ut
1738 3027 1949 3119 excellenter
1977 3022 2134 3129 diligatis

1149 3145 1226 3205 eos,
1252 3122 1316 3215 qsri
1333 3137 1499 3211 praesunt
1514 3123 1615 3193 vobis
1636 3123 1673 3193 in
1697 3122 1870 3214 Domino,
1897 3150 2043 3229 propter
2065 3134 2132 3211 mi.

1149 3225 1336 3292 nisterium
1361 3224 1529 3314 ipsorum.
1584 3223 1877 3304 1.Timoth.5..:
1919 3234 2132 3335 Presbyteri,

1150 3326 1212 3418 qui
1242 3328 1332 3393 beue
1364 3340 1550 3417 praesunt,
1591 3327 1732 3416 duplici‘
1749 3323 1885 3403 honore
1907 3338 2006 3427 digni
2028 3360 2130 3434 suut,

1150 3428 1338 3518 praecipue
1359 3427 1421 3521 qui
1451 3429 1615 3498 laborant
1637 3429 1675 3496 in
1699 3451 1862 3505 sermone
1891 3453 1926 3510 et
1958 3427 2132 3521 doctrine.
2166 3453 2169 3457 ’

1149 3526 1312 3618 Duplici,
1331 3530 1471 3622 inquit,
1485 3531 1522 3599 id
1541 3542 1607 3615 est,
1631 3536 1828 3606 reverentia
1844 3550 1878 3609 et
1893 3541 1999 3617 victu.
2023 3522 2131 3619 Com-

1150 3630 1317 3720 plectitur
1339 3646 1455 3701 autem
1477 3632 1590 3702 victus
1620 3634 1892 3726 defensionem,
1931 3628 2129 3721 reverentia

1150 3754 1233 3801 vero
1255 3733 1495 3802 obedientiam
1518 3734 1555 3802 iu
1583 3731 1657 3819 his,
1684 3756 1871 3829 quaesunt
1893 3749 2036 3837 propria
2061 3753 2130 3823 mi.

1148 3834 1287 3903 nisterii
1313 3849 1457 3925 propter
1478 3831 1613 3919 Deum,
1638 3837 1695 3906 cui
1714 3832 1828 3910 honos
1852 3846 2005 3935 primum
2022 3824 2129 3924 debe·

1146 3948 1223 4006 tur:
1263 3952 1299 4006 et
1325 3959 1406 4005 cum
1431 3936 1631 4007 obedientia
1655 3939 1700 4009 sit
1722 3943 1911 4015 coniuncta
1936 3943 2128 4026 honorifica

1148 4038 1289 4129 opinio,
1338 4061 1427 4129 quae
1457 4038 1632 4128 intelligat
1661 4063 1726 4109 nos
1757 4045 1953 4118 ministerio
1983 4069 2130 4147 propter

1147 4137 1263 4209 Deum
1279 4139 1455 4209 subiectos
1472 4163 1563 4222 esse,
1589 4153 1622 4210 et
1638 4142 1780 4213 dilectio
1799 4161 1832 4218 et
1849 4150 2014 4225 voluntas
2029 4171 2129 4231 ante·

1146 4242 1263 4311 ferens
1285 4240 1520 4311 ministerium
1542 4241 1621 4311 aliis
1641 4246 1793 4334 negotiis
1814 4250 1918 4328 vitae.

1247 4373 1408 4446 Sciamus
1422 4391 1537 4445 antem
1554 4377 1776 4469 praecipuam
1793 4406 1931 4455 causam
1947 4415 2030 4480 esse,
2045 4414 2129 4488 ρῳ.

1148 4491 1228 4570 pter
1242 4501 1349 4569 quam
1365 4478 1564 4547 doctrinam
1591 4491 1626 4548 et
1650 4481 1887 4553 ministerium
1905 4507 2044 4579 oportet
2063 4523 2128 4571 an-

1149 4579 1221 4651 diri
1242 4593 1277 4650 et
1299 4581 1520 4660 conservari,
1549 4580 1632 4673 quia
1658 4582 1708 4651 sic
1732 4579 1828 4653 Dens
1848 4591 1984 4681 colligit
2006 4592 2130 4669 Eccle-

1149 4684 1256 4765 siam,
1292 4694 1327 4751 et
1345 4703 1419 4750 non
1435 4681 1556 4770 aliter,
1586 4683 1719 4752 scilicet
1748 4711 1830 4756 voce
1859 4705 1892 4761 et
1917 4697 2130 4783 cogitatione

1149 4777 1271 4873 scripti
1293 4778 1499 4870 Evangelii,
1532 4807 1612 4852 cum
1644 4785 1788 4857 auditur
1809 4806 1872 4863 aut
1900 4795 2048 4891 legitur,
2089 4816 2130 4873 ut

1148 4883 1256 4957 Rom.
1272 4885 1331 4953 10.
1348 4881 1495 4954 dicitur:
1521 4882 1713 4972 Quomodo
1735 4893 1878 4965 credent
1894 4897 1970 4967 sine
1987 4892 2129 4987 praedi-

1150 4999 1264 5058 cante.
1315 4980 1419 5054 Item:
1459 4980 1693 5074 Evangelium
1721 5007 1772 5061 est
1796 4998 1952 5083 potentia
1980 4997 2051 5071 Dei
2083 5005 2129 5075 ad

1150 5089 1299 5157 salutem
1324 5085 1424 5154 omni
1447 5088 1614 5158 credenti.
1671 5095 1706 5162 ἒ.
1731 5088 1894 5169 Corinth.
1914 5098 1967 5169 &a
2007 5096 2130 5174 Evan-

1148 5190 1280 5278 gelium
1310 5200 1362 5257 est
1389 5187 1626 5259 ministerium
1656 5192 1818 5281 spiritns,
1857 5197 1991 5286 idest,
2034 5203 2132 5278 Deus

1149 5304 1203 5361 est
1223 5288 1341 5358 efficax
1366 5288 1577 5380 cogitatione
1600 5288 1787 5384 Evangelii
1811 5299 1924 5369 auditi
1944 5317 2007 5374 aut
2038 5309 2131 5404 lecti,

1150 5402 1186 5462 et
1199 5390 1385 5462 'convertit
1407 5394 1514 5463 corda
1531 5390 1570 5462 in
1584 5394 1798 5483 cogitatione
1813 5395 2011 5495 Evangelii.
2044 5472 2060 5485 ,.

1260 5488 1312 5563 66
