4530 5776
68 222 113 296 n
159 256 168 269 κ
496 218 581 298 xn.
631 212 935 297 maantam
962 214 1013 290 nt
1038 210 1225 291 avano.
1253 208 1470 291 rotans.
1520 212 1627 290 car.
1657 215 1685 293 t.
2063 213 2115 288 ao
2225 180 2229 189 '

69 393 216 464 licitur:
248 390 449 483 Accepistis
478 393 643 482 spiritum
670 394 875 486 adoptionis
896 392 1065 474 liliomm,
1116 384 1212 460 Ante
1235 388 1387 473 me'est,
1419 389 1459 463 id
1480 403 1550 474 est,
1585 391 1821 482 praestantior
1844 380 2049 478 vocatione,
2075 406 2111 465 et

68 520 135 588 quo
163 496 367 566 clamamus
394 490 500 564 Abba
530 508 643 593 pater.
699 495 805 581 ltem,
838 495 962 569 lerem.
985 496 1065 569 st:
1116 491 1228 581 gloria
1252 515 1314 561 seu
1337 492 1515 583 potentia,
1541 506 1577 564 et
1598 493 1744 566 additur
1762 495 1869 567 ratio:
1897 493 1993 585 Quia
2009 494 2110 586 prior

68 597 167 669 Dabo
190 599 312 684 legem
337 618 452 666 meam
474 597 512 667 in
535 601 643 667 corda
661 622 799 673 eorum.
853 598 941 669 Item
958 590 1067 668 Zach.
1116 617 1172 662 me
1195 608 1264 679 est,
1289 595 1325 664 id
1349 607 1419 676 est,
1446 595 1600 685 primus,
1626 611 1774 688 propter
1796 620 1901 690 quem
1924 595 2021 667 Deus
2037 593 2109 668 Ec·

70 703 139 774 ¹2:
162 697 370 769 Effundam
387 723 494 790 super
510 702 658 770 domum
674 698 790 771 David
806 701 971 794 spiritum
987 722 1067 788 gra·
1116 696 1257 766 clesiam
1281 711 1313 766 et
1338 696 1462 787 elegit,
1494 711 1527 768 et
1550 699 1686 768 salvare
1710 700 1804 782 vult,
1830 701 1948 792 etqui
1970 699 2107 790 primus

68 804 132 873 tia'e
151 815 189 872 et
217 826 381 893 precum.
441 800 553 873 Vocat
578 800 753 893 Spiritum
776 820 935 874 sanctum
961 803 1067 894 spiri·
1115 799 1183 868 fuit
1199 799 1341 869 adiutor
1355 813 1389 868 et
1403 800 1575 870 liberator
1589 801 1750 871 omnium
1767 802 1971 885 electorum,
1996 802 2109 888 Adae,

67 921 135 976 tom
155 906 324 994 gratiae,
348 905 386 973 id
410 912 492 989 est,
510 928 581 996 quo
604 906 1004 989 confirmanturcorda,
1027 917 1068 974 ut
1115 897 1215 985 Noe,
1248 897 1435 987 Abrahae,
1466 916 1500 974 et
1529 903 1694 979 aliorum.
1744 900 1849 974 Hauc
1876 904 1997 973 iudico
2021 903 2107 972 situ-

65 1029 324 1097 sguoscamus,
350 1030 417 1075 nos
437 1030 510 1076 esse
531 1008 567 1074 in
587 1008 719 1095 gratia,
745 1005 860 1078 Deum
875 1032 949 1078 esse
963 1007 1068 1076 nobis
1117 1002 1345 1091 plicissimam
1383 1027 1457 1074 esse
1493 1005 1716 1076 sententiam.
1780 1005 1857 1076 Alii
1897 1004 2107 1099 particulam

63 1109 282 1199 propicium.
339 1106 450 1180 Vocat
466 1123 500 1179 et
512 1110 676 1202 spiritum
691 1133 848 1201 precum,
874 1135 945 1203 quo
960 1111 1067 1180 corda
1116 1103 1332 1200 ἔμπροσθεν
1362 1106 1631 1192 intellexerunt,
1664 1132 1781 1179 coram
1811 1133 1869 1178 me
1896 1123 1966 1193 est,
2000 1130 2108 1200 quam

60 1211 308 1303 impelluntur
336 1213 382 1279 ad
416 1234 534 1280 veram
566 1212 849 1292 invocationem,
893 1235 984 1306 quae
1014 1224 1068 1282 est
1117 1209 1444 1299 interpretationem
1469 1233 1543 1278 uon
1569 1207 1813 1303 reprehendo,
1838 1214 1898 1280 sed
1919 1210 2008 1280 serie
2025 1230 2108 1281 ora·

58 1315 284 1407 praecipuus
300 1313 437 1398 cultus,
460 1327 494 1385 et
510 1313 655 1384 initium
670 1315 903 1386 obedientiae.
1117 1309 1226 1380 tionis
1262 1334 1427 1390 moveor,
1469 1326 1509 1381 ut
1544 1313 1691 1383 alteram
1728 1314 1938 1384 sententiam
1968 1334 2107 1406 sequar.

1116 1411 1284 1483 Testatur
1305 1436 1388 1501 ergo
1404 1410 1563 1505 Baptista
1580 1413 1747 1486 Messiam
1774 1416 1984 1486 antecellere
2002 1436 2109 1484 vocs-

1116 1514 1214 1584 tione
1244 1527 1281 1585 et
1304 1516 1472 1605 potentia.
1535 1515 1631 1606 Quia
1654 1533 1797 1588 vocatus
1821 1530 1967 1588 estnon
1989 1515 2107 1585 solum

48 1658 124 1727 ,ab
147 1667 322 1748 peccato,
349 1666 384 1723 οἱ
404 1678 504 1723 ,eum
522 1654 595 1723 im
611 1652 700 1741 Dei,
725 1680 800 1726 non
819 1669 870 1727 es,
885 1667 1065 1743 acceptum
1117 1630 1156 1736 ut
1178 1617 1223 1687 sit
1248 1620 1391 1703 doctor,
1417 1632 1457 1687 ut
1472 1618 1599 1689 caeteri
1615 1620 1788 1705 ministri,
1813 1621 1873 1690 sed
1890 1633 1931 1689 ut
1944 1620 2005 1688 frat
2022 1640 2107 1714 pro-

47 1756 154 1843 Deo,
200 1758 267 1828 sed
295 1756 519 1846 recipiuntur
545 1758 729 1828 credentes
762 1772 908 1850 propter
939 1757 1065 1828 lilium.
1115 1719 1271 1839 Melam,
1288 1743 1352 1811 Ps⁰
1378 1743 1507 1843 ὅξῐξθῖθ
1526 1718 1706 1807 h⁰m³¹¹⁰s
1732 1721 1963 1841 θῑθῐξῑθῦθῃῖῑ
1979 1735 2107 1811 {¹⁰1⁰ss-

48 1857 123 1933 Εη
147 1874 188 1929 01
215 1858 368 1950 plenum
393 1858 549 1929 “nebris
572 1873 605 1930 e,
630 1861 835 1944 mendacio,
861 1860 898 1930 id
916 1874 987 1951 est,
1014 1873 1067 1932 est
1115 1836 1184 1907 tra,
1211 1846 1294 1916 quta
1311 1825 1555 1914 datbprrttum
1570 1838 1730 1894 sanctum
1745 1839 1781 1895 et
1794 1838 1902 1896 vatam
1917 1837 2108 1895 aeternam.

48 1964 135 2031 sine
163 1962 252 2031 luce
275 1974 308 2031 et
333 1960 465 2032 noticia
488 1962 587 2031 firma
608 1958 694 2045 Dei,
721 1978 839 2033 manet
861 1964 898 2032 in
922 1962 1065 2033 dubita·
1217 1958 1375 2033 Additur
1391 1975 1526 2032 autem:
1553 1960 1648 2052 Quia
1664 1963 1763 2054 prior
1776 1987 1833 2033 me
1851 1976 1913 2037 est.
1959 1959 1999 2032 ld
2015 1974 2108 2032 recte

48 2065 182 2147 tione,
213 2086 254 2133 ac
277 2063 368 2152 fugit
386 2059 501 2133 Deum
526 2078 588 2134 aut
611 2064 642 2132 ei
660 2064 842 2149 irascitur,
869 2064 981 2136 multo
997 2063 1065 2133 mi·
1115 2063 1158 2132 ad
1187 2061 1429 2133 aeternitatem
1454 2064 1625 2145 refertur,
1656 2089 1718 2135 seu
1741 2064 1886 2136 initium
1910 2062 2106 2137 Ecclesiae:

50 2191 127 2236 nus
159 2165 290 2254 diligit
314 2162 430 2236 Deum
460 2165 676 2237 iudicantem
709 2183 742 2236 et
766 2169 995 2258 punientem,
1030 2178 1067 2236 et
1115 2166 1195 2236 ideo
1218 2163 1369 2235 Messias
1389 2167 1585 2246 antecellit,
1617 2168 1702 2259 quia
1725 2167 1863 2258 primus
1884 2181 1937 2238 est
1961 2180 2107 2258 propter

52 2282 282 2339 onerantem
311 2261 382 2336 hoc
409 2267 586 2338 imbecille
610 2290 721 2357 genus
744 2270 853 2341 tantis
876 2268 1065 2339 aerumnis.
1115 2293 1219 2361 quem
1237 2265 1333 2337 Deus
1351 2266 1686 2357 elegitEcclesiam,
1712 2284 1874 2361 utsupra
1892 2268 2108 2353 dictumest,

52 2371 213 2441 Deinde
235 2368 375 2438 etiamsi
398 2393 488 2462 quae
511 2384 562 2441 est
581 2383 723 2440 externa
739 2371 928 2464 disciplina
945 2371 982 2439 in
998 2370 1062 2440 ali·
1115 2385 1149 2442 et
1177 2370 1245 2440 luit
1278 2369 1399 2439 efficax
1430 2369 1514 2438 inde
1542 2394 1654 2466 usque
1676 2372 1721 2442 ab
1745 2372 1850 2442 initio
1871 2372 1909 2441 in
1936 2366 2108 2445 Ecclesia.

56 2474 218 2566 quibus,
246 2465 335 2540 haec
351 2472 512 2540 nondum
528 2487 580 2545 est
594 2497 675 2541 vera
689 2474 847 2557 iusticia,
874 2476 933 2544 sed
950 2469 1065 2568 hypo-
1115 2469 1341 2542 Admirando
1368 2472 1518 2541 consilio
1544 2487 1689 2565 propter
1715 2498 1796 2545 eum
1821 2488 1984 2544 aeternus
2008 2487 2107 2563 pater

58 2575 166 2645 crisis
192 2574 274 2643 sine
296 2572 427 2642 noticia
450 2588 484 2644 et
507 2574 739 2645 conversione
764 2577 808 2644 ad
832 2573 958 2647 Deum.
1016 2571 1066 2646 Ut
1115 2574 1246 2667 recepit
1271 2573 1387 2664 lapsos
1410 2574 1544 2665 primos
1568 2590 1750 2668 parentes,
1784 2590 1820 2648 et
1843 2600 1963 2646 vocem
1987 2572 2107 2645 Evan-

58 2676 233 2770 qnamvis
251 2673 393 2745 Atticus
414 2689 468 2747 est
489 2672 659 2748 honestus
681 2678 755 2762 vir,
778 2692 896 2749 tamen
921 2679 965 2748 de
983 2701 1066 2769 pro·
1115 2676 1197 2769 gelii
1216 2677 1371 2775 primam
1391 2677 1522 2762 edidit,
1548 2702 1629 2748 cum
1647 2679 1752 2768 primi
1772 2692 1932 2769 parentes
1948 2678 2109 2770 oppressi

59 2778 228 2849 videntia
251 2777 412 2861 dubitat,
438 2790 472 2847 et
493 2780 711 2851 voluntatem
734 2775 843 2851 babet
864 2802 1065 2850 aversama
1116 2795 1230 2853 esseut
1260 2792 1394 2864 morte,
1436 2802 1501 2849 nec
1531 2794 1674 2871 possent
1702 2780 1801 2853 aliud
1828 2781 1997 2871 cogitare,
2036 2778 2109 2849 nisi

61 2879 162 2961 Deo,
193 2902 262 2948 nec
284 2902 366 2947 vere
383 2879 503 2964 timet,
529 2904 594 2952 nec
608 2881 726 2972 diligit
743 2880 875 2953 Deum:
901 2885 962 2952 sed
980 2906 1065 2953 con·
1116 2883 1186 2950 iam
1210 2905 1247 2952 se
1271 2882 1310 2950 in
1333 2896 1474 2952 aeterna
1497 2880 1551 2953 ira
1573 2905 1760 2953 mansuros
1784 2906 1869 2957 esse.
1921 2880 1991 2952 Hic
2011 2881 2108 2970 cogi-

62 2982 142 3053 lidit
163 2975 340 3051 humanis
362 2982 565 3073 praesidiis,
591 2979 748 3054 bumana
768 2985 962 3076 sapientia,
990 3007 1064 3053 non
1116 2999 1229 3056 temus
1248 2984 1364 3076 qualis
1381 2984 1505 3065 dolor,
1529 3008 1619 3077 quae
1635 2986 1866 3075 cogitationes
1882 2984 2017 3069 luerint
2031 2983 2108 3076 pria

65 3083 216 3154 conlidit
241 3082 308 3153 Dei
341 3084 487 3157 auxilio.
544 3083 642 3154 Haec
668 3083 1067 3179 atttitbesisdiligenter
1117 3109 1257 3156 morum
1282 3099 1480 3178 parentum.
1533 3083 1610 3157 Hos
1628 3087 1665 3155 in
1685 3102 1780 3158 tanta
1796 3086 1996 3173 moesticia,
2021 3108 2109 3178 pro·
2193 3139 2195 3145 .

65 3187 314 3270 considerata,
346 3181 515 3255 nonnihil
548 3188 703 3260 illustrat
733 3191 946 3261 vocabulum
973 3189 1066 3260 veri·
1116 3201 1196 3279 pter
1224 3189 1358 3270 filium,
1391 3201 1556 3259 aeternus
1588 3201 1687 3282 pater
1707 3213 1831 3261 rursus
1850 3188 1980 3274 erexit,
2014 3183 2108 3260 hanc

66 3290 166 3371 tatis,
195 3311 238 3357 ac
254 3288 361 3378 paulo
377 3303 456 3381 post
472 3292 663 3381 repetenda
680 3292 759 3362 erit.
1116 3290 1363 3360 liberationem
1389 3303 1423 3361 et
1444 3291 1600 3384 reliquas
1620 3291 1802 3362 mirandas
1815 3291 2044 3361 liberationes
2058 3292 2108 3360 si-

1116 3393 1258 3482 gnificat
1288 3391 1469 3484 Baptista,
1503 3418 1583 3463 cum
1613 3394 1679 3465 ait:
1711 3392 1876 3465 Primum
1906 3416 1979 3462 esse
2010 3387 2109 3465 hunc

115 3490 288 3564 loannes
309 3502 468 3565 testatur
488 3488 531 3564 de
554 3494 635 3594 ipso
656 3506 688 3567 et
705 3488 898 3590 clamitat,
926 3492 1066 3568 dicens.-
1116 3494 1323 3587 dominum‚
1350 3494 1499 3575 scilicet,
1527 3511 1671 3587 propter
1691 3521 1795 3591 quem
1817 3495 1973 3566 Ecclesia
1997 3494 2109 3567 electa

168 3595 251 3668 Hic
265 3605 346 3666 erut
362 3593 492 3696 dequo
506 3592 603 3669 dixi.
672 3600 675 3605 ’
1032 3590 1059 3659 s
1116 3611 1186 3683 est,
1213 3598 1427 3670 etsalvatur.
1481 3596 1518 3666 ld
1534 3598 1689 3670 declarat
1707 3599 1937 3694 sequentibus
1954 3598 2082 3669 verbis.

161 1447 309 1545 Estque
334 1445 523 1522 antithesis
546 1449 804 1521 consideranda
821 1450 859 1520 in
876 1445 944 1520 ltoc
960 1450 1066 1520 dicto.

51 1551 199 1624 Totum
219 1551 405 1646 reliquum
421 1574 532 1642 genus
549 1546 747 1625 humanum
764 1553 840 1622 sine
855 1550 998 1625 Christo
1016 1566 1067 1624 est

167 3746 376 3843 Aliquoties
398 3751 485 3823 citat
501 3750 649 3823 loannis
664 3750 845 3843 Baptistae
866 3756 1066 3843 conciones,

69 3869 103 3925 ut
126 3866 166 3924 et
189 3852 396 3924 testimonia
419 3855 498 3924 eius
514 3878 580 3925 nos
595 3856 827 3938 confirment,
853 3872 887 3928 et
902 3859 1065 3929 doctrina

69 3955 219 4028 rmdiat.
288 3952 492 4027 Plurimum
514 3957 608 4026 enim
635 3957 753 4028 valere
776 3960 880 4031 debet
905 3962 1065 4032 testimo-

70 4061 166 4130 nium
185 4058 266 4127 eius
282 4057 372 4141 viri,
397 4059 461 4152 qui
478 4061 524 4129 de
541 4061 643 4129 coelo
660 4080 783 4129 vocem
802 4064 935 4132 aeterni
955 4064 1065 4154 patris
1217 4075 1299 4145 Non
1328 4090 1467 4146 tantum
1497 4076 1674 4147 antecedit
1696 4074 1843 4146 caeteris
1866 4074 2035 4161 Messias,
2068 4093 2109 4149 ut
2215 4153 2220 4165 Ι

68 4160 226 4241 tndlvll,
251 4159 410 4245 (licentii,
430 4163 474 4231 (le
494 4156 656 4233 Christo:
682 4159 753 4232 Hic
775 4178 826 4236 edi
849 4164 944 4236 filltlss
966 4188 1065 4235 meus
1115 4176 1236 4250 Moses
1259 4179 1463 4251 antecelluit
1482 4176 1658 4263 Samueli,
1684 4192 1746 4248 aut
1769 4177 1866 4256 aliis,
1892 4201 2008 4271 neque
2026 4192 2108 4249 tan.

67 4265 227 4335 ‘mmm-
282 4259 384 4333 Vldll
406 4276 446 4351 el.
463 4262 638 4354 Spiritum
661 4279 821 4336 ‘antium
846 4269 1064 4337 defflssslffl·
1117 4299 1193 4354 tum
1212 4283 1314 4352 docet
1331 4280 1480 4350 Messias
1496 4295 1669 4360 caeteros,
1696 4282 1755 4347 sed
1774 4295 1825 4349 est
1842 4281 2057 4372 propiciator
2072 4297 2108 4352 et

69 4380 132 4435 lm
154 4367 201 4436 “l
219 4358 422 4438 Christum·
472 4363 778 4438 HOCfflifflffllssffl
797 4369 1064 4441 omniuml'ffl-
1114 4384 1334 4464 vivificator,
1360 4385 1488 4452 missus
1505 4399 1556 4454 est
1572 4397 1611 4453 ut
1627 4382 1674 4453 sit
1690 4380 1855 4467 victima,
1881 4396 1916 4454 et
1932 4397 2109 4454 mereatur

69 4462 257 4557 Pltfflfflm
288 4468 452 4538 minuti&
480 4469 570 4539 fflclfl
600 4483 762 4560 Superat,
796 4471 879 4563 qula
909 4467 967 4542 hic
995 4488 1064 4543 lm
1115 4488 1221 4557 nobis
1245 4485 1584 4556 reconciliationem.
1640 4482 1727 4554 ltem
1748 4498 1790 4554 ut
1813 4470 1858 4554 sit
1882 4485 2022 4567 efficax,
2047 4487 2109 4559 det

69 4594 239 4659 personae
261 4569 462 4641 divinitatis
484 4570 617 4644 illustri
639 4572 846 4642 discrimine
871 4598 908 4645 se
931 4574 1064 4666 patese-
1115 4586 1290 4680 spirirum
1317 4600 1478 4657 ,anctum
1502 4586 1703 4657 {amantem
1728 4587 1766 4654 in
1790 4586 2017 4659 credentibus
2039 4612 2106 4659 no-

68 4686 198 4744 strum·
256 4668 346 4743 Full
369 4671 480 4762 igliur
503 4673 709 4763 grtvlsssslmfl
731 4698 854 4759 ⁶³⁰⁸&
880 4700 945 4747 ⁶¹¹1·
965 4677 1064 4749 10⁸⁶·
1114 4716 1193 4761 vam
1210 4692 1343 4774 lucem,
1370 4701 1404 4759 et
1417 4689 1526 4758 vitam
1541 4703 1739 4775 aeternam,
1762 4703 1797 4759 et
1812 4689 1995 4760 resuscitet
2007 4713 2108 4761 mor-

68 4777 226 4847 monium
246 4771 396 4844 loannis
408 4778 670 4846 'recensendum
686 4778 844 4862 duxerit,
872 4794 977 4873 atque
991 4780 1064 4850 uti·
1115 4807 1214 4871 tuos,
1239 4816 1279 4861 η
1294 4792 1405 4862 donet
1423 4792 1531 4862 vitam
1549 4806 1740 4866 aeternam,
1792 4788 1897 4860 Hane
1912 4806 2014 4863 vocat
2029 4793 2106 4884 pte.

69 4902 143 4948 nam
169 4877 294 4969 plures
314 4892 350 4949 et
374 4878 554 4967 longiores
573 4880 649 4947 eius
666 4879 855 4951 conciones
871 4882 1064 4953 recitasset.
1114 4893 1337 4976 nitudinem,
1370 4894 1500 4980 idest,
1531 4895 1696 4966 meritum
1720 4892 2041 4982 reconciliationis,
2072 4912 2108 4969 et

69 4976 326 5073 complectitor
351 4993 469 5050 autem
495 4981 629 5050 dictum
652 4978 833 5073 Baptistae
857 4984 1065 5074 praecipuos
1095 4996 1310 5089 potentiam
1333 5021 1394 5068 seu
1418 4997 1622 5071 efficaciam,
1673 4996 1727 5066 Ex
1753 4992 1822 5068 hoc
1838 4997 1967 5068 merito
1983 5011 2017 5068 et
2032 4998 2109 5070 effi.

71 5083 252 5167 ²¹llc¹¹l⁰⁸s
284 5082 332 5151 de
356 5105 506 5174 permut
532 5079 703 5167 M0⁸⁸5³02
729 5087 774 5154 (le
797 5085 995 5171 benefitii&
1019 5087 1065 5157 (¹⁸
1114 5100 1208 5170 cacia
1233 5123 1357 5171 omnes
1380 5100 1590 5192 accepimus.
1642 5098 1735 5171 Nota
1759 5116 1811 5172 est
1835 5101 1888 5169 vis
1912 5100 2110 5191 particulae

72 5185 271 5257 diffriffllfle
288 5181 387 5255 M⁰⁸l
406 5182 621 5255 θῑΜθῑὸῑδθ·
802 5267 804 5271 .
1113 5202 1325 5275 universalis
1362 5204 1401 5272 in
1440 5202 1661 5273 excludendo
1693 5203 1732 5271 in
1761 5197 1854 5272 hanc
1885 5203 2110 5281 sententiam.

161 5301 285 5375 Prima
302 5325 388 5394 pars
402 5302 566 5395 loquitur
579 5305 624 5374 de
639 5326 801 5396 persona.
856 5303 890 5375 Is
906 5307 967 5398 qui
986 5317 1064 5397 post
1114 5301 1253 5376 Omnes
1269 5306 1331 5400 qui
1350 5304 1524 5376 iusticiam
1542 5320 1577 5378 et
1593 5306 1702 5375 vitam
1720 5317 1897 5374 aeternam
1915 5303 2109 5393 accipimus

76 5428 120 5476 ne
146 5420 324 5477 venturus
355 5418 427 5491 est,
459 5405 497 5475 id
526 5418 599 5499 est,
623 5406 818 5481 'functurus
844 5405 962 5480 olliclo
988 5432 1064 5480 suo.
1113 5408 1160 5478 ab
1182 5402 1251 5479 boc
1271 5430 1347 5479 uno
1369 5406 1578 5497 accipimus,
1603 5429 1678 5477 uon
1697 5405 1840 5480 abalio.
1876 5399 2108 5495 -Complecti

1165 3822 1226 3891 Ex
1241 3814 1472 3915 plenitudine
1490 3818 1567 3889 eius
1584 3843 1707 3890 omnes
1721 3818 1925 3917 occepimus
1939 3818 2106 3915 gratiam

1215 3944 1285 4018 pro
1297 3920 1440 4016 gratia.
