4522 5782
102 206 220 291 -εεεε
345 206 449 289 xrtt.
498 205 536 285 a
569 172 1225 287 menisminorum
1250 203 1318 283 an
1342 200 1703 283 coaossuvsns.
1753 204 1913 288 car.1.
2049 212 2149 288 sess
2204 164 2208 173 '

105 406 217 470 nus,
253 381 387 456 scilicet
411 382 494 456 lide.
546 375 751 472 Exponitur
773 390 890 453 autem
912 374 1000 452 haec
1028 380 1103 472 ipsa
1256 376 1310 452 Ac
1331 380 1448 451 dicere
1466 373 1650 452 Christum
1671 404 1736 473 per
1755 381 1918 453 accidens
1942 380 2140 476 iustificare,

107 485 277 559 doctriua
304 476 483 578 copiosius
514 482 618 555 Pauli
642 484 761 552 verbis
798 483 837 552 iu
866 480 1043 576 Epistola!
1058 487 1103 556 ad
1154 484 1347 554 execranda
1366 495 1419 552 est
1441 476 1671 574 blasphemia.
1724 481 1813 556 Cum
1838 497 1954 555 autern
1977 489 2140 579 proposi-

108 584 319 672 Romanoa,
345 587 410 657 ubi
433 582 601 657 antithesi
624 584 839 656 illustrator:
865 582 920 656 Ex
937 586 1103 677 operibus
1152 586 1215 672 tio,
1242 582 1330 655 Fide
1344 584 1586 670 iustificamur,
1612 597 1705 663 recte
1720 585 1944 678 intelligitur,
1970 589 2072 660 facile
2087 604 2139 663 εει

108 689 555 780 kgisuoniustibcabitur
571 686 688 756 omnis
702 710 798 757 caro.
850 687 955 758 ltem:
981 685 1029 759 Ut
1045 701 1102 757 to-
1152 683 1402 758 Osiandricam
1423 686 1713 775 imaginationem
1728 688 1893 763 refutare.
1946 687 2138 762 Cumuni-

108 804 172 864 tos
194 792 351 861 muudus
374 790 420 861 sit
440 811 523 879 reus
542 785 637 875 Deo,
662 787 733 859 Sed
753 788 824 858 lide
843 789 1021 861 iustificati
1038 812 1100 880 pr·
1146 806 1250 859 'versa
1280 789 1452 879 scriptura
1484 790 1607 860 doceat
1635 789 1676 857 iu
1702 789 1835 859 indicio
1857 787 1925 861 Dei
1955 787 2136 864 homiuem

106 914 190 965 orm
211 887 396 965 babemus.
449 889 547 962 Haec
574 884 759 960 antithesis
793 913 931 982 semper
951 890 990 959 iu
1013 915 1100 961 con·
1147 915 1215 983 per
1236 890 1514 961 misericordiam
1538 889 1614 959 ficri
1638 891 1790 975 iustum,
1815 887 1967 976 bocest,
1993 894 2137 984 placen-

107 1006 235 1087 spectu
258 992 318 1065 sit.
369 992 412 1064 ln
433 1016 518 1063 vero
539 1013 651 1082 agone
671 1004 707 1062 et
730 990 863 1062 iudicio
885 990 953 1062 Dei
978 1015 1099 1063 omues
1150 1008 1220 1065 tem
1244 1005 1277 1062 et
1301 1008 1480 1082 acceptum
1512 992 1612 1078 Deo,
1648 994 1874 1066 manifestum
1906 1007 1958 1065 est
1989 996 2136 1066 alteram

102 1089 277 1165 homines
294 1094 332 1163 iu
350 1089 416 1167 bac
430 1097 620 1187 depravata
641 1106 769 1164 ustura
791 1107 984 1183 agnoscant
1006 1089 1099 1163 hanc
1146 1094 1426 1186 propositionem
1451 1094 1651 1165 dissentire:
1687 1091 1805 1165 Homo
1828 1109 1878 1166 est
1894 1095 2024 1180 iustus,
2050 1098 2134 1193 quia

105 1196 338 1268 concionem:
377 1195 457 1269 Non
486 1196 597 1265 intres
622 1193 661 1264 in
693 1193 866 1267 iudicium
891 1219 972 1266 cum
996 1218 1098 1266 servo
1148 1194 1247 1267 Deus
1263 1211 1381 1268 movet
1395 1219 1476 1266 eum
1492 1197 1535 1264 ad
1554 1195 1644 1266 iusta
1664 1197 1835 1281 iacienda,
1850 1198 1941 1269 sicut
1954 1193 2135 1270 Osiandcr

103 1310 195 1384 tuo,
219 1299 304 1393 quia
326 1322 400 1368 uon
416 1296 666 1370 iustificabitur
683 1296 721 1366 in
737 1310 926 1389 conspectu
942 1312 1004 1369 too
1020 1322 1097 1368 om·
1148 1299 1349 1384 contendit,
1375 1310 1410 1368 ει
1431 1297 1552 1367 delinit
1573 1292 1764 1367 iusticiam:
1801 1297 1943 1369 lusticia
1967 1313 2019 1371 est
2044 1324 2134 1395 quae

106 1400 169 1471 rtis
185 1399 318 1470 vivens.
370 1397 457 1471 ltem
474 1397 550 1473 lob.
568 1397 648 1470 19.:
677 1395 789 1485 Vere,
815 1398 888 1469 scio
909 1402 1005 1493 quod
1023 1423 1096 1469 uon
1147 1415 1267 1470 movet
1291 1397 1453 1469 homiues
1472 1401 1515 1467 ad
1541 1399 1866 1471 iustalaciendum.

105 1502 159 1573 sit
180 1495 292 1571 homo
314 1499 427 1573 iustus
446 1525 564 1571 coram
578 1496 675 1585 Deo.
725 1496 774 1572 Et
789 1514 931 1572 econtra
957 1501 1095 1571 intuea·
1247 1499 1325 1573 Etsi
1343 1515 1459 1572 autem
1477 1524 1599 1570 verum
1615 1514 1680 1586 εει,
1699 1525 1777 1572 cnm
1795 1501 1863 1572 lide
1881 1501 2051 1594 recipitur
2066 1499 2133 1574 bo·

105 1618 196 1674 mur
216 1599 307 1674 hauc
330 1627 449 1674 veram
467 1601 767 1688 consolationem,
805 1604 902 1696 qnod
924 1602 1094 1674 immensa
1145 1626 1225 1689 mo,
1250 1598 1409 1688 horest,
1434 1602 1562 1674 fiducia
1584 1602 1863 1690 misericordiae,
1889 1603 2131 1676 simulDeutu

107 1705 287 1797 sapientia
315 1720 351 1778 et
372 1702 641 1776 bonitateDeus
662 1703 798 1776 miserit
814 1705 947 1790 lilium,
972 1718 1007 1775 et
1030 1729 1093 1775 vo·
1145 1705 1319 1775 ellicacem
1348 1727 1422 1774 esse
1451 1703 1489 1772 iu
1523 1705 1712 1774 credente:
1752 1719 1868 1776 tamen
1894 1704 1956 1775 illa
1983 1728 2132 1802 sequeus

100 1806 218 1877 luerit
239 1828 319 1876 eum
343 1807 419 1878 lieri
437 1807 635 1891 victimam,
667 1820 699 1876 et
715 1805 799 1878 velit
816 1807 866 1876 sic
887 1819 921 1877 ει
938 1830 1011 1876 uon
1027 1806 1093 1876 ali·
1146 1808 1285 1877 novitas
1302 1830 1375 1876 nou
1393 1819 1443 1876 εει
1461 1805 1520 1889 id,
1544 1807 1802 1898 propterquod
1824 1830 1973 1898 persona
1990 1822 2130 1901 accepta

105 1919 166 1979 ter
180 1907 359 1979 remittere
373 1923 532 2000 peccata,
560 1920 594 1978 et
610 1907 791 1978 restituere
807 1908 845 1977 iu
870 1909 974 1979 nobis
989 1909 1092 1980 iusti·
1145 1921 1214 1990 est,
1237 1909 1299 1978 sed
1321 1918 1458 1998 semper
1480 1921 1618 1998 oportet
1636 1910 1840 1999 praelucere
1862 1908 1988 1994 fidem,
2014 1909 2049 1978 id
2069 1924 2131 1995 εει,

105 2008 202 2081 ciam
225 2024 261 2084 ει
282 2009 409 2097 vitam,
438 2026 472 2080 et
497 2010 674 2079 vivificare
700 2004 862 2079 homines
883 2010 972 2095 lide,
1011 2032 1091 2080 cum
1144 2009 1307 2079 fiduciam
1337 2007 1620 2091 misericordiae,
1660 2009 1755 2080 iuxta
1789 2008 1901 2080 dicta:
1946 2007 2130 2085 lustilicati

105 2112 261 2183 caedum
274 2133 311 2181 se
326 2124 470 2204 propter
484 2112 598 2181 hlium
615 2111 843 2182 mediatorem
860 2113 966 2201 gratis
982 2111 1092 2202 recipi
1142 2111 1211 2181 fide
1232 2135 1351 2204 pacem
1373 2106 1554 2180 habemus.

101 2224 142 2284 et
155 2213 356 2295 iustificari,
377 2237 452 2284 non
470 2226 615 2304 propter
628 2212 722 2310 ullas
741 2226 880 2284 nostras
896 2214 1042 2284 virtutes
1059 2225 1092 2284 et

103 2336 235 2407 opera,
255 2314 344 2393 sicut
361 2312 446 2386 baec
463 2312 596 2387 Paulus
619 2313 660 2382 in
673 2310 835 2407 Epistola
847 2316 893 2386 ad
907 2313 1092 2388 Romanos

101 2415 282 2510 prolixius
305 2419 422 2489 tradit.

211 2514 265 2588 Ac
292 2518 465 2608 significat
484 2514 592 2587 Fides
618 2539 694 2585 non
718 2517 885 2588 noticiam
909 2513 1092 2605 historiae,
1244 2517 1357 2612 Saepe
1371 2520 1498 2613 repetit
1514 2521 1729 2591 mentionem
1746 2519 1955 2605 ministerii,
1982 2533 2022 2591 ut
2037 2522 2126 2590 scia-

103 2619 225 2715 qualis
244 2633 279 2689 et
301 2621 340 2689 iu
360 2619 513 2690 diabolis
534 2629 606 2704 est,
630 2623 693 2688 sed
716 2642 896 2689 assensum
920 2644 992 2714 quo
1014 2644 1092 2691 am·
1143 2645 1222 2692 mos
1247 2623 1326 2692 voci
1351 2622 1426 2692 eius
1458 2623 1673 2692 credendum
1707 2646 1801 2704 esse,
1842 2622 2035 2695 sicutvoci
2058 2620 2125 2693 Dei

100 2720 296 2816 plectimur
311 2720 591 2813 promissionem.
638 2717 770 2792 Paulus
784 2722 992 2792 correlative
1006 2747 1091 2793 con·
1143 2723 1311 2794 decoelo
1334 2723 1493 2809 sonanti,
1525 2724 1614 2795 sicut
1642 2725 1758 2794 Moses
1782 2738 1817 2796 et
1840 2720 2039 2815 Prophetae
2068 2724 2125 2793 di-

102 2822 220 2895 nectit
235 2821 340 2892 fidem
362 2836 398 2894 et
412 2821 681 2914 promissionem
697 2820 803 2895 Rom.
818 2821 875 2908 4.,
902 2838 934 2894 ει
950 2837 1092 2894 enarrat
1142 2840 1250 2898 cunt:
1292 2823 1388 2895 Haec
1417 2826 1557 2896 locutus
1578 2839 1629 2896 est
1650 2825 1838 2899 Dominus.
1899 2823 2046 2896 Necesse
2075 2839 2126 2898 cst

101 2924 322 2995 vocabulum
341 2918 472 3015 Ephes.
496 2924 550 2997 h:
581 2922 651 2993 Per
671 2948 776 3016 quem
802 2927 972 2995 audemus
994 2949 1091 2995 acce·
1143 2928 1237 2997 enim
1269 2922 1462 2997 Ecclesiam
1492 2941 1621 2997 certam
1651 2950 1750 3019 esse,
1791 2928 1887 2999 uude
1916 2943 2054 3019 accepta
2079 2927 2126 2999 sit

103 3027 195 3097 dere
214 3025 253 3095 iu
272 3027 424 3112 fiducia,
462 3048 554 3122 quae
577 3039 630 3096 εει
652 3049 716 3116 per
739 3025 843 3094 fidem
871 3027 992 3116 ipsius.
1044 3025 1091 3098 Et
1142 3029 1319 3113 dourina,
1357 3052 1463 3122 quam
1488 3027 1651 3119 Apostoli
1680 3028 1950 3113 circumierunt,
1985 3042 2017 3098 et
2042 3028 2124 3098 sciri
2166 3033 2172 3041 ’

101 3128 213 3200 fidem
246 3142 410 3221 oportere
443 3127 596 3219 intelligi
627 3126 794 3197 fiduciam
829 3127 1091 3199 misericordiae
1141 3152 1282 3200 necesse
1304 3144 1373 3220 εει,
1415 3130 1520 3200 aliam
1544 3151 1616 3198 εεεε
1645 3130 1842 3199 doctrinam
1871 3131 1975 3220 legis,
2016 3129 2123 3198 aliam

101 3241 253 3323 propter
272 3227 456 3304 Christum
479 3229 690 3322 promissae,
721 3229 873 3300 ostendit
895 3230 970 3321 ipsa
996 3231 1090 3301 auti·
1141 3228 1347 3319 Evangelii,
1382 3233 1477 3326 qnod
1500 3222 1732 3301 concionatur
1752 3233 1797 3301 de
1819 3230 2125 3323 promissionibus,

100 3326 237 3419 rhesis,
261 3356 342 3404 cour
357 3332 590 3403 certissimum
608 3331 655 3402 sit
670 3325 832 3401 homiues
848 3345 990 3423 propter
1005 3357 1089 3423 pro·
1142 3357 1233 3428 qnae
1268 3346 1350 3403 suut
1384 3346 1480 3403 extra
1511 3347 1545 3404 et
1576 3354 1681 3423 supra
1716 3333 1933 3404 intellectum
1961 3335 2121 3402 omnium

100 3430 204 3527 prius
220 3435 367 3505 virtutes
382 3448 417 3505 et
432 3456 540 3522 opera
560 3455 634 3502 uon
646 3452 730 3501 'esse
745 3432 854 3502 iustos
870 3457 987 3502 coram
1002 3433 1090 3521 Deo,
1141 3449 1399 3521 creaturarum,
1424 3447 1459 3506 et
1482 3447 1565 3504 suut
1587 3457 1628 3504 er
1652 3433 1733 3505 sinu
1757 3436 1888 3506 aeterni
1907 3433 2015 3525 patris
2040 3458 2123 3526 pro-

1141 2274 1202 2353 Νι
1220 2274 1485 2351 dimoveamini
1498 2303 1522 2349 a
1537 2301 1600 2378 spa
1618 2274 1826 2374 Evangelii
1838 2289 1918 2368 eta,
1944 2279 2047 2352 cuius
2064 2304 2129 2376 ego
2211 2342 2214 2347 .

1375 2375 1521 2453 Paulus
1545 2406 1627 2452 som
1649 2382 1819 2453 minister
1835 2392 1898 2458 etc.

101 3536 167 3607 sed
194 3557 257 3625 per
276 3535 571 3619 misericordiam,
595 3548 635 3605 ut
663 3530 823 3604 Psalmns
844 3535 980 3629 inquit:
1007 3536 1089 3609 Sal·
1140 3539 1231 3609 latae
1265 3560 1328 3626 per
1359 3537 1485 3611 filium.
1535 3530 1583 3606 Et
1610 3536 1757 3606 tradidit
1789 3534 1886 3607 Deus
1921 3535 2122 3606 testimonia
2251 3562 2254 3567 ·

102 3658 193 3707 vum
209 3660 267 3707 me
279 3635 771 3729 lscproptermisericordiam
788 3648 903 3708 tuam:
918 3635 1089 3733 Sequitur
1139 3635 1325 3727 Evangelii
1349 3637 1517 3707 omnibus
1541 3639 1758 3727 temporibus
1783 3639 1867 3708 inde
1883 3660 1994 3730 usque
2012 3661 2031 3707 a
2047 3636 2123 3728 pri-

100 3738 322 3820 necessario,
347 3738 453 3810 fidem
470 3737 736 3827 intelligendam
751 3759 824 3805 esse
842 3739 1004 3811 fiduciam
1019 3744 1089 3813 mi·
1139 3762 1196 3808 tua
1217 3739 1442 3809 revelatione.
1494 3736 1590 3807 Haec
1605 3739 1725 3809 omnia
1748 3739 2003 3810 consideranda
2025 3750 2120 3824 suut,

98 3838 320 3911 sericordiae
343 3854 486 3932 propter
512 3839 624 3909 lilium
645 3839 849 3929 promissae.
900 3841 996 3932 Quia
1019 3846 1089 3915 mi·
1140 3842 1283 3934 quando
1318 3840 1509 3911 ministerii
1539 3839 1595 3910 sui
1622 3840 1831 3931 dignitatern
1861 3837 1993 3910 Paulus
2024 3862 2121 3909 com-

101 3940 298 4012 aericordia
321 3942 423 4013 aliter
438 3935 656 4032 apprehendi
677 3963 750 4009 nou
766 3953 898 4031 potest,
923 3945 993 4014 nisi
1007 3949 1087 4030 lide,
1138 3955 1322 4015 memorat.

100 4055 143 4113 et
164 4043 371 4164 asseverari
382 4045 427 4114 de
455 4041 696 4113 misericordia
724 4038 817 4160 pibil
845 4060 991 4167 posset,
1018 4050 1085 4119 nisi
1139 4103 1296 4180 Gaudeo
1320 4106 1359 4176 in
1382 4103 1761 4205 afflicuonibusmm
1816 4116 1848 4175 et
1870 4107 1919 4176 im
1947 4106 2002 4180 ιω
2073 4105 2124 4180 od

101 4166 295 4238 promissio
315 4147 408 4217 edcta
431 4158 539 4228 esset,
571 4145 667 4238 quod
691 4143 784 4212 lilius
807 4150 912 4219 uobis
934 4150 1087 4224 donatus
1511 4184 1514 4195 ι
1770 4157 1781 4191 ’
1919 4133 1945 4207 Ρ
2023 4133 2071 4207 9¹¹

101 4258 177 4329 est,
203 4247 292 4317 sicut
307 4245 438 4318 Paulus
453 4244 586 4340 iuquit:
611 4246 741 4318 Sumus
755 4245 874 4319 dilecti
891 4252 929 4320 iu
945 4252 1086 4328 dilecto.
1306 4205 1399 4281 dmi
1422 4207 1694 4309 “sslillmlbus
1719 4199 1867 4278 Chfiill
1889 4220 1949 4280 ⁶¹⁶·

103 4344 159 4418 ita
177 4370 218 4416 ex
235 4349 310 4439 ipsa
326 4344 491 4420 antithesi
513 4338 711 4417 firmissime
730 4351 948 4434 ostenditur,
982 4356 1086 4424 tidem
1240 4339 1449 4415 Offenditur
1477 4328 1592 4415 autem
1619 4341 1709 4413 ratio
1743 4342 1855 4434 specie
1881 4343 2006 4414 Crucis
2027 4359 2061 4415 et
2081 4346 2120 4416 iu

102 4446 374 4538 intelligendam
394 4464 467 4519 ess'e
481 4448 645 4519 fiduciam
666 4450 928 4525 misericordiae
942 4469 1087 4546 propter
1138 4447 1346 4518 docentibus
1370 4458 1405 4516 ει
1429 4446 1466 4513 in
1490 4461 1562 4516 tota
1593 4438 1760 4512 Ecclesia.
1821 4442 1905 4514 ldeo
1937 4447 2121 4520 confirmat

99 4549 220 4621 filium
235 4552 444 4643 promissae,
467 4565 501 4622 et
519 4551 566 4621 ita
581 4551 847 4643 complectimur
863 4579 985 4626 omnes
1000 4559 1087 4629 arti.
1137 4547 1329 4618 Ecclesiam
1351 4547 1531 4618 mentione
1558 4545 1788 4614 afflictionum
1816 4567 1978 4631 suarum,
2020 4550 2121 4642 qssasi

100 4652 207 4723 culos
229 4652 310 4722 bdei
332 4675 393 4725 seu
416 4652 581 4748 symboli.
1139 4651 1248 4720 dicat:
1281 4645 1430 4718 Etiamsi
1449 4671 1571 4718 sumus
1591 4647 1737 4727 subiecti
1763 4648 1857 4716 cruci
1877 4673 1941 4718 uos
1955 4648 2118 4740 Apostoli

207 4754 262 4823 Ac
284 4755 396 4826 sciant
419 4754 575 4824 iuniores
597 4753 690 4822 idem
716 4753 904 4844 significari
926 4751 982 4827 bis
1004 4782 1086 4847 pro.
1139 4765 1173 4822 ει
1187 4746 1356 4831 Ecclesia,
1371 4764 1488 4820 tamen
1502 4749 1625 4818 scitote
1640 4770 1757 4816 veram
1774 4773 1894 4819 vocem
1911 4773 1984 4821 esse
1999 4748 2119 4820 Evan-

99 4853 361 4951 positionibns:
384 4854 484 4926 —Fide
503 4854 754 4940 iustificamur,
782 4871 833 4941 ει,
858 4853 928 4926 Per
950 4860 1086 4929 miseri·
1138 4854 1238 4943 gelli,
1266 4866 1298 4921 et
1316 4876 1397 4921 vere
1414 4853 1463 4920 sic
1478 4850 1594 4940 colligi
1614 4845 1827 4930 Ecclesiam,
1854 4864 1888 4922 et
1910 4875 1986 4921 eam
2007 4873 2120 4944 usque

102 4955 264 5026 cordiam
299 4973 444 5048 propter
475 4957 587 5027 lilium
608 4956 819 5046 promissum
845 4959 1086 5034 iustificamur.
1138 4957 1182 5024 acl
1200 4953 1430 5023 novissimum
1447 4952 1617 5021 iudicium
1634 4951 1728 5020 iuter
1744 4951 1892 5041 imperia
1910 4952 2035 5020 mundi
2052 4952 2119 5020 snb
2225 4984 2228 4989 ·

99 5054 198 5129 Sunt
222 5058 316 5127 enim
340 5059 567 5130 correlativae
585 5058 863 5149 propositiones,
896 5074 931 5130 et
952 5062 1086 5133 utrius-
1139 5080 1240 5125 cruce
1271 5056 1425 5122 futuram
1458 5075 1559 5137 esse,
1607 5065 1640 5123 ει
1669 5066 1788 5123 tamen
1819 5052 2029 5122 mirabiliter
2058 5075 2120 5143 per

100 5181 174 5253 que
197 5160 450 5252 propositionis
474 5159 603 5231 veritas
632 5161 776 5230 immota
800 5174 869 5240 est,
909 5175 948 5232 ut
970 5164 1086 5232 nomi·
1139 5158 1251 5226 lilium
1272 5152 1337 5224 Dei
1364 5155 1583 5239 conservari,
1608 5155 1703 5225 iusta
1725 5154 1835 5223 dicta:
1866 5151 1937 5240 Qui
1962 5153 2036 5224 vult
2063 5177 2119 5224 me
2207 5191 2214 5204 ·

98 5275 238 5332 uantur
261 5262 519 5354 propositiones
554 5283 657 5332 verae
680 5283 820 5352 perse,
850 5284 923 5332 uon
946 5287 1008 5356 per
1029 5288 1085 5333 ae.
1119 5258 1249 5353 sequi,
1275 5257 1376 5329 tollat
1392 5280 1529 5326 crucem
1544 5279 1653 5339 suam,
1668 5268 1701 5323 et
1714 5267 1880 5345 sequatur
1896 5278 1961 5327 ιιιε.
2015 5254 2118 5326 ltem:

97 5362 235 5436 edens.
1123 5354 1277 5430 'Omnes
1302 5358 1364 5453 qui
1388 5357 1445 5450 pie
1470 5358 1587 5427 vivere
1608 5356 1728 5427 volent
1750 5355 1788 5423 in
1811 5348 1976 5444 Christo,
2000 5380 2121 5450 perse·
