4522 5782
91 178 162 269 ast
252 142 316 318 ’ἡ
376 194 476 271 nst.
527 200 566 273 ε.
592 191 894 289 nonnemo
917 132 1076 281 nens.
1098 192 1248 275 raon
1273 190 1344 269 ao
1368 190 1631 285 nouenos
1680 200 1787 283 cae.
1800 203 1843 282 x1.
2043 182 2131 321 jen
2241 198 2247 221 ⁹

96 365 225 456 gradus
254 366 400 463 qnidam
422 363 630 456 hominum,
668 369 803 464 quibus
818 373 1009 469 praecipue
1024 376 1086 449 de·
1136 369 1232 441 libus
1261 369 1373 449 deest:
1413 366 1517 441 Bona
1554 373 1790 464 conscientia,
1832 391 1867 451 et
1903 383 2127 456 moderatum

95 471 463 561 lectanturpotentes:
540 533 548 542 .
1137 471 1339 545 consilium.

118 562 123 597 ³
143 562 264 663 dflioc
278 565 439 662 μάλιστα
452 573 531 654 τοῖς
546 572 723 668 πονηροῖς
741 567 888 666 ἥδεται,
1231 566 1453 644 Ἀσύνθετοι
1484 597 1559 644 non
1585 589 1764 648 servantes
1792 596 1891 671 pacta
1914 585 1952 654 in
1968 588 2121 676 promis·

143 663 296 765 πράττει
312 666 367 743 dd
383 667 497 756 κόλαξ
510 673 645 768 ἄριστα
659 668 813 748 πάντων
819 713 838 761 γ
857 666 1014 771 δεύτερα
1134 673 1296 745 sionibus
1325 670 1504 761 honestis,
1544 679 1783 750 contractibus
1813 697 1873 753 aut
1904 686 2119 771 foederibus,

146 767 167 844 ὁ
185 767 443 870 συκοφάντης,
459 772 479 846 ὁ
493 769 684 870 κακοήθης
704 773 813 870 τρίτα
827 774 933 875 λέγει.
1133 789 1168 847 et
1188 786 1249 846 aut
1271 777 1347 845 sine
1367 777 1441 847 ulla
1457 778 1681 849 excusatione
1703 781 1882 868 fallentes,
1908 801 1970 858 aut
1992 787 2119 880 sophi-

198 873 358 945 Primum
388 879 506 947 locum
536 878 662 948 tribuit
691 873 933 951 Adsentatori.
992 875 1083 949 Nam
1133 876 1218 953 stice
1240 877 1421 950 eludentes
1443 879 1624 969 promissa.
1680 878 1728 952 Ut
1748 879 1906 955 Thraces
1931 891 2023 979 pacti
2054 891 2117 960 tri.

99 970 156 1045 hie
171 976 397 1048 dulcissimus
413 992 473 1052 est.
506 978 693 1050 Proximus
708 992 759 1049 est
772 981 926 1064 delator,
947 1002 1009 1051 seu
1024 1003 1084 1049 su·
1132 979 1228 1069 ginta
1252 979 1390 1048 dierum
1414 978 1571 1050 indutias
1594 996 1700 1052 noctu
1719 984 1983 1075 populabantur
2005 1013 2118 1077 agros,

100 1098 220 1171 sucro,
258 1078 319 1169 qui
342 1079 409 1149 init
436 1081 582 1169 gratiam
609 1079 828 1172 perferendis
853 1081 1012 1163 labellis,
1043 1105 1083 1151 ac
1132 1079 1216 1173 quia
1240 1078 1380 1149 dierum
1404 1103 1479 1150 non
1509 1081 1667 1153 noctium
1691 1083 1846 1154 indutias
1872 1091 1963 1178 pacti
1991 1108 2115 1162 essem.

101 1178 531 1256 instruendiscalumniis.
567 1182 731 1253 Tertium
753 1181 871 1251 locum
893 1177 1000 1253 habet
1014 1206 1081 1254 κα·
1132 1183 1185 1252 Ac
1201 1182 1288 1252 adeo
1304 1182 1424 1251 crebra
1441 1193 1524 1251 sunt
1539 1182 1707 1280 perfidiae
1724 1189 1901 1278 exempla,
1921 1205 1961 1262 ut
1976 1193 2113 1263 dietum

98 1271 258 1372 κοήθης,
289 1280 471 1372 quinovit
495 1284 653 1353 alludere
675 1283 720 1351 ad
743 1279 890 1353 Domini
912 1286 1082 1369 adfectus,
1134 1280 1275 1372 Virgilii
1293 1284 1460 1352 omnibus
1475 1283 1514 1350 in
1535 1306 1596 1353 ore
1619 1284 1682 1354 sit:
1710 1284 1892 1378 Nusquam
1918 1304 1991 1363 tuta
2017 1293 2114 1365 fides.

99 1381 191 1451 bono
224 1382 343 1452 studio
379 1383 468 1454 iacta
501 1407 599 1456 secus
630 1385 873 1477 interpretari,
913 1385 996 1456 odia
1025 1386 1081 1454 in·
1132 1381 1237 1454 ltem:
1263 1381 1365 1471 Quos
1382 1385 1494 1454 credis
1519 1384 1625 1468 fidos,
1652 1385 1788 1476 effuge,
1816 1403 1912 1461 tutus
1936 1393 2014 1463 eris.
2066 1391 2115 1466 Et

98 1483 257 1554 tendere.
1131 1485 1222 1555 illud
1251 1480 1476 1576 Epicharmi:
1518 1488 1616 1580 νῆφε
1640 1481 1704 1558 καὶ
1732 1484 1902 1583 μέμνησο
1933 1489 2112 1579 ἀπιστεῖν,

200 1584 418 1681 θεοστυγεῖς
435 1585 509 1655 εἶτε
538 1587 651 1658 active
680 1586 755 1658 sive
783 1587 920 1680 passive
952 1586 1080 1678 accipi·
1130 1583 1260 1683 ἄρθρα
1273 1590 1393 1659 ταῦτα
1408 1589 1572 1681 φρενῶν.

98 1698 174 1770 tur,
221 1684 394 1775 significat
439 1688 554 1778 palam
597 1691 874 1761 contumeliosos
913 1692 1081 1760 adversus
1222 1686 1417 1785 ’Άστοργοι
1424 1689 1515 1782 ,qui
1531 1686 1708 1757 naturales
1721 1690 1876 1761 adiectus
1891 1713 1970 1780 erga
1986 1717 2113 1784 paren-

98 1784 231 1872 Deum,
263 1787 386 1880 quales
419 1803 504 1860 sunt
532 1787 642 1861 ἄθεοι
665 1792 833 1862 omnibus
864 1790 1081 1882 temporibus
1131 1802 1202 1874 tes,
1228 1789 1407 1869 sobolem,
1431 1791 1573 1866 fratres,
1607 1802 1667 1859 aut
1688 1790 1779 1859 bene
1803 1793 1945 1862 meritos
1971 1810 2115 1866 exuunt.

97 1886 222 1966 multi,
256 1887 320 1981 qui
344 1913 388 1959 ne
410 1890 553 1983 quidem
579 1892 805 1962 dissimulant
827 1916 908 1964 suos
934 1894 1082 1972 furores,
1129 1889 1219 1960 Nam
1244 1884 1398 1986 στοργαὶ
1425 1904 1510 1961 sunt
1531 1891 1615 1958 boni
1639 1891 1814 1971 adiectus,
1841 1894 1922 1984 quia
1948 1891 2043 1965 Deua
2067 1898 2115 1965 ita

100 1988 189 2060 sieut
209 1985 407 2061 Mezentius
428 1996 522 2082 apud
548 1991 765 2082 Virgilium,
791 1989 1034 2064 Sennacherib
1049 2007 1083 2062 et
1131 1991 1291 2061 condidit
1306 1992 1433 2076 corda,
1457 1990 1663 2082 praesertim
1681 1993 1720 2060 in
1737 1987 1960 2075 hominibus,
1988 2010 2027 2066 ut
2043 2000 2113 2065 mi·

97 2084 274 2180 llapsaces
297 2092 336 2159 in
361 2087 510 2164 historia
534 2090 672 2168 Esaiae.
731 2089 931 2165 Antiochus
964 2094 1003 2162 in
1026 2089 1083 2162 hi·
1131 2092 1236 2161 rabili
1260 2094 1416 2186 quodam
1438 2092 1591 2162 naturali
1615 2091 1781 2162 incendio
1805 2109 1925 2166 ament
1945 2112 2111 2185 cognatos

99 2191 207 2262 uotis
228 2189 543 2285 Maccahaeorum,
583 2211 619 2268 et
644 2195 777 2267 similes
802 2197 947 2290 tyranni
969 2195 1082 2288 pluri·
1131 2207 1300 2286 tanquam
1332 2216 1414 2263 suae
1445 2207 1592 2262 naturae
1623 2207 1769 2282 partem.
1831 2192 1906 2265 lmo
1934 2196 1972 2266 in
2001 2213 2112 2268 matre

99 2291 169 2377 mi,
198 2291 262 2384 qui
275 2307 394 2383 aperte
409 2297 635 2385 profitentur,
661 2321 698 2367 se
713 2320 787 2367 esse
808 2294 925 2368 hostes
938 2294 1018 2371 Dei.
1131 2298 1240 2365 ubera
1270 2294 1404 2386 pectori
1426 2295 1545 2363 addita
1575 2308 1676 2378 sunt,
1709 2309 1854 2386 propter
1886 2291 1949 2364 has
1975 2321 2111 2369 causas:

188 2388 555 2489 Ἒφεορετὰςκακιόν
568 2399 731 2469 nominat
752 2399 954 2471 inventores
970 2423 1084 2470 novo·
1131 2394 1311 2481 Primum,
1349 2409 1390 2467 ut
1415 2396 1471 2465 lac
1491 2395 1620 2464 melius
1650 2409 1822 2487 coquatur
1843 2396 1960 2467 calore
1984 2402 2113 2476 cordis.

100 2517 177 2565 mm
195 2495 386 2580 scelerum,
412 2512 446 2567 et
471 2523 584 2570 novos
607 2514 748 2570 autores
768 2501 945 2572 malorum
966 2525 1084 2573 exem-
1132 2497 1292 2582 Deinde,
1317 2509 1359 2568 ut
1382 2521 1402 2567 a
1423 2498 1530 2567 corde
1547 2497 1651 2567 etiam
1665 2496 1810 2587 spiritus
1832 2510 1866 2568 et
1878 2522 1979 2568 amor
1995 2513 2112 2570 trans-

101 2596 262 2688 plorum,
287 2611 329 2668 ut
349 2596 503 2669 Lamech
524 2601 661 2691 primus
684 2601 843 2672 discessit
855 2609 883 2682 sa
899 2626 981 2672 vera
998 2627 1082 2672 con·
1129 2600 1301 2671 fundatur
1324 2600 1362 2667 in
1390 2598 1543 2682 loetum,
1576 2610 1610 2667 et
1640 2612 1787 2668 mutuus
1811 2622 1910 2668 amor
1940 2616 2110 2691 perpetuo

101 2697 188 2786 ingii
212 2697 452 2784 institutione,
475 2714 511 2769 et
523 2702 630 2772 simul
646 2704 767 2795 plnres
793 2727 919 2774 uxores
945 2699 1083 2784 habuit,
1129 2701 1254 2789 flagret
1278 2701 1372 2770 inter
1391 2713 1553 2790 parentes
1574 2710 1610 2771 et
1631 2713 1746 2769 natos.
1813 2701 1907 2770 Nam
1930 2701 1968 2771 in
1987 2702 2110 2775 bestiis

102 2813 134 2871 et
151 2794 247 2869 hunc
264 2800 430 2870 vitiosum
445 2825 579 2872 morem
598 2805 636 2872 in
646 2807 820 2874 mundum
836 2805 981 2885 invenit,
997 2830 1082 2874 con·
1130 2802 1348 2891 extinguitur
1363 2801 1531 2871 memoria
1548 2812 1735 2891 parentum
1751 2815 1785 2871 et
1801 2802 1944 2873 sobolis.
2113 2884 2117 2893 1

103 2914 151 2970 tra
168 2901 333 2969 ordinem
349 2900 583 2974 initioaDeo
600 2906 814 2978 institutum.
866 2905 973 2976 Tales
989 2920 1083 2991 sunt,
1230 2902 1437 2973 dediscant
1459 2902 1497 2971 in
1518 2897 1585 2971 hoc
1607 2902 1685 2971 loco
1708 2902 1874 2987 studiosi,
1899 2903 2110 2993 fugiendum
2212 2928 2216 2935 “

102 2999 219 3093 quiin
244 3000 336 3071 aulis
355 3005 553 3092 excogitant
573 3031 685 3077 novos
713 3020 911 3096 praetextus
933 3008 1082 3079 iniusta·
1130 3014 1164 3072 et
1194 3004 1455 3094 explodendum
1487 3025 1561 3072 esse
1588 3001 1789 3073 Stoicorum
1826 3009 2110 3101 errorem-‚qui

102 3124 176 3173 cum
199 3103 475 3192 expilationum,
501 3121 563 3178 aut
587 3109 649 3201 qui
672 3109 810 3197 lingunt
830 3131 952 3178 causas
978 3134 1082 3179 occu·
1129 3127 1252 3174 omnes
1268 3105 1425 3175 adiectus
1439 3104 1519 3175 tolli
1534 3105 1659 3174 volunt
1675 3128 1715 3174 ex
1732 3118 1868 3177 natura.
1923 3105 2112 3181 Manifeste

104 3203 209 3300 pandi
222 3203 351 3275 aliena.
403 3202 492 3275 Item
508 3206 739 3293 Mercatores,
764 3208 826 3301 qni
844 3233 953 3280 novas
967 3210 1083 3301 impo-
1129 3205 1224 3274 enim
1242 3206 1408 3275 reclamat
1424 3205 1480 3276 lex
1494 3206 1633 3289 divina,
1654 3230 1743 3298 quae
1757 3206 1857 3276 dicit:
1884 3206 2019 3295 Diligas
2034 3207 2109 3279 Do-

104 3320 213 3375 sturas
240 3307 456 3395 excogitant,
489 3324 629 3382 mutant
653 3312 743 3381 iusta
770 3312 882 3400 pretia
909 3327 1084 3395 monetae,
1129 3304 1390 3377 minumDeum
1405 3321 1504 3378 tuum
1522 3331 1562 3376 ex
1580 3319 1654 3378 toto
1671 3308 1790 3377 corde.
1840 3305 1948 3380 ltems
1975 3309 2110 3400 Diliges

103 3406 289 3477 inveniunt
318 3432 411 3478 nova
436 3432 622 3481 usurarum
644 3413 881 3496 incrementa,
915 3427 949 3484 et
971 3438 1082 3481 novos
1131 3407 1456 3498 proximum,sicut
1473 3423 1507 3479 te
1523 3409 1653 3500 ipsum.
1692 3403 1739 3479 Et
1757 3407 1901 3501 quidem
1914 3409 1952 3478 in
1969 3411 2110 3484 aeterno

104 3521 313 3597 praetextus.
364 3507 527 3604 Denique
545 3513 613 3583 late
630 3529 724 3603 patet
737 3509 806 3582 hoc
822 3515 973 3600 malum,
990 3514 1082 3582 mul-
1131 3524 1227 3599 patre
1242 3533 1366 3580 verum
1383 3524 1418 3581 et
1431 3512 1613 3582 ardentem
1629 3533 1784 3579 amorem
1800 3533 1874 3580 esse
1890 3534 1969 3600 erga
1986 3512 2112 3600 hlium,

105 3622 154 3679 tae
183 3632 298 3680 novae
329 3611 489 3697 fraudes,
524 3627 557 3682 et
587 3616 718 3685 multae
746 3616 952 3706 praestigiae
980 3639 1081 3685 exeo·
1131 3611 1241 3702 ipsius
1266 3636 1333 3680 vox
1355 3624 1524 3696 testatur,
1560 3636 1639 3680 cum
1673 3611 1808 3703 inquit:
1839 3610 1910 3683 Hic
1935 3626 1987 3684 est
2017 3616 2112 3686 filius

106 3711 259 3799 gitantur
286 3712 332 3783 ad
364 3716 560 3785 excusanda
590 3716 720 3786 scelera
756 3717 794 3784 iu
836 3719 959 3787 multis
991 3716 1082 3787 vitae
1132 3735 1230 3784 meus
1251 3713 1421 3793 dilectus,
1447 3737 1519 3805 quo
1542 3713 1708 3784 delector.
1741 3710 1787 3781 Et
1804 3714 1841 3782 in
1858 3710 1935 3783 Deo
1950 3736 2029 3803 erga
2046 3740 2113 3791 nos

103 3813 288 3904 negotiis·
1066 3892 1069 3897 ,
1131 3811 1294 3884 homines
1317 3837 1423 3883 verus
1448 3836 1549 3883 amor
1578 3827 1661 3898 ests
1692 3827 1732 3883 ut
1754 3815 1923 3902 scriptum
1949 3829 2014 3884 est:
2050 3817 2111 3887 Sic

155 3990 158 3995 ,
194 3905 403 3999 undenos,
435 3916 581 4002 luciosi,
612 3920 674 4011 qui
709 3919 802 3989 coeci
836 3930 958 3988 contra
986 3918 1080 3988 iudi·
1130 3915 1226 3986 Deus
1258 3914 1382 3985 dilexit
1410 3918 1582 3984 mundum
1615 3931 1682 3987 etc.
1741 3913 1783 3982 ln
1812 3915 1886 3982 lilio
1919 3916 2112 3988 mediatore

105 4016 194 4109 cium
209 4017 408 4087 communis
422 4040 544 4088 sensus
560 4034 670 4091 ruunt
685 4021 890 4112 praecipites
904 4021 941 4089 in
959 4021 1078 4089 omnia
1130 4038 1299 4105 magnum
1313 4038 1386 4085 esse
1405 4015 1609 4085 incendium
1624 4015 1755 4084 amoris
1777 4038 1855 4105 erga
1879 4039 1942 4084 nos
1959 4019 2112 4089 certissi-

93 4116 248 4202 'scetem
272 4130 307 4188 et
322 4117 391 4187 sibi
414 4120 499 4209 ipsis
522 4123 704 4193 manifesta
727 4121 881 4191 amentia
900 4136 1081 4192 accersunt
1133 4141 1228 4188 mum
1245 4130 1310 4188 est.
1358 4114 1521 4209 Suntque
1543 4118 1731 4205 impressae
1754 4110 1908 4212 στοργαὶ
1926 4113 2112 4189 hominurn

104 4218 265 4303 exitium,
298 4233 339 4290 ut
360 4216 533 4301 Catilina,
561 4219 720 4292 Thomas
746 4221 986 4307 Monetarius,
1021 4223 1081 4314 qui
1133 4230 1297 4299 naturae,
1323 4232 1363 4287 ut
1378 4218 1450 4287 sint
1467 4216 1822 4288 commonefactiones
1843 4219 1886 4287 de
1908 4241 2028 4290 amore
2053 4241 2139 4290 εε-Δ

104 4319 220 4391 iurens
235 4319 348 4389 movit
360 4322 571 4392 seditionem
587 4323 626 4392 in
642 4322 837 4414 Turiugia,
862 4337 897 4394 et
919 4324 1083 4394 multitu·
1134 4320 1225 4391 terni
1242 4318 1351 4412 patris
1367 4342 1446 4408 erga
1463 4320 1595 4405 lilium,
1620 4319 1655 4389 et
1678 4341 1758 4407 erga
1775 4341 1851 4392 nos.

104 4420 243 4506 dinem,
266 4445 356 4514 quae
371 4424 558 4493 temerario
574 4449 747 4497 concursu
771 4425 1001 4509 confluxerat,
1024 4449 1082 4493 ar·
1234 4419 1322 4491 Vult
1340 4421 1446 4510 igitur
1461 4418 1575 4501 Deus,
1599 4442 1672 4489 esse
1686 4420 1724 4487 in
1740 4421 1844 4490 nobis
1858 4415 2015 4491 adlectus
2028 4446 2113 4491 con-

105 4546 156 4592 ma
178 4545 303 4610 capere
330 4523 431 4592 iussit
463 4527 508 4592 ad
530 4526 699 4596 delendos
723 4527 857 4597 vicinos
890 4524 1084 4615 Principes,
1133 4538 1298 4610 gruentes
1311 4545 1394 4591 suae
1408 4522 1490 4613 legi.
1540 4518 1589 4592 Et
1611 4532 1693 4591 sunt
1714 4520 1826 4611 aliqui
1849 4522 1934 4590 boni
1956 4522 2114 4592 adiectus

104 4626 146 4693 ad
162 4623 385 4713 diripiendas
399 4624 614 4716 locupletum
639 4628 831 4699 facultates.
885 4624 991 4710 ltem,
1014 4625 1085 4696 Ne·
1135 4626 1173 4691 in
1194 4625 1331 4694 naturis
1353 4646 1427 4693 non
1458 4624 1682 4701 monstrosis,
1723 4622 1783 4713 qui
1809 4622 1944 4691 etiamsi
1972 4638 2116 4715 propter

102 4724 186 4795 bulo
209 4723 501 4795 Monasteriensis
518 4727 554 4795 iu
580 4724 805 4810 Westvalia,
833 4728 894 4821 qui
914 4751 951 4797 se
969 4728 1086 4798 nomi·
1134 4748 1357 4794 communem
1374 4741 1520 4794 naturae
1533 4723 1820 4813 depravationem
1833 4724 1966 4815 aliquid
1984 4721 2116 4794 habent

102 4827 211 4898 nabat
228 4823 364 4914 Regem
378 4828 501 4916 templi
519 4825 600 4904 Dei.
649 4827 753 4900 Hanc
777 4830 966 4900 amentiam
985 4852 1088 4919 saepe
1135 4826 1307 4915 contagii,
1332 4839 1450 4894 tamen
1474 4823 1570 4895 Deus
1592 4848 1651 4894 eos
1677 4826 1867 4914 adprobat,
1893 4839 1928 4895 et
1951 4825 2028 4894 vult
2057 4850 2116 4894 eos

102 4928 229 4998 dicunt
261 4921 458 5017 Prophetae
495 4953 651 5020 poenam,
682 4952 756 5003 esse
793 4930 1002 5023 impietatis,
1048 4943 1088 5000 ut
1135 4941 1227 4997 recte
1256 4927 1458 5015 gubernari.
1519 4925 1606 4995 Vult
1633 4939 1676 4997 ut
1697 4927 1845 4995 maritus
1867 4940 1960 4995 amet
1991 4929 2117 4995 coniu-

103 5023 230 5100 Esaiae
249 5025 308 5102 19.
342 5027 489 5099 Miscuit
516 5029 612 5100 inter
635 5054 694 5101 eos
713 5032 876 5123 spiritum
893 5032 1089 5120 vertiginis,
1136 5051 1234 5114 gem,
1262 5040 1424 5119 parentes
1447 5040 1567 5097 ament
1587 5041 1710 5109 natos,
1732 5027 1840 5095 frater
1860 5028 2022 5106 fratrem,
2051 5032 2115 5095 ad·

103 5131 287 5210 videlicet,
321 5143 489 5225 tanquam
512 5131 706 5202 infundens
730 5136 768 5201 in
790 5133 971 5224 poculum.
1030 5133 1089 5202 Sic
1137 5131 1246 5199 lectus
1260 5127 1431 5198 beneficio
1447 5129 1724 5210 benefactorem,
1749 5124 1823 5196 vult
1846 5122 2010 5195 homines
2033 5131 2118 5197 tali-

103 5226 266 5320 Pharao,
309 5228 397 5301 Saul
439 5233 561 5302 etalii
595 5232 872 5304 innumerabiles
903 5233 1089 5302 manifesto
1138 5232 1204 5299 bus
1230 5230 1382 5299 vinculis
1404 5232 1497 5300 inter
1520 5251 1595 5298 sese
1618 5227 1825 5298 coniunctos
1848 5241 1881 5296 et
1900 5229 2117 5299 consociatos

102 5336 225 5405 furore
253 5353 290 5402 se
312 5345 345 5403 ct
364 5330 453 5403 alios
477 5335 718 5425 perdiderunt.
770 5335 1020 5428 Acutcunque
1037 5349 1088 5406 ta·
1140 5354 1225 5411 esse.
1277 5330 1521 5406 Uteuimdici
1538 5329 1647 5413 solet,
1664 5326 1806 5399 Bonum
1821 5339 1944 5400 natura
1961 5331 2015 5399 sui
2033 5355 2120 5401 con·

1547 5425 1634 5521 ὅδ’,
