4522 5782
76 112 193 253 ιιι
250 176 355 257 uu
403 182 443 257 a
467 172 836 259 ιοιιιιιιιιιιιιι
862 180 915 280 ιι
939 178 1099 259 arur.
1123 174 1275 259 raum
1298 158 1368 255 an
1389 158 1654 260 ιιοιιιιιοι.
1713 179 1820 270 ιιι.
1845 184 1931 270 xu.
2020 178 2110 271 tos·

76 353 260 427 praemla
273 353 404 449 spiritu
420 364 453 429 ιι
470 356 636 444 veritate,
668 354 705 428 id
722 369 794 444 ιιι,
820 354 913 427 veris
928 369 963 429 et
988 356 1060 450 spi·
1082 376 1086 394 ·
1109 351 1348 427 obedientiam
1377 355 1416 423 in
1440 356 1746 446 persecutionibus
1765 374 1801 434 et
1823 346 2096 455 calamitatibus,

76 452 570 532 itualibnsmotibuscordis.
1109 459 1239 553 quibus
1260 457 1467 542 obruimur,
1493 471 1526 527 et
1547 458 1586 527 in
1603 453 1658 530 his
1673 462 1880 537 invocemus
1896 465 2034 556 Deum,
2059 482 2096 543 ιι
2138 452 2144 461 “

140 554 249 661 -Hoe
261 559 380 650 ipsum
396 561 473 631 vult
488 560 639 643 Paulus,
665 583 745 631 cum
763 556 924 631 hocloco
940 561 1060 655 requi·
1108 563 1295 631 credamus
1322 560 1460 650 placere
1484 555 1550 629 hos
1579 562 1695 632 cultus
1718 581 1864 655 propter
1891 558 2075 644 Christum
2083 572 2106 661 ,’

76 657 107 729 it
127 659 345 733 rationalem
359 662 513 747 cultum,
538 662 662 748 idest,
687 663 821 735 cultum
847 663 995 749 urentis,
1019 664 1059 731 in
1107 675 1255 761 propter
1272 685 1377 756 quem
1395 662 1500 731 etiam
1518 662 1711 757 aliquando
1730 668 1973 743 liberabimur.

76 782 132 853 ιιιο
148 764 360 850 agnoscitur
375 779 410 835 et
425 759 706 855 apprehenditur
721 761 840 845 Deus,
865 765 901 834 id
924 780 995 848 est,
1019 765 1058 835 in
1208 761 1322 834 Addit
1346 763 1474 849 vitam,
1501 764 1584 857 quia
1604 764 1740 838 novum
1758 768 2024 844 Testamentum
2039 775 2096 847 ai-

76 885 135 953 pro
149 863 310 935 existunt
321 866 401 936 reri
416 879 535 936 motus
552 889 631 955 erga
645 863 782 951 Deum,
808 866 935 947 timor,
962 867 1060 953 fides,
1107 866 1175 936 sert
1199 879 1403 956 perpetuam
1429 864 1606 935 iusticiam
1630 880 1665 939 et
1691 871 1813 943 vitam.
1866 871 1951 944 ldeo
1974 878 2097 970 requi-

76 967 266 1046 ovocatio‚
298 967 487 1042 confessio.
535 963 703 1039 Excludit
725 991 808 1060 ergo
832 965 964 1038 Paulus
984 991 1057 1038 non
1108 968 1320 1038 runturiam
1338 968 1528 1058 perpetuae'
1541 965 1696 1054 hostiae,
1714 984 1904 1064 perpetuae
1923 975 2045 1047 laudes
2061 991 2097 1050 ιι

76 1065 172 1137 todo
192 1067 361 1158 poeninas
375 1063 521 1154 hostias,
535 1070 597 1139 sed
614 1069 718 1139 etiam
736 1063 924 1141 hominurn
940 1094 1059 1161 opera,
1107 1069 1300 1160 gratiarum
1322 1069 1487 1143 actiones.
1538 1068 1621 1139 Non
1636 1072 1705 1142 iam
1722 1077 1872 1164 pecudea
1887 1081 2098 1150 mactandae

76 1190 197 1239 cnon
212 1168 328 1257 solum
344 1163 611 1241 Mouachorom
627 1172 853 1255 traditiones,
875 1172 1058 1244 sedetiam
1107 1185 1201 1256 sunt,
1219 1172 1278 1240 sed
1297 1171 1383 1245 tales
1401 1166 1557 1260 hostiae,
1573 1197 1663 1265 quae
1679 1200 1862 1270 quanqum
1880 1179 2097 1259 mortifican-

76 1271 217 1341 toralia
245 1295 373 1362 opera,
411 1276 702 1367 quandocunque
729 1275 806 1342 sine
833 1272 963 1344 timore
991 1271 1059 1345 Dei
1107 1286 1178 1357 tur,
1195 1288 1312 1344 tamen
1328 1272 1435 1343 simul
1450 1272 1657 1364 concipiunt
1672 1299 1804 1347 novam
1820 1280 1941 1368 vitam,
1956 1292 1998 1352 ut
2013 1304 2097 1376 per·

76 1371 206 1443 tsine
236 1374 306 1443 lade
335 1374 436 1449 fiunt.
495 1372 634 1464 Pugnat
668 1373 773 1444 etiam
796 1374 900 1446 Pauli
923 1376 1057 1446 dictum
1107 1388 1214 1468 petuo
1233 1374 1347 1445 Deum
1365 1374 1574 1464 glorificent.
2080 1439 2082 1444 .

76 1472 317 1545 otvemttaer
328 1499 409 1547 curu
426 1476 599 1567 opinione
613 1479 658 1546 de
673 1501 779 1569 opere
796 1491 956 1567 operato:
988 1492 1059 1548 ιιι-
1208 1474 1393 1561 Sanctam,
1409 1475 1532 1560 idest,
1550 1478 1593 1546 ad
1609 1499 1694 1548 usus
1709 1478 1853 1552 divinos
1869 1483 2093 1572 destinatam,

76 1599 131 1667 Ιιιι
155 1577 422 1648 abominandus
443 1602 543 1647 error
568 1580 872 1659 adversariorum,
905 1579 968 1672 qui
991 1580 1058 1647 lin-
1108 1580 1152 1648 ad
1175 1578 1435 1649 invocationem
1458 1575 1543 1663 Dei,
1569 1580 1611 1648 ad
1636 1582 1956 1670 praedicationem,
1982 1585 2095 1674 glori·

76 1691 156 1751 unt
170 1674 320 1749 Missam
336 1703 377 1751 ιιι
396 1703 504 1774 opere
524 1693 668 1776 operato
692 1681 829 1768 valere,
861 1679 938 1752 sine
961 1682 1057 1753 bono
1107 1679 1324 1765 ficationem,
1337 1694 1372 1751 ιι
1387 1680 1454 1748 alia
1472 1680 1564 1751 bon-a
1581 1705 1709 1773 opera,
1724 1687 1782 1752 sed
1801 1685 1924 1770 ita,ut
1938 1688 1983 1757 ad
1998 1682 2095 1758 huno

76 1792 163 1861 notu
179 1780 325 1857 utentis.
1107 1779 1215 1853 finem
1235 1783 1366 1851 directa
1386 1782 1476 1861 sint,
1504 1796 1543 1852 ut
1558 1784 1670 1869 gloria
1686 1782 1755 1855 Dei
1773 1802 1931 1862 ornetur.

165 1879 240 1953 tlte
265 1883 361 1953 enim
383 1880 539 1971 Paulos,
574 1910 654 1958 cum
677 1884 829 1980 requirit
849 1884 1057 1957 rationalem
1207 1880 1285 1954 Deo
1301 1883 1513 1973 placentem:
1547 1882 1593 1956 Ut
1616 1897 1732 1955 antem
1753 1911 1842 1979 opus
1859 1886 1934 1959 Deo
1949 1890 2095 1984 placeat,

76 1982 223 2065 ultum,
256 1986 411 2077 postulat
428 1988 562 2058 bonum
581 2002 717 2059 motum
741 1988 892 2069 utentis,
925 1987 1060 2059 scilicet
1107 1987 1179 2054 duo
1205 1986 1453 2079 requiruntur,
1482 1985 1665 2071 videlicet,
1698 1991 1793 2080 quod
1819 1991 1863 2060 sit
1886 1993 2095 2065 mandatnm

76 2108 166 2157 eros
180 2101 300 2159 motus
313 2087 454 2158 timoris
470 2103 502 2159 et
521 2091 604 2159 fidei
619 2112 699 2180 erga
714 2086 846 2163 Deum.
1106 2111 1126 2157 a
1140 2087 1239 2169 Deo,
1266 2104 1299 2158 et
1314 2088 1410 2180 quod
1426 2087 1485 2155 liat
1502 2087 1539 2153 in
1557 2087 1625 2156 fide
1645 2111 1706 2157 seu
1724 2090 1849 2160 fiducia
1865 2086 2019 2179 Christi,
2044 2094 2096 2164 si·

166 2182 238 2260 Eo
269 2189 378 2277 igitur
403 2184 489 2261 haec
507 2190 611 2263 Pauli
635 2194 849 2284 propositio:
884 2185 1060 2263 Obtestor
1108 2189 1349 2279 cutscriptnm
1375 2202 1443 2258 est:
1475 2187 1588 2257 luctus
1607 2213 1649 2257 ex
1671 2190 1740 2259 lide
1765 2191 1870 2266 vivet.
1922 2192 2096 2289 Requiri-

77 2313 146 2375 οι,
173 2304 215 2360 ut
231 2291 412 2380 praestetis
424 2291 500 2364 Deo
516 2318 616 2363 veros
633 2296 749 2364 cultus
765 2293 980 2387 spirituales,
996 2316 1058 2365 seu
1108 2304 1167 2361 tur
1184 2291 1293 2378 igitur
1311 2305 1345 2360 et
1368 2283 1434 2358 hoc
1453 2290 1529 2358 loco
1547 2283 1630 2358 haec
1648 2290 1733 2361 fides
1750 2291 1787 2359 in
1805 2295 1973 2365 omnibus
1987 2296 2095 2366 bonis

76 2407 185 2465 notras
204 2393 339 2478 cordis,
365 2393 470 2465 itaut
493 2396 740 2488 obtemperent
762 2420 909 2489 corpora
930 2409 1058 2482 vestra,
1108 2394 1296 2484 operibus,
1331 2394 1566 2462 uteredamus
1589 2392 1725 2480 placere
1749 2387 1834 2463 haec
1851 2418 1924 2464 nou
1950 2409 2097 2490 propter

76 2489 370 2580 tlianthostiae,
402 2518 464 2566 seu
486 2510 611 2569 utros
634 2498 903 2593 obtemperetis,
934 2512 971 2571 et
993 2499 1058 2570 fia·
1108 2510 1265 2566 nostram
1280 2494 1510 2584 dignitatem,
1537 2507 1599 2562 aut
1615 2495 1794 2585 propriam
1809 2498 2018 2587 puritatem,
2033 2501 2096 2571 sed

76 2595 104 2667 ia
124 2593 280 2671 hostiae.
1108 2611 1254 2690 propter
1270 2597 1469 2685 pontificem
1485 2588 1678 2667 Christum.
1732 2595 1833 2668 Sicut
1845 2611 1879 2668 et
1892 2597 2019 2672 Petrus
2036 2601 2096 2671 in-

172 2697 278 2787 Quae
306 2710 358 2768 est
379 2712 496 2771 autem
522 2696 698 2793 emphasis
722 2702 762 2772 in
782 2702 956 2776 vocabulo
979 2700 1056 2775 llo·
1108 2700 1203 2796 quit:
1231 2695 1431 2769 Offerentes
1448 2692 1580 2769 hostias
1597 2697 1814 2787 spirituales,
1840 2713 1999 2792 acceptas
2015 2699 2095 2774 Deo

76 2800 182 2873 tiae?
208 2798 369 2870 Primum
387 2801 521 2873 oblatio
538 2816 589 2875 est
606 2805 780 2876 consessio
795 2808 980 2901 quaedam,
994 2829 1056 2877 seu
1107 2827 1172 2894 per
1188 2799 1304 2872 lesum
1319 2794 1514 2872 Christum.
1555 2794 1604 2868 Et
1617 2794 1704 2870 Ebr.
1719 2800 1864 2872 ultimo:
1892 2798 1961 2873 Per
1975 2801 2094 2897 ipsum

76 2901 286 2988 astilicatio,
312 2903 406 2995 quod
434 2926 663 2994 agnoscamus
677 2904 804 2978 Deum.
855 2904 903 2981 Et
924 2922 1056 2978 macta·
1106 2904 1298 2977 offeramus
1324 2896 1476 2971 hostiam
1500 2899 1628 2974 laudis.

75 3004 114 3079 io
148 3002 462 3095 significatluisse
489 3007 701 3078 destinatam
724 3009 879 3103 aliquam
903 3023 1055 3080 mortem
1208 3003 1274 3078 Est
1290 3026 1373 3096 ergo
1394 3025 1530 3071 summa
1551 2999 1658 3072 huius
1679 3004 1949 3095 propositionis:
1985 3003 2094 3079 Prae-

76 3131 129 3179 ιιι)
148 3120 304 3198 peccato.
357 3103 463 3192 ltem,
496 3112 592 3202 quod
611 3106 702 3179 hanc
715 3127 879 3182 naturam
894 3112 1056 3182 vitiosam
1107 3105 1191 3203 iipit
1207 3124 1247 3181 ut
1261 3109 1337 3180 Deo
1352 3104 1576 3188 obediamus,
1609 3117 1643 3173 et
1659 3119 1699 3176 ut
1714 3098 1800 3176 haec
1814 3106 2016 3179 obedientia
2033 3111 2095 3182 liat

76 3208 205 3281 tboleri
220 3219 402 3299 oporteat,
433 3223 470 3281 et
483 3212 580 3305 quod
598 3212 635 3280 in
658 3236 698 3282 ιι
719 3226 832 3283 morte
853 3214 1056 3285 obedientia
1107 3211 1144 3280 in
1160 3237 1243 3283 vero
1260 3212 1386 3283 timore
1400 3205 1491 3284 Dei,
1518 3228 1598 3274 vera
1620 3205 1706 3286 fide,
1734 3219 1767 3276 el
1790 3201 1858 3276 hoc
1872 3208 1961 3289 fine,
1988 3221 2029 3281 ut
2045 3211 2092 3279 il-

76 3310 143 3383 teo
157 3312 368 3404 praestanda
384 3310 440 3381 sit.
493 3311 617 3406 ltaque
630 3309 716 3384 haec
732 3314 801 3386 tria
822 3310 1056 3408 comprehen-
1105 3314 1230 3385 lustret
1253 3313 1401 3403 gloriam
1426 3307 1512 3390 Dei,
1539 3321 1574 3378 et
1596 3306 1723 3378 invitet
1745 3308 1834 3377 alios
1849 3311 1891 3378 ad
1909 3311 2092 3401 pietatem.

76 3415 141 3498 lit,
168 3435 250 3483 cum
268 3410 431 3482 nominat
452 3406 621 3499 hostiam,
647 3416 813 3487 videlicet
836 3418 1054 3508 agnitionem
1105 3414 1152 3487 Et
1170 3416 1252 3509 quia
1270 3413 1451 3486 transtulit
1467 3411 1667 3484 doctrinam
1684 3412 1730 3480 de
1747 3410 1851 3480 bonis
1865 3411 2033 3503 operibus
2045 3414 2095 3484 ad

76 3538 130 3587 cu
151 3513 446 3605 glorificationem
466 3515 557 3600 Dei,
596 3519 903 3590 mortificationem
929 3520 1056 3606 nostri,
1105 3516 1223 3588 locum
1240 3540 1464 3587 communem
1489 3517 1534 3585 de
1560 3509 1707 3600 hostiis,
1733 3513 1836 3583 valde
1857 3512 1969 3583 multa
1994 3537 2094 3585 eom·

76 3640 128 3689 ιιιι
159 3615 400 3687 obedientiam
428 3615 468 3684 in
498 3618 770 3689 mortificatione
794 3624 1054 3713 praestandam,
1106 3619 1227 3709 plexus
1245 3633 1315 3704 est,
1340 3617 1521 3701 videlicet,
1547 3617 1642 3709 quod
1669 3616 1717 3687 sit
1740 3637 1880 3685 necesse
1894 3611 1971 3685 Deo
1987 3639 2093 3709 prae·

76 3734 101 3792 ιι
125 3718 254 3807 fidem,
297 3741 365 3809 qua
390 3717 585 3803 credimus,
618 3722 713 3814 quod
737 3737 880 3813 propter
902 3718 1053 3795 hostiam
1077 3740 1081 3823 t
1103 3735 1196 3791 stare
1218 3721 1371 3805 cultum,
1404 3721 1501 3812 quod
1531 3731 1692 3810 oporteat
1716 3740 1783 3788 nos
1807 3714 1983 3787 subiectos
2018 3740 2093 3788 esse

76 3813 336 3893 Zhristumhae
351 3810 487 3891 hostiae
504 3821 664 3912 placeant
678 3818 773 3903 Deo,
801 3849 905 3917 quem
930 3849 1055 3896 omnes
1104 3822 1369 3893 afflictionibus.
1422 3819 1528 3900 trem,
1554 3822 1652 3912 quod
1675 3830 1835 3911 oporteat
1853 3816 1972 3888 omnia
1995 3818 2092 3890 bona

76 3922 206 3993 nostiae
233 3942 373 4012 semper
393 3922 696 4010 significaverunt,
728 3939 762 3996 et
781 3940 924 4015 propter
948 3951 1053 4022 quem
1103 3948 1209 4015 opera
1226 3925 1301 3993 fieri
1320 3924 1359 3992 in
1375 3924 1462 4006 tide,
1495 3937 1530 3993 et
1553 3921 1676 3991 referri
1692 3922 1737 3992 ad
1755 3917 1954 4010 exemplum
1968 3920 2014 3989 ad
2031 3942 2092 3989 ιι-

76 4025 214 4095 uernat
231 4035 401 4114 acceptae.
452 4018 518 4094 Est
532 4048 614 4115 ergo
634 4030 823 4097 sententia:
851 4026 962 4102 Fiotis
986 4025 1052 4100 ho·
1102 4027 1263 4097 citandos
1285 4025 1394 4116 alios,
1425 4036 1466 4094 ut
1494 4024 1694 4095 innotescat
1715 4022 1822 4095 Deus.
1877 4016 2090 4105 [semema

76 4126 177 4210 stiae,
201 4124 239 4194 id
254 4138 325 4210 est,
348 4126 545 4214 agnoscite,
571 4126 769 4218 praedicate
785 4150 846 4199 seu
862 4130 1053 4218 glorificate
1102 4130 1175 4199 sint
1195 4127 1382 4213 sacrificia,
1424 4127 1586 4218 placeant
1609 4121 1687 4195 Deo
1719 4135 1866 4216 propter
1888 4121 2091 4213 pontificem

76 4226 199 4311 heuto,
212 4239 249 4296 et
263 4225 759 4310 sustinetemortificationem,
774 4231 1052 4326 etcreditequod
1102 4225 1303 4317 Christum,
1335 4253 1416 4301 curn
1438 4227 1573 4298 accedit
1596 4226 1692 4299 fides.

76 4330 105 4401 ai
131 4328 241 4400 vestri
272 4328 387 4399 cultus
412 4329 572 4421 placeant
592 4331 670 4401 Deo
695 4346 840 4423 propter
858 4327 1053 4419 Christum,

76 4445 216 4523 tropter
229 4453 333 4522 quern
349 4443 383 4499 et
398 4453 460 4499 vos
474 4431 557 4503 estis
570 4426 719 4504 hostiae.
771 4431 869 4505 Haec
893 4449 944 4506 est
967 4434 1051 4504 sim·
1127 4498 1130 4503 .

76 4531 279 4623 ¹›licisssima
296 4531 482 4606 sententia.
1205 4531 1249 4603 ln
1279 4530 1348 4603 hoc
1384 4533 1481 4602 dicto
1513 4531 1685 4622 repetitur
1723 4526 2090 4620 superterrenorum

172 4633 250 4705 lam
265 4633 293 4703 si
312 4634 544 4721 cogitabimus
561 4658 626 4704 nos
641 4659 714 4705 esse
735 4631 1052 4729 hostias‚‘intelli-
1086 4643 1165 4730 per
1197 4633 1405 4706 antithesin:
1448 4631 1502 4704 Ne
1543 4629 1733 4702 habeamus
1773 4630 1918 4701 affectus
1956 4629 2091 4699 similes

76 4760 191 4828 gemus
208 4758 274 4806 nos
289 4750 431 4807 vocatos
446 4758 537 4821 esse,
561 4761 635 4807 non
655 4740 698 4808 ad
714 4731 820 4810 huius
840 4740 968 4810 mundi
989 4765 1053 4810 vo-
1101 4741 1384 4817 mundanorum,
1423 4737 1483 4806 sed
1511 4757 1624 4804 novos
1648 4733 1793 4803 affectus
1814 4727 1892 4802 Deo
1915 4729 2089 4834 obedien-

77 4854 240 4931 optares,
264 4860 368 4929 opes,
392 4838 605 4927 potentiam,
630 4840 749 4910 sedad
768 4864 909 4929 nerem,
933 4836 1053 4911 horri-
1103 4857 1164 4912 tes.
1230 4837 1321 4910 Nam
1365 4862 1447 4912 cunt
1487 4850 1582 4907 vetat
1614 4834 1746 4905 imitari
1777 4835 1972 4917 mundum,
2012 4854 2088 4901 non

76 4942 141 5013 sile
170 4940 316 5029 odium,
352 4939 563 5010 afflictiones
585 4940 702 5010 omnis
726 4942 880 5031 generis,
921 4944 1053 5037 quibus
1103 4945 1280 5034 vituperat
1305 4964 1380 5019 res,
1420 4962 1573 5032 quarum
1607 4959 1711 5006 usum
1751 4932 1849 5006 Deus
1889 4932 2089 5018 ordinavit,

76 5063 354 5137 sppugnarnura
373 5039 517 5111 diabolo
540 5054 575 5111 et
597 5041 718 5133 impiis
738 5037 956 5119 hominibus.
1006 5043 1053 5117 Et
1102 5068 1175 5115 non
1190 5054 1283 5113 vetat
1299 5053 1401 5113 usum
1418 5041 1600 5120 ciborum,
1626 5037 1802 5126 coniugii,
1836 5035 2088 5126 imperiorum,

76 5146 160 5219 sicut
174 5138 290 5213 hostia
305 5154 372 5213 stat
389 5144 432 5212 ad
450 5165 547 5213 aram
570 5150 756 5235 expectans
778 5146 917 5216 assidue
938 5147 1051 5215 donec
1101 5145 1333 5230 iudiciorum,
1359 5154 1621 5225 contractuum,
1645 5152 1683 5234 et
1694 5138 1843 5238 aliarum
1859 5132 1926 5205 Dei
1941 5134 2086 5205 ordina-

76 5246 235 5319 eriatur:
261 5240 310 5327 ita
331 5266 397 5313 nos
411 5257 542 5315 stemus
560 5245 604 5313 ad
622 5267 739 5327 aram,
764 5245 800 5316 id
816 5260 884 5333 est,
910 5247 948 5316 in
966 5271 1051 5317 con·
1102 5247 1258 5329 tionum,
1283 5248 1342 5315 sed
1364 5240 1531 5341 prohibet
1555 5241 1699 5312 vitiosos
1719 5238 1875 5310 affectus.
1928 5233 2012 5306 ldeo
2027 5235 2086 5305 in-

76 5350 221 5437 'essione
243 5358 277 5416 et
297 5345 553 5436 glorificatione
569 5342 655 5427 Dei,
689 5360 724 5418 et
746 5360 960 5441 praestemus
974 5345 1051 5421 Deo
1101 5351 1196 5445 quit:
1223 5343 1371 5434 Gestua,
1397 5347 1522 5431 idest,
1546 5355 1665 5415 motus
1678 5339 1789 5413 animi
1805 5361 1878 5408 non
1895 5337 1974 5423 tint
1987 5337 2087 5409 sirni-
2194 5426 2197 5433 ¹

115 5446 306 5523 binnan.
333 5450 437 5520 Οιιι.
460 5450 543 5519 Vos.
571 5449 650 5519 XV.
1551 5441 1601 5519 45

1227 4391 1287 4467 Ne
1313 4391 1509 4467 imitemini
1525 4399 1650 4490 gestus
1675 4384 1789 4463 huius
1811 4384 1954 4464 mundi.
