4530 5776
104 184 188 302 tlt
360 238 364 243 ·
622 224 796 298 eun.
824 222 939 304 aaa.
965 184 1576 301 seutrra‘aaaoarmaz·
1782 272 1787 287 ,
1926 182 1930 189 ’
2061 222 2140 295 eso

106 400 301 491 spirituale,
318 396 495 493 quoDeus
510 400 661 467 ostendit
680 399 768 467 iram
784 402 951 467 adversus
972 422 1091 489 pecca·
1145 366 1300 487 adripere
1315 422 1380 489 ¹per
1395 404 1526 465 nornen
1545 397 1619 465 cius
1638 402 1701 466 elc.
1742 389 1792 465 Et
1808 391 1955 464 Daniel:
1988 391 2074 465 Non
2099 396 2140 467 in

108 518 201 583 tum,
229 503 361 571 iudicat
385 520 417 570 et
443 502 680 591 perterrefacit
705 502 832 585 corda,
861 502 997 593 dequo
1028 526 1091 569 uso
1146 500 1284 569 iusticia
1312 514 1443 568 nostra.

110 604 257 674 dicitur:
284 602 356 673 Lex
377 604 465 670 iram
489 602 608 673 eflicit.
663 600 768 671 Item:
793 604 948 672 Aculeus
968 603 1094 670 mortis
1249 596 1380 692 Ephes.
1393 601 1447 669 d:
1475 596 1545 668 Per
1561 622 1666 690 quem
1684 599 1854 668 audemus
1870 588 2039 668 a'ccedere
2054 621 2141 670 con·

110 718 290 797 peccatum
309 718 376 787 est,
402 702 562 773 Potentia
582 704 786 795 peccatilex
804 718 866 774 est.
920 700 990 771 Hic
1012 724 1096 771 usus
1149 704 1298 773 fidenter
1312 727 1374 793 per
1390 702 1493 770 fidem
1515 702 1551 768 in
1568 702 1697 789 ipsum.

111 807 354 897 aliquomodo
373 805 520 873 discitur
544 806 581 871 in
607 830 688 877 vcra
713 806 945 874 conversione
961 817 995 872 et
1012 828 1098 873 con·
1256 800 1495 876 l.loban.1.:
1530 801 1682 890 Sanguis
1711 799 1789 871 lesu
1814 797 1948 872 Christi
1977 802 2140 895 purificat

113 908 279 986 tritione,
306 921 346 976 ut
362 932 440 975 cum
460 904 577 975 David
594 898 725 999 iuquit:
760 906 842 976 Non
859 921 909 977 est
925 930 991 996 pax
1007 905 1096 974 ossi·
1152 928 1217 977 nos
1241 908 1286 976 ab
1310 907 1408 973 omni
1436 916 1589 995 peccato.

114 1012 184 1079 bus
200 1008 286 1077 meis
302 1033 319 1075 a
336 1009 424 1076 sarie
443 1008 662 1097 peccatorum
681 1033 850 1085 meorum.
900 1006 988 1077 ltern
1011 1002 1099 1075 Eze—
1255 1006 1359 1078 Rom.
1375 1003 1428 1075 5.:
1459 1002 1636 1075 lustificati
1653 1003 1825 1093 sauguine
1843 1005 1931 1075 eius.

118 1106 213 1197 chias
231 1104 413 1276 [Esaiasp
433 1106 532 1178 Sicut
552 1108 996 1179 leocoutrivitomniaossa
1014 1132 1101 1179 mea.
1256 1108 1359 1177 ltem:
1395 1106 1629 1177 Reconciliali
1653 1130 1715 1195 per
1736 1121 1887 1177 mortem
1912 1109 2003 1179 eius.

116 1206 365 1282 Dehocusuet
389 1208 646 1278 ricaitPaulus:
662 1208 846 1301 Perlegem
857 1210 1012 1300 cognitio
1023 1233 1103 1300 pec·
1256 1210 1384 1279 Psalm.
1402 1210 1455 1278 6.:
1481 1205 1590 1297 Eripe
1613 1208 1768 1274 animam
1785 1232 1919 1295 meam,
1953 1224 1990 1280 et
2006 1210 2137 1280 salvum

120 1312 208 1397 cati,
234 1327 267 1382 et
284 1312 373 1378 infra
383 1310 504 1399 Capite
520 1312 668 1399 septimo
687 1308 771 1381 baec
788 1315 923 1405 prolixe
940 1312 1103 1381 declarat.
1158 1337 1212 1382 me
1235 1312 1288 1380 lac
1310 1327 1453 1402 propter
1475 1309 1752 1378 misericordiam
1780 1322 1889 1383 tuam.

117 1410 191 1481 Nec
212 1428 293 1482 sunt
316 1413 584 1480 confundendae
611 1416 805 1483 sententiae
830 1418 874 1482 de
901 1408 969 1482 boc
998 1412 1106 1503 spiri·
1260 1412 1485 1485 Psalrn.81.:
1513 1408 1613 1479 Beati
1630 1434 1780 1503 quorum
1797 1414 1964 1483 remissae
1979 1408 2061 1485 scint
2075 1412 2133 1482 ini-

119 1515 208 1582 tuali
230 1515 383 1598 iudicio,
410 1538 489 1582 cum
514 1514 655 1600 politica
677 1515 867 1606 sapientia,
894 1539 984 1607 quae
999 1508 1108 1583 babet
1160 1515 1329 1609 quitates,
1357 1530 1391 1585 et
1409 1538 1560 1606 quorum
1577 1527 1664 1581 tecta
1681 1524 1764 1582 sunt
1779 1528 1930 1602 peccata.

121 1638 199 1684 suas
216 1630 344 1699 metas,
371 1638 459 1707 quas
475 1615 580 1682 etiam
598 1631 689 1684 recte
705 1618 868 1706 cognosci
886 1630 1037 1708 oportet.
1263 1616 1346 1685 Diri
1368 1616 1562 1707 confitebor
1587 1629 1651 1683 etc.

222 1749 367 1819 Tertius
389 1774 472 1818 usu,
497 1763 548 1819 ρει
574 1750 612 1817 ,n
637 1754 768 1821 ,enatis
794 1756 920 1823 doce„
943 1768 978 1822 e,
1009 1751 1108 1820 testi·
1262 1718 1359 1786 llaec
1382 1731 1415 1786 et
1445 1717 1573 1785 similia
1598 1717 1690 1786 dicta
1714 1718 1910 1788 ostendunt
1932 1738 1999 1785 nos
2020 1716 2059 1785 in
2079 1711 2133 1787 bac

122 1853 239 1933 ficari,
280 1852 395 1943 qualis
419 1852 463 1919 sit
495 1850 569 1939 ipse
597 1850 713 1932 Deus,
755 1856 918 1924 videlicet
945 1855 1109 1944 sapiens,
1164 1839 1234 1892 ”¹³¹
1258 1816 1574 1889 ‘'ff‘'''s‘adneum
1599 1834 1756 1908 P²⁶⁰²¹¹³v
1784 1816 2134 1938 ‘bv‘ifl‘fflfflnv-u‘

124 1976 246 2036 verax,
279 1953 475 2037 beneficus,
507 1954 638 2038 justu„
674 1960 848 2047 aequalis,
884 1970 1017 2045 casm,
1047 1958 1111 2043 go,
1164 1941 1270 2041 certo·
1283 1937 1493 2003 statuamus,
1526 1944 1592 1988 nos
1614 1934 1756 2010 propter
1780 1922 1893 1990 filrum
1918 1924 2135 2041 medratorem

124 2055 259 2125 stulans
274 2054 554 2123 conformitatem
574 2056 611 2121 in
629 2058 752 2136 nobis,
780 2072 814 2126 et
835 2059 957 2150 quales
982 2038 1110 2140 cultris,
1164 2052 1271 2144 “effi’'
1295 2038 1328 2093 ei
1353 2024 1488 2113 l'lacere
1508 2020 1607 2140 ‘1³⁰⁰’
1633 2048 1705 2091 ¹¹⁰⁰
1721 2038 1869 2140 ‚PWPW
1888 2045 2068 2112 P¹⁰Pr¹³¹¹¹
2091 2024 2136 2091 ὼ·

125 2179 216 2248 quae
241 2180 346 2245 oper„
363 2156 430 2244 5931
454 2157 625 2244 placeam·
677 2155 867 2243 Quomodo
891 2174 1008 2227 amm
1035 2158 1110 2248 pla,
1165 2130 1333 2219 gnstalem
1355 2140 1416 2194 aut
1434 2137 1638 2194 novitatem.
1691 2123 1751 2195 Src
1773 2127 1946 2194 accedunt
1969 2126 2014 2193 ad
2037 2122 2136 2195 Deum

125 2272 200 2327 teat
232 2257 371 2326 incoata
402 2258 606 2325 obedientia
637 2276 780 2350 propter
810 2264 1039 2330 mediatorem
1075 2260 1113 2325 in
1166 2253 1289 2349 ⁰¹{¹¹¹e⁵
1312 2220 1532 2324 Ps⁰Ph⁰t³⁸e
1555 2250 1709 2343 ‘duplum
1733 2228 1824 2296 ‘heia
1847 2228 2014 2309 ¹⁰⁰¹¹¹²¹¹³²
2039 2240 2138 2301 ‘mu'

126 2359 372 2443 credemibus,
398 2373 518 2448 pom,
544 2360 693 2433 dicem„
1168 2357 1252 2417 ens,
1278 2345 1311 2399 te
1328 2354 1400 2398 non
1417 2351 1555 2411 errare,
1582 2352 1632 2397 stc
1648 2328 1869 2398 accedentem
1886 2330 1930 2397 ad
1947 2328 2077 2397 Deum.

843 2490 849 2497 .
1268 2430 1371 2500 llanc
1413 2430 1610 2499 doctrinam
1646 2443 1681 2498 et
1712 2432 1992 2502 consolationem
2035 2428 2138 2499 obmil

36 2554 41 2567 .
128 2534 243 2615 Num
266 2564 347 2611 mo
368 2538 448 2609 Sim
478 2536 555 2634 leg,
579 2538 730 2612 iusticia
762 2538 842 2612 Dei
868 2544 1115 2645 manpsespata
1170 2532 1366 2616 Osiander,
1392 2554 1525 2620 negans
1547 2527 1727 2599 hominem
1750 2533 1882 2602 iustum
1899 2555 1973 2602 esse
1989 2532 2139 2623 fidepro-

587 2652 650 2719 est,
1170 2652 1248 2729 pter
1262 2638 1503 2716 mediatorem,
1518 2634 1578 2700 sed
1595 2634 1809 2701 contendens
1825 2631 2007 2704 hominem
2024 2634 2141 2703 iustum

528 2795 536 2811 ·
618 2796 626 2811 ·
803 2799 811 2815 .
927 2801 936 2816 .
1172 2764 1243 2807 esse
1299 2762 1337 2806 ro
1366 2752 1418 2806 ter
1444 2734 1559 2804 Deum
1585 2729 1843 2805 inhabitantem
1904 2760 1965 2806 seu
2022 2735 2142 2805 urire

129 2793 642 2969 [υῑῃὴῗὸξὲῐξῧῖῑρέἰῖἐίζῐξη
660 2813 862 2968 Ἓὲἒῗὲἰῖ
877 2824 1043 2989 331ῶὲ13
1061 2824 1117 2970 ξιξ
1172 2761 1362 2959 loquitpurf³
1381 2837 1556 2906 iusticiam
1582 2837 1820 2921 essentialem,
1848 2787 1937 2932 :guae
1961 2784 2069 2907 e’ffictt
2089 2758 2144 2905 iios

131 3000 267 3070 niciam
291 2995 358 3066 Dei
383 2999 499 3089 ipsum
525 2997 640 3068 Deum
663 2996 884 3070 habitantem
1173 2958 1262 3012 iusta
1287 2942 1411 3010 lairere.
1465 2937 1668 3020 Praeterea,
1699 2938 1727 3006 si
1754 2940 1876 3029 fingit,
1916 2952 1958 3009 ul
1988 2938 2145 3031 loquitur,

133 3115 167 3171 ei
189 3116 390 3218 m⁰v²mim
416 3123 518 3179 ‘um’
539 3116 599 3219 ‚m
623 3102 712 3171 iusta
742 3104 855 3221 mim·
880 3208 885 3221 .
908 3103 958 3174 ¹¹³
983 3129 1021 3174 ¹⁸²
1044 3106 1119 3196 ἥρω
1175 3163 1248 3217 tum
1274 3169 1366 3224 esse,
1401 3141 1575 3235 quianon
1599 3137 1704 3212 babet
1728 3138 1903 3212 iusticiam
1926 3142 2147 3227 essentialem,

134 3208 238 3273 docet
261 3197 442 3269 hommem
465 3217 620 3319 novitate
644 3218 676 3272 et
692 3209 864 3322 operibus
876 3221 1008 3275 rustum
1035 3231 1121 3276 esse.
1174 3246 1359 3318 horribilis
1384 3244 1546 3333 impietas
1563 3259 1624 3314 est·
1676 3242 1767 3314 Nam
1785 3245 1965 3316 distractio
1980 3244 2148 3315 remissio·

135 3304 206 3374 Sed
226 3326 292 3392 pro
313 3303 438 3371 effectu
463 3318 623 3372 nominat
654 3329 813 3389 causam,
854 3332 969 3396 ipsum
996 3306 1119 3376 Deum.
1176 3352 1232 3418 uis
1258 3366 1291 3417 et
1318 3344 1572 3415 iustificationis
1596 3348 1781 3415 manifeste
1807 3362 1941 3439 pugnat
1962 3370 2044 3417 cum
2072 3345 2148 3427 ‘ffi-

135 3401 213 3474 Etsi
237 3418 352 3520 utem
378 3405 488 3521 multa
515 3408 654 3488 miscel,
681 3421 714 3476 et
733 3409 904 3498 quaedam
922 3410 1020 3478 velut
1035 3435 1122 3476 con·
1191 3467 1278 3522 ‚mm
1331 3450 1425 3517 ium
1450 3448 1601 3516 dictum:
1643 3447 1814 3537 Quium
1840 3449 2018 3522 crediti„
2040 3448 2140 3519 finum

137 3506 231 3575 sulto
247 3506 420 3592 ambiguis
436 3506 628 3575 ruvolucris
645 3510 825 3592 obscurat,
844 3523 876 3578 el
892 3534 952 3578 sua
970 3513 1123 3602 quadam
1155 3564 1158 3569 .
1178 3480 1189 3570 i
1288 3501 1298 3530 ’
2141 3498 2151 3533 ⁹

138 3606 472 3697 grandiloquentia‚
517 3608 554 3675 in
586 3632 655 3700 qua
687 3611 797 3681 multa
824 3627 907 3681 sunt
940 3605 1124 3703 θαύματα
1179 3580 1229 3622 “a
1253 3550 1319 3721 DI?
1344 3564 1463 3690 manet
1487 3572 1706 3718 supeitfum'
1760 3653 1782 3720 d
1840 3646 1906 3722 Ο,
1958 3652 2015 3725 d,

90 3722 105 3731 .
140 3701 333 3805 ῥημάτων,
369 3721 483 3776 [onan
515 3708 661 3779 summa
693 3726 811 3781 tamen
840 3714 1015 3801 dogmatis
1039 3715 1126 3798 eius,
1317 3676 1380 3720 anc
1410 3674 1729 3741 praemomronem
1786 3678 1804 3720 e
1879 3677 1955 3723 stan
1984 3678 2016 3721 rr
2047 3672 2153 3723 errore

259 3818 263 3825 ,
453 3810 461 3825 .
542 3813 550 3827 .
936 3816 944 3831 .
1180 3757 1391 3845 cogitantes,
1421 3766 1540 3842 postea
1563 3754 1701 3823 facilius
1723 3754 1960 3845 intelligemus
1983 3752 2154 3839 vocabule·

141 3825 175 3880 et
189 3824 318 3889 status,
345 3824 379 3880 et
395 3823 435 3879 ut
452 3824 498 3879 tta
515 3813 649 3892 dream,
672 3838 732 3881 arx
750 3830 820 3895 est,
847 3810 1029 3885 hommem
1052 3840 1126 3886 esse
1179 3856 1221 3927 cl

219 3912 227 3931 .
476 3914 484 3928 .
586 3915 595 3931 .
799 3916 807 3931 .
1043 3919 1052 3935 ‚
1222 3884 1270 3926 un
1295 3857 1403 3945 igitur
1425 3852 1557 3923 Paulus
1579 3849 1637 3924 bic
1659 3857 1762 3926 dicit:
1802 3856 1889 3927 Sine
1922 3858 1999 3949 lege
2027 3854 2153 3926 iustitis

124 3914 553 4088 ἲζέἔὲἱιὲυξξορῃώυδ
584 3930 736 4001 ωδωῐῃ’
779 3932 870 3988 ⁸¹⁶¹st
894 3932 928 3987 Εἴ
949 3916 1127 4009 P³P¹¹⁵t²⁸
1181 3961 1253 4030 Dei
1275 3959 1494 4026 manifestata
1519 3971 1588 4041 est,
1629 3957 1796 4048 intelligit
1813 3959 1990 4029 iusticiam
2015 3956 2154 4051 promis-

1182 4087 1256 4132 sam
1281 4073 1425 4151 propter
1445 4059 1695 4145 mediatorem,
1730 4084 1797 4153 qua
1822 4083 1889 4130 nos
1912 4058 2012 4131 Deus
2033 4058 2156 4151 recipit,

245 4146 406 4217 Primum
430 4161 546 4218 autem
570 4151 790 4235 consideres,
816 4151 902 4244 quid
921 4153 1005 4221 mali
1028 4156 1074 4225 sit
1090 4156 1129 4223 iu
1184 4180 1217 4234 er
1233 4165 1343 4233 iustos
1361 4161 1571 4253 pronunciat
1587 4176 1731 4252 propter
1744 4162 1867 4234 filium.
1917 4162 2038 4235 Simul
2052 4174 2153 4233 sutem

129 4250 214 4317 “ista
242 4248 507 4339 imaginatione.
572 4252 617 4321 ln
645 4253 735 4321 veris
757 4253 942 4323 doloribus
967 4268 1001 4324 ee
1026 4280 1131 4326 sensu
1185 4268 1365 4336 eredentes
1383 4286 1445 4355 per
1468 4260 1580 4330 fitium
1606 4264 1777 4349 vivificat,
1806 4278 1838 4333 et
1854 4288 1872 4332 a
1890 4280 2006 4336 morte
2029 4279 2153 4335 aeterua

150 4351 223 4419 irae
247 4347 315 4419 Dei
342 4352 479 4443 quaerit
503 4347 632 4439 bomo,
667 4378 741 4423 non
764 4354 879 4448 qualis
907 4356 1041 4447 inipso
1064 4384 1132 4429 no·
1185 4370 1329 4449 liberat,
1369 4379 1404 4434 et
1437 4365 1564 4433 nititur
1593 4365 1680 4434 fides
1713 4367 1915 4437 obedientia
1949 4365 2151 4446 mediatoris,

150 4452 240 4520 vitas
255 4452 319 4536 sit,
346 4453 417 4522 imo
440 4456 553 4525 ceruit
569 4480 667 4525 suam
688 4458 973 4543 immunditiem,
999 4473 1033 4530 et
1055 4486 1132 4531 mo·
1187 4494 1260 4539 non
1287 4463 1565 4545 inhabitatione,
1607 4490 1669 4537 seu
1693 4467 1830 4538 iusticia
1854 4469 2054 4553 essentiali,
2090 4464 2150 4536 elli·

150 4554 222 4623 lem
248 4555 397 4643 peccati,
422 4553 516 4625 iuxta
539 4559 690 4628 dicium:
723 4558 807 4630 Non
830 4561 1078 4632 iusllficabilur
1095 4566 1133 4632 in
1187 4573 1300 4640 ciente
1317 4594 1382 4638 nos
1398 4570 1488 4638 iusta
1506 4569 1637 4637 lacere:
1660 4569 1733 4639 imo
1749 4570 1952 4641 obedientia
1968 4565 2148 4642 mediatoris

153 4666 344 4742 conspectu
366 4667 428 4722 tuo
452 4661 569 4727 omnis
590 4662 722 4728 vivens.
786 4658 857 4730 Hie
880 4664 1134 4757 docetubique
1188 4676 1227 4741 in
1260 4673 1440 4742 inlinitum
1471 4670 1700 4741 anteferenda
1731 4685 1782 4741 est
1815 4672 2039 4759 actionibus,
2083 4688 2149 4767 quat

154 4780 222 4826 vox
236 4750 442 4841 Evangelii,
470 4760 621 4849 primum
638 4776 802 4852 oportere
823 4766 934 4855 accipi
957 4768 1135 4836 remissio·
1158 4716 1163 4809 Ι
1187 4778 1278 4845 finnt
1300 4775 1338 4842 in
1361 4787 1495 4845 renato.
2055 4798 2058 4803 '

156 4882 238 4927 nem
254 4869 476 4947 peccatorum
501 4875 533 4929 et
556 4865 880 4933 reconciliationem
905 4866 972 4935 sule
995 4885 1137 4960 propter
1292 4874 1525 4945 Manifestum
1550 4890 1600 4945 est
1625 4877 1662 4944 in
1685 4876 1839 4966 politicis
1862 4878 2088 4949 sermonibus
2106 4898 2151 4943 m·

75 5024 79 5029 .
158 4959 409 5074 mediatorem,
434 4962 558 5049 gratis,
592 4988 665 5031 non
682 4980 828 5056 propter
842 4984 999 5039 nostram
1019 4970 1137 5061 digni·
1191 4980 1358 5048 rabulum
1381 4978 1538 5046 iusticias
1561 4972 1690 5047 babere
1708 4974 1772 5046 bas
1788 4981 1875 5048 duas
1891 4980 2152 5070 significationes.

159 5075 285 5143 tatem,
313 5075 412 5130 etue
429 5077 591 5150 oportere
606 5060 768 5135 homines
784 5073 946 5140 accedere
962 5075 1006 5142 ad
1022 5070 1136 5142 Deum
1295 5082 1394 5149 Alias
1415 5079 1588 5168 significat
1609 5080 1785 5149 iusticiam
1805 5084 2063 5167 universatem,
2085 5096 2153 5175 qast

160 5165 287 5232 fiducia
310 5161 526 5238 mediatoris.
576 5165 623 5235 Et
638 5169 708 5236 sint
724 5169 762 5235 in
778 5188 965 5261 conspectu
989 5175 1139 5245 illustria
1193 5196 1246 5253 est
1260 5184 1462 5257 obedientia
1480 5206 1560 5270 erga
1578 5207 1702 5251 omnes
1723 5184 1833 5271 leges,
1861 5206 1925 5255 seu
1946 5180 2154 5275 congruentis

159 5266 383 5384 testimonia,
414 5262 665 5338 utActo.10.:
697 5266 793 5337 Huic
807 5294 929 5341 omnes
944 5273 1141 5367 Prophetae
1195 5310 1274 5353 cum
1294 5287 1460 5353 omnibus
1483 5284 1636 5373 legibus,
1662 5309 1752 5376 quae
1769 5297 1852 5355 sunt
1870 5286 1963 5355 radii
1988 5284 2155 5379 sapientiae

161 5368 402 5441 testimonium
423 5363 631 5459 perbibent,
659 5370 901 5443 remissionem
919 5391 1141 5466 peccatorum
1193 5384 1505 5457 Deidiscernentis
1527 5401 1620 5456 recta
1643 5401 1766 5458 etnon
1783 5401 1888 5464 recta.
1930 5386 1980 5461 Ut
2000 5390 2079 5461 ium
2091 5378 2156 5459 Λή·

910 3028 947 3071 ¹¹¹
977 3018 1120 3087 “naw’
1173 3046 1351 3114 Neronem
1377 3036 1507 3109 habere
1532 3040 1796 3121 remissionem,
1821 3043 1882 3110 sed
1909 3044 1989 3111 ideo
2013 3044 2146 3109 damna·
