4522 5782
54 224 130 301 588
348 222 474 301 xlta
523 226 560 298 Β.
591 212 960 299 (ΞΟΜΜΕΝΤΑΡιΙΙ
988 218 1786 325 tttrt‘tsT.t¹au'1,tAtttt0MAN08.
2016 258 2094 341 ⁶34

31 400 158 471 'eatam
199 398 367 495 pleraque
399 394 622 497 corporalia,
662 397 707 466 ad
740 392 1046 469 conservationem
1106 392 1261 467 discerni
1277 414 1435 491 peccata,
1461 428 1508 476 ne
1531 410 1611 503 quis
1634 428 1733 506 putet
1753 420 1926 498 adulteria
1944 444 1979 507 et
1993 432 2095 506 simi-

55 500 249 582 scelestae,
275 499 390 573 etalii
414 500 494 571 aliis
514 500 725 570 muneribus
743 500 859 571 ornati
875 512 979 582 sunt,
1006 514 1046 574 ut
1103 498 1151 569 lia
1167 500 1300 591 flagitia
1318 528 1398 575 cum
1414 507 1484 577 fide
1496 510 1643 584 existere
1659 542 1770 609 posse.
1823 522 1906 599 Dixi
1920 548 2038 607 autem
2052 540 2090 610 in

55 602 128 674 Deo
153 603 269 675 visum
290 602 367 705 luit.
433 600 585 673 Paulum
610 601 921 693 tantisper'servat
943 603 1046 673 inco-
1103 601 1190 673 locis
1213 608 1488 696 communibus,
1530 615 1713 709 aliquanto
1742 626 1914 715 prolixius
1947 636 1993 707 de
2016 640 2091 711 dis·

56 708 205 790 lumem,
235 708 321 776 dum
348 704 424 778 vsalt
448 728 528 775 eum
549 704 651 794 tongi
679 704 897 793 ministerio,
931 718 965 777 et
988 706 1045 776 in·
1099 704 1251 775 crimine
1284 712 1415 799 peccati
1445 716 1606 787 mortalis
1629 734 1664 791 et
1687 726 1848 804 venialis.
1922 732 2006 809 ldco
2028 736 2089 815 hic

57 824 147 881 terea
164 821 266 879 curat
280 808 313 877 ei
330 803 487 899 hospicia
504 820 539 879 et
561 820 697 877 caetera
728 808 823 877 vitae
846 811 1044 886 commoda.
1097 808 1221 897 paucis
1243 812 1445 884 admonebo
1467 815 1645 896 lectorem.
1697 824 1789 899 Cum
1815 831 1885 904 fide
1907 834 2086 914 iustificati

54 910 157 983 sicet
173 906 308 982 Paulus
325 912 367 980 ed
388 908 595 983 Corinthios
616 910 660 980 de
681 908 882 1001 pestilentia
904 910 1042 997 scribit,
1096 931 1238 997 sumus,
1264 914 1365 1008 sequi
1381 916 1484 987 debet
1501 918 1538 988 in
1560 925 1693 995 renatis
1710 929 1848 1003 iusticia
1870 936 1984 1011 bonae
1999 968 2085 1014 con-

52 1012 211 1102 mfimj
233 1035 294 1081 ω,
316 1036 357 1083 2³
379 1034 494 1105 poena
520 1024 665 1103 propter
687 1012 773 1082 vitia
800 1034 878 1082 sua:
911 1011 941 1081 si
960 1036 1042 1105 age-
1096 1010 1275 1085 scientiae.
1327 1014 1434 1086 Hunc
1456 1024 1606 1109 gradum
1629 1046 1748 1117 aperte
1772 1045 1806 1105 et
1828 1058 1930 1131 saepe
1951 1045 2086 1119 consti-

51 1128 124 1185 eent
144 1114 402 1207 poeniteutiam
423 1138 555 1207 poenas
579 1127 772 1184 cessaturas
794 1135 879 1185 esse.
941 1112 1042 1188 Sicut
1094 1114 1163 1184 tuit
1185 1116 1349 1187 doctrina
1364 1115 1516 1208 Christi,
1549 1140 1589 1197 ut
1616 1130 1649 1200 1.
1669 1128 1828 1209 Timoth.
1847 1138 1899 1211 l.:
1933 1142 2084 1222 Summa

50 1234 80 1287 et
94 1209 289 1287 Zacharias
304 1215 441 1311 inquit:
467 1214 729 1289 convertimini
745 1219 788 1286 ad
814 1240 889 1301 me,
916 1227 951 1287 et
976 1240 1040 1309 ego
1093 1216 1251 1287 mandati
1267 1232 1335 1303 cst,
1361 1222 1504 1294 dilectio
1527 1250 1568 1297 ex
1586 1234 1692 1301 corde
1707 1258 1820 1325 puro,
1848 1255 1883 1315 et
1899 1249 2083 1320 conscien-

48 1332 235 1389 convertar
249 1320 293 1389 ad
311 1342 393 1405 vos,
418 1319 544 1404 idest,
568 1318 738 1408 mitigabo
759 1317 976 1389 calamitates
1000 1343 1040 1391 ac
1090 1318 1140 1387 tia
1158 1318 1273 1405 bona,
1300 1334 1334 1391 ct
1350 1323 1418 1392 lide
1434 1348 1507 1396 non
1524 1329 1616 1404 licta.
1675 1330 1723 1407 Et
1739 1362 1862 1413 rursus
1878 1348 2001 1420 eodem
2022 1376 2083 1421 ra·

49 1441 195 1515 poenas,
217 1421 246 1492 ai
264 1422 373 1511 agetis
390 1420 658 1512 poenitentiam.
716 1418 1039 1493 Necdeunotan·
1091 1419 1180 1511 pites
1220 1418 1359 1496 Milites
1383 1427 1513 1497 bonam
1536 1431 1721 1520 militiam,
1754 1435 1889 1516 habens
1915 1446 2021 1522 iidem
2046 1470 2081 1529 ct

48 1536 120 1597 turn
145 1546 255 1615 opere
280 1524 459 1618 loquitur,
494 1524 554 1591 sed
579 1524 624 1591 de
648 1545 729 1592 vera
749 1522 981 1593 conversione
1003 1536 1039 1599 et
1092 1522 1504 1605 bonamconscientiam.
1556 1528 1602 1603 Et
1624 1537 1648 1607 2
1668 1538 1831 1618 Corinth.
1852 1548 1900 1618 l.:
1932 1550 2080 1625 Gloria·

48 1625 233 1699 fructibus.
284 1621 338 1695 Ex
364 1620 421 1695 his
447 1624 531 1695 satis
552 1624 702 1715 intelligi
726 1637 862 1717 potest,
888 1637 923 1695 et
946 1651 1038 1720 quo·
1087 1624 1140 1695 tio
1155 1638 1276 1697 nostra
1295 1623 1382 1700 haec
1398 1644 1470 1717 est,
1495 1636 1739 1709 testimonium
1754 1650 2076 1727 conscientiae'no·

46 1732 152 1800 ruodo
173 1727 313 1821 placeat
336 1730 475 1798 incocta
497 1726 721 1812 obedientia,
746 1740 887 1820 atquae
908 1722 1034 1801 habeat
1086 1738 1193 1802 strat·
1244 1726 1290 1800 El
1309 1732 1340 1799 1·
1360 1730 1457 1806 ¹0³¹¹·
1477 1734 1532 1809 ³6
1570 1737 1609 1809 Sl
1635 1760 1871 1820 ⁰⁰f¹¹0⁸lf¹¹m
1890 1776 2078 1828 110110011-

44 1820 213 1923 praemia.
281 1827 487 1900 Accendere
506 1842 624 1900 autem
647 1828 806 1899 studium
837 1830 928 1901 bene
951 1855 1035 1923 ope-
1086 1829 1232 1901 demnat
1255 1853 1340 1914 nos,
1365 1835 1531 1906 fiduciam
1554 1834 1726 1915 habemus
1752 1850 1795 1919 ad
1813 1847 1947 1937 Deum,
1974 1861 2077 1933 docet

45 1930 148 2005 randi
172 1932 285 2001 multa
308 1932 458 2017 debent,
488 1932 695 2001 mandatum
716 1925 805 2023 Dei,
830 1932 916 2002 item
937 1935 1034 2027 quod
1087 1930 1182 1999 enim
1200 1956 1274 2002 non
1297 1958 1397 2026 posse
1416 1936 1581 2010 invocare
1597 1940 1711 2015 Deum
1727 1947 1829 2039 istos,
1858 1954 1920 2049 qui
1943 1952 2077 2035 habent
2133 2028 2139 2043 ,

42 2032 128 2107 fides
159 2033 381 2124 extinguitur
400 2033 527 2105 amissa
552 2032 781 2117 obedientia,
822 2033 909 2105 item
935 2038 1033 2128 quod
1085 2034 1306 2126 propositum
1324 2038 1483 2108 violandi
1497 2044 1737 2118 mandataDei
1753 2067 1875 2126 contra
1891 2062 2075 2133 conscien-

43 2136 492 2231 praesentibusetaeternis
508 2134 1033 2227 poenispuniuntur,etamis-
1084 2134 1182 2206 tiam·
1240 2133 1288 2210 Et
1302 2142 1337 2211 2.
1359 2138 1453 2211 Petri
1479 2142 1530 2213 b:
1562 2142 1651 2218 Cum
1680 2153 1850 2227 modestia
1873 2173 1907 2231 et
1929 2162 2074 2255 timore,

43 2240 91 2310 sio
108 2238 217 2326 fidei,
242 2250 279 2310 et
300 2251 436 2311 caetera
455 2238 596 2309 delicta.
646 2235 735 2306 ltem
750 2260 852 2330 saepe
864 2238 1031 2310 caecitate
1083 2236 1337 2310 conscientiam
1353 2238 1684 2327 habentesbonam.
1735 2253 1820 2327 ldeo
1838 2273 1878 2332 et
1899 2264 1943 2333 ad
1959 2262 2074 2338 Gala·

42 2354 73 2413 ct
87 2339 241 2433 peccatis
256 2341 383 2413 delicta
398 2340 609 2435 puniuntur.
660 2336 801 2411 Rursus
818 2364 892 2410 oon
914 2342 1031 2412 solum
1082 2350 1135 2409 tas
1149 2336 1185 2409 5.
1203 2341 1351 2413 dicitur:
1378 2343 1568 2420 Manifesta
1583 2367 1667 2423 sunt
1684 2378 1791 2446 opera
1807 2363 1941 2447 carnis,
1968 2370 2074 2439 adul·

43 2441 227 2537 promissio
251 2443 378 2515 invitet
400 2443 444 2513 ad
472 2444 708 2527 credendum,
736 2456 770 2513 et
794 2443 839 2512 ad
865 2442 1026 2515 retineo·
1082 2439 1241 2523 terium,
1283 2447 1476 2540 scortatio,
1524 2450 1765 2545 impudicitia,
1809 2462 1975 2539 idolatria
2007 2484 2073 2544 etc.

42 2548 117 2617 dem
133 2546 261 2632 fidem,
288 2546 470 2616 sedetiam
494 2547 702 2616 mandatum
720 2542 800 2618 Dei.
852 2541 1029 2639 Praecipit
1080 2540 1155 2633 Qui
1177 2544 1262 2614 talia
1285 2546 1441 2639 faciunt,
1469 2574 1617 2642 regnum
1632 2552 1700 2627 Ilei
1725 2584 1798 2632 noo
1826 2568 2070 2657 possidebunt.

43 2648 133 2719 enim
156 2663 197 2720 ut
221 2648 407 2718 credamus
428 2647 514 2719 lilio.
576 2644 708 2717 lnvitet
730 2650 774 2717 ad
799 2650 1029 2718 exercendam
1083 2642 1167 2715 ldeo
1189 2646 1286 2715 enirn
1316 2664 1418 2722 vocat
1447 2654 1652 2741 manifesta,
1692 2663 1775 2757 quia
1800 2666 1888 2741 sacta
1914 2672 2070 2763 damnat,

45 2750 142 2821 hdem
160 2750 520 2840 inbonisoperibus,
545 2750 641 2844 quod
660 2748 738 2820 sine
761 2748 935 2819 exercitiis
954 2773 1027 2821 non
1079 2769 1170 2840 quae
1213 2749 1363 2819 scientes
1402 2769 1524 2825 contra
1567 2762 1821 2836 conscientiam
1862 2772 2069 2853 admittunt.

44 2852 277 2943 meitbdes,
301 2866 340 2923 ut
356 2852 722 2929 ostenditsimilitudo
737 2852 779 2919 de
795 2852 940 2923 talento.
979 2850 1028 2924 Et
1080 2846 1201 2937 Quare
1224 2864 1257 2919 et
1279 2848 1411 2922 Paulus
1433 2853 1541 2932 Rom.
1562 2860 1598 2933 8.
1635 2863 1803 2939 discernit
1831 2889 1985 2962 peccata:
2027 2876 2069 2953 Si

45 2954 235 3027 recteillud
252 2952 488 3044 Augustinus:
514 2950 1027 3041 Dilectiomereturaugmen.
1078 2953 1431 3025 secundumcarnem
1450 2958 1625 3042 vixeritis,
1646 2968 1861 3042 moriemini.
1904 2974 1943 3048 Si
1959 2980 2069 3052 actio-

44 3070 109 3127 trm
123 3034 338 3142 dilectionis,
358 3078 431 3125 ooo
447 3054 542 3126 euim
558 3054 768 3149 loquiturde
783 3054 1028 3145 imputatione,
1078 3074 1141 3121 nes
1159 3054 1276 3123 carnis
1291 3057 1550 3131 mortificabitis
1568 3064 1713 3155 spiritu,
1737 3073 1872 3150 vivetis.
1921 3076 2013 3151 Sunt
2028 3082 2068 3153 io

44 3158 155 3229 tedde
168 3158 287 3231 donis.
324 3156 429 3228 Dona
444 3169 604 3228 crescunt
621 3179 707 3242 usu,
726 3170 759 3226 et
775 3169 955 3227 merentur
969 3160 1025 3229 in·
1078 3155 1207 3225 sanctis
1231 3158 1387 3229 actiones
1408 3161 1545 3248 carnis,
1586 3166 1623 3235 id
1648 3183 1716 3257 est,
1749 3174 1867 3246 vitiosi
1901 3180 2066 3255 affectos:

45 3274 226 3331 crerneota.
258 3260 386 3332 invitet
403 3274 437 3331 ct
452 3258 660 3349 magnitudo
675 3258 937 3328 misericordiae
948 3260 1026 3346 Dei,
1079 3252 1230 3326 hiscum
1249 3276 1447 3351 repugnant
1461 3265 1609 3355 spiritu,
1635 3270 1757 3359 idest,
1784 3301 1857 3348 non
1874 3274 2068 3383 hypocrisi,

44 3362 131 3457 qood
146 3357 241 3434 hanc
255 3364 438 3447 miseram,
459 3362 670 3447 mendicam,
688 3373 808 3432 ettam
827 3362 923 3431 varie
940 3386 1025 3433 con·
1077 3362 1137 3429 sed
1158 3384 1239 3429 cum
1265 3385 1349 3431 vero
1375 3364 1503 3437 timore
1518 3365 1585 3438 Dei
1613 3386 1647 3443 et
1670 3399 1752 3446 vera
1775 3378 1843 3451 lide
1859 3390 2068 3458 coercentur

45 3464 243 3539 mmm
265 3464 525 3545 obedientiam,
553 3476 670 3534 tamen
695 3464 887 3555 approbat,
912 3477 946 3534 et
965 3487 1027 3556 per
1078 3460 1196 3532 vitiosi
1211 3461 1376 3550 allectus,
1401 3484 1549 3541 manent
1571 3476 1684 3546 sancti
1706 3478 1892 3569 ingratia,
1911 3488 2067 3562 retinent

45 3588 110 3637 „m
125 3589 162 3638 ς,
178 3562 318 3639 honore
332 3566 423 3636 attici
440 3566 583 3637 iudicat.
620 3564 1025 3657 invitentetaliaprae-
1076 3562 1251 3662 Spiritum
1275 3580 1435 3638 sanctum
1460 3583 1494 3641 et
1518 3574 1633 3646 iidem.
1706 3576 1830 3677 Neque
1859 3580 1945 3659 haec
1975 3590 2066 3665 liunt

46 3668 104 3739 nie
118 3670 314 3741 necessaria
330 3661 424 3739 vitae
441 3682 475 3739 et
488 3664 680 3753 Ecclesiae,
694 3680 729 3737 et
744 3690 808 3736 suo
826 3668 904 3737 loco
919 3692 1023 3758 expe-
1076 3665 1155 3735 sine
1179 3688 1306 3753 magno
1330 3672 1523 3743 certamine
1552 3676 1590 3745 in
1613 3679 1755 3754 animis.
1832 3684 1959 3760 Variae
1981 3707 2065 3765 suot
2085 3698 2088 3703 '

46 3772 151 3855 unda,
166 3796 258 3867 quae
272 3770 354 3842 fidei
369 3769 543 3842 exercitiis
552 3770 730 3861 proposita
740 3782 835 3849 sunt,
852 3786 889 3840 ut
900 3770 1024 3855 victus,
1075 3768 1201 3838 mundi
1216 3768 1415 3855 illecebrae,
1430 3776 1629 3849 turbulenti
1646 3780 1797 3875 impetus
1810 3803 1892 3860 sunt
1908 3792 1944 3859 in
1958 3816 2064 3866 carne

47 3894 114 3965 pax,
132 3874 220 3945 boni
235 3896 414 3945 successus
430 3872 469 3941 in
485 3872 743 3957 vocationibus,
769 3872 807 3939 in
822 3872 960 3957 studiis,
985 3873 1023 3941 in
1074 3884 1208 3942 nostra.
1264 3867 1312 3943 Et
1332 3873 1498 3947 diabolus
1520 3878 1678 3954 intentus
1706 3901 1756 3958 est
1783 3888 1820 3959 in
1851 3894 2062 3982 occasiones,
2162 3912 2166 3919 '

48 3976 294 4063 gubernatione
308 3972 486 4047 Ecclesiae
502 3987 536 4044 et
551 3972 800 4068 Reipublicae,
827 3974 1021 4044 liberomm
1075 3995 1139 4062 per
1154 3992 1241 4065 quas
1256 3972 1437 4064 impellere
1451 3980 1589 4050 animos
1605 3986 1728 4076 possit.
1779 3988 1862 4062 ldeo
1879 3994 2062 4083 vigilantia

47 4074 162 4167 licus,
196 4080 330 4164 virtus,
361 4090 396 4153 et
415 4076 575 4151 felicitas.
636 4073 733 4146 Haec
757 4090 839 4148 stant
867 4076 1022 4165 ingentia
1076 4074 1181 4144 nobis
1202 4074 1291 4166 opds
1315 4090 1384 4163 est,
1410 4092 1445 4151 et
1467 4081 1841 4169 fideacinvocatione.
1892 4092 1982 4165 Nam
2007 4100 2062 4167 vi-

46 4182 213 4267 praemia,
255 4184 316 4251 sed
337 4194 433 4251 tanta
455 4193 507 4250 est
530 4177 656 4251 mundi
682 4174 847 4261 caecitas,
886 4192 1023 4247 utnon
1075 4175 1184 4247 ctoria
1209 4193 1260 4250 est
1281 4172 1434 4267 Christi,
1477 4182 1515 4253 in
1540 4188 1645 4257 nobis
1668 4192 1842 4264 vincentis
1868 4196 2061 4277 diabolum.

43 4281 149 4355 „lum
165 4285 335 4355 mandato
351 4280 432 4373 Dei,
451 4295 486 4354 et
499 4280 681 4351 mentione
696 4294 919 4351 aeternarum
938 4304 1023 4374 poe-
1076 4276 1145 4350 Sed
1170 4292 1286 4349 tamen
1310 4284 1473 4353 accedere
1496 4301 1616 4357 nostra
1646 4292 1835 4385 disciplina
1861 4300 1985 4388 debet,
2024 4317 2061 4376 et
2154 4322 2157 4327 ’

44 4404 162 4457 narum
185 4409 225 4455 ac
247 4402 408 4457 aeternae
431 4382 554 4455 salutis
582 4384 709 4453 leviter
736 4382 927 4467 afficiatur,
962 4384 1022 4452 sed
1076 4381 1145 4449 lide
1164 4382 1355 4470 petendum
1380 4400 1430 4454 est
1455 4388 1649 4477 auxilium,
1673 4394 1762 4467 sicut
1779 4396 1904 4471 Petrus
1924 4402 2061 4499 inquit:

42 4484 138 4557 etiam
151 4510 227 4557 non
243 4488 327 4560 satis
342 4486 516 4579 intelligat
530 4499 702 4581 quantum
717 4508 807 4577 opus
828 4484 874 4555 sit
895 4508 1022 4577 corpv·
1077 4482 1248 4573 Vlssllalis
1276 4485 1358 4578 ‘lula
1380 4488 1544 4558 dl²h⁰¹¹¹⁸
1562 4506 1730 4585 tan‘1⁰³³‘
1751 4499 1808 4569 ¹²⁰
1825 4502 1968 4593 ‘uilem
1989 4506 2061 4577 εἷ’·
2095 4516 2099 4523 ¹

41 4588 171 4660 talibus
203 4590 410 4675 beneflciis,
451 4603 487 4659 et
515 4601 685 4683 quantum
709 4588 839 4658 reserat
861 4586 908 4655 eis
931 4600 1022 4657 recte
1074 4587 1203 4670 cumit,
1227 4608 1519 4681 quaerensquem
1537 4593 1691 4665 devoret.
1726 4594 1775 4670 Et
1795 4601 1839 4671 de
1856 4604 2059 4699 disciplina:

39 4690 98 4763 mi·
144 4684 557 4781 oremusigimrnfflm
578 4686 937 4782 propterDominum
955 4713 1022 4758 no·
1074 4686 1218 4775 Castigo
1252 4711 1380 4781 corpus
1405 4714 1542 4778 meum,
1574 4709 1608 4765 et
1632 4696 1671 4768 in
1696 4703 1899 4777 servitutem
1925 4710 2060 4801 redigo.

39 4804 147 4863 strum
169 4792 285 4865 lesum
300 4789 502 4879 Christum,
527 4793 589 4887 qui
604 4791 805 4883 interpellat
830 4816 894 4882 pro
908 4792 1024 4876 nobis,
1074 4788 1204 4859 Tinror
1225 4788 1291 4857 Dei
1317 4807 1487 4884 repugnet
1512 4798 1629 4886 pravis
1651 4802 1905 4893 cupiditatibus
1925 4823 1957 4879 et
1981 4811 2061 4880 ille-

37 4906 71 4965 ot
100 4918 169 4966 nos
192 4896 362 4967 exuscitet
383 4898 427 4966 ad
463 4918 581 4964 veram
608 4895 791 4987 pietatem,
827 4894 963 4964 erudiat
988 4907 1021 4965 et
1075 4892 1205 4961 cebris:
1245 4888 1351 4962 Fides
1377 4906 1469 4984 petat
1496 4900 1669 4969 auxilium
1701 4916 1736 4977 et
1761 4910 2060 5005 condonationem

35 4996 209 5087 gubernet
227 5020 292 5067 nos
313 4999 395 5069 dam
411 4995 550 5089 spirim
572 5009 706 5070 sancto·
757 4993 859 5067 sicut
883 4994 1021 5085 ροιιῑςῑ.
1075 4992 1312 5082 infirmitatis,
1337 4994 1481 5087 colligat
1502 5016 1726 5092 argumenta,
1758 5033 1847 5102 quae
1869 5013 2062 5103 ostendunt

35 5112 86 5171 tus
105 5114 157 5172 est
174 5124 212 5171 se
229 5101 394 5171 daturum
414 5100 589 5191 Spiritum
605 5113 764 5169 sanctum
783 5098 995 5189 petentibus.
1075 5094 1356 5184 magnitudinem
1392 5114 1423 5168 et
1457 5124 1591 5191 poenas
1625 5106 1776 5196 peccati,
1808 5125 1992 5203 perpetuas
2027 5128 2061 5187 et

131 5202 187 5275 De
201 5216 325 5297 quarta
341 5204 557 5297 quaestione.
608 5197 662 5269 De
677 5200 881 5269 discrimine
898 5222 1022 5288 pecca·
1076 5212 1286 5288 praesentes.
1354 5198 1403 5272 Ut
1429 5198 1558 5295 loseph
1581 5206 1776 5279 solicitatus
1800 5212 1972 5284 illecebris
1995 5216 2061 5285 do-

30 5314 162 5378 torum,
214 5302 308 5377 Nam
324 5328 403 5377 cum
420 5305 573 5375 dicimus
597 5302 766 5395 reliquias
788 5301 920 5395 peccati
945 5322 1022 5368 ma·
1075 5298 1215 5385 minae,
1240 5322 1314 5370 non
1337 5302 1415 5371 sine
1428 5304 1621 5375 certamine
1644 5309 1772 5380 restitit
1793 5328 1826 5381 et
1848 5306 1961 5384 lu'rori
1981 5342 2062 5387 mu·

28 5428 114 5478 nm
131 5406 171 5477 in
188 5405 342 5491 renatis,
367 5418 403 5479 et
420 5406 527 5477 simul
550 5427 624 5476 esse
648 5402 774 5495 fidem,
808 5423 950 5474 necesse
971 5414 1049 5476 est,
1079 5400 1197 5489 lieris,
1229 5415 1264 5472 et
1284 5404 1427 5472 insidiis
1448 5404 1598 5478 diaboli.
1667 5406 1769 5481 Vidit
1790 5406 1972 5490 diabolum
1993 5412 2063 5489 hoc

1370 5500 1453 5581 st*
