4522 5782
200 208 279 313 ⁸¹⁶
501 257 508 271 ·
659 258 663 265 ·
742 244 749 267 =
795 192 1304 279 PHILMEL-scttlttrtt
1327 192 1644 276 momen·-
1818 188 1914 259 ‚tut
2148 130 2222 278 qs,

207 408 297 459 voco
313 383 359 455 ad
373 397 541 450 sanorum
556 371 826 446 eternditomm
840 372 993 462 indicia,
1018 374 1084 470 qni
1104 371 1196 445 rela-
1246 384 1391 445 montes
1421 373 1510 443 fides
1534 371 1680 444 dimicat
1707 394 1767 443 ne·
1784 362 1949 446 admittat
1978 368 2151 460 Deum,
2185 398 2221 445 ne

206 490 283 561 'tiva
297 483 493 555 secundum
513 477 603 564 dici,
626 490 668 549 nt
682 491 876 564 vocantur,
908 478 1136 568 intelligunt,
1161 492 1197 550 et
1247 472 1564 561 cvettaturalteo,
1589 475 1714 546 statuit
1735 496 1810 546 esse
1825 474 1959 562 Deum,
1990 479 2056 571 qui
2080 477 2145 547 etsi
2166 500 2220 570 pu-

187 587 504 663 ‘animadrertunt
531 580 611 675 quis
639 578 685 650 sit
713 602 799 652 usus
836 576 964 651 harum
1002 580 1197 671 puerilium
1248 576 1323 663 nit,
1349 590 1467 648 tamen
1484 578 1622 648 addidit
1637 578 1909 669 promissionem
1925 579 2117 669 gratuitam
2131 580 2221 650 misc·

97 768 100 777 ,
211 688 501 786 praeceptionum
525 684 564 752 in
586 682 837 752 controversiis
859 683 1095 771 gravioribus.
1150 678 1198 753 Ut
1249 680 1423 751 ricordiae
1446 694 1591 773 propter
1611 681 1726 750 lilium
1751 686 1874 767 suum,
1914 682 2013 753 dedit
2034 681 2149 751 lilium
2170 685 2220 751 ad-

211 795 321 884 igitur
336 786 422 859 haec
439 787 554 857 oratio
569 784 776 854 correlative
791 784 1020 874 intelligitur:
1047 782 1198 854 Fiducia
1249 780 1425 868 intorem,
1459 782 1623 875 promisit
1644 795 1824 853 aeternam
1847 782 2009 858 salutem.
2068 780 2221 855 Cernitur

211 893 371 970 thesauri
393 890 449 961 sui
472 888 571 959 dines
596 900 648 955 est
669 886 863 980 tranquillo
888 887 1061 955 animuin
1085 908 1199 956 anno·
1251 907 1332 974 ergo
1348 881 1446 954 Deus
1465 884 1504 953 in
1527 885 1636 954 verbo
1660 908 1742 971 suo,
1767 899 1801 956 et
1821 909 1921 955 mens
1944 886 1982 955 iu
2006 884 2155 957 verbum
2177 887 2221 955 in·

215 1020 283 1068 nae
300 993 524 1071 difficultate,
551 989 588 1057 id
606 999 680 1066 est,
706 1002 850 1078 propter
865 982 1071 1058 thesaumm
1093 1010 1197 1057 snum
1251 999 1381 1071 tuens,
1423 986 1492 1055 lide
1517 986 1723 1057 confirmata
1753 1011 1826 1060 non
1850 986 1967 1059 delicit
1997 984 2136 1068 aDeo,
2174 987 2222 1057 scd

215 1099 316 1170 dives
335 1111 388 1166 est
408 1090 601 1185 tranquillo
624 1089 762 1161 animo:
798 1090 846 1160 ita
869 1114 949 1160 cum
964 1090 1081 1161 audis:
1111 1088 1200 1159 Fide
1251 1109 1444 1178 agnoscens
1468 1088 1543 1159 eius
1568 1088 1847 1161 misericordiam
1879 1089 2021 1161 invocat
2045 1113 2148 1175 eum,
2176 1112 2225 1159 er·

215 1199 466 1285 iustificamur,
491 1216 574 1262 mox
602 1191 721 1260 veniat
743 1193 783 1261 in
805 1206 958 1263 mentem
981 1193 1200 1274 correlativa,
1252 1202 1369 1282 pectat
1389 1188 1653 1276 liberationem,
1679 1205 1714 1261 et
1737 1192 1882 1263 subiicit
1904 1214 1940 1262 se
1960 1192 2140 1264 voluntati
2159 1188 2224 1270 Dei,
2247 1238 2252 1247 ·

216 1301 291 1389 Per¹
309 1295 586 1368 misericordiam
609 1308 753 1384 propter
769 1287 954 1365 Christum
988 1295 1071 1364 iusti
1095 1317 1201 1385 repu-
1254 1315 1319 1362 nec
1342 1291 1388 1361 ab
1406 1315 1447 1360 eo
1474 1291 1560 1361 sinit
1584 1314 1621 1360 se
1646 1292 1764 1364 avelli.
1826 1289 1875 1364 Et
1898 1294 1974 1365 laus
1997 1293 2169 1365 victoriae
2188 1304 2226 1363 at

216 1419 344 1473 tamur.
395 1396 479 1467 ldeo
499 1395 595 1465 enirn
618 1396 749 1466 dicitur
772 1393 878 1480 Fide,
909 1397 947 1465 id
972 1411 1041 1480 est,
1074 1394 1201 1465 liducia
1254 1393 1355 1464 ducis
1377 1388 1534 1475 Christi,
1572 1393 1634 1487 qui
1658 1395 1802 1493 adiuvat
1833 1420 1935 1482 snos,
1974 1396 2068 1467 sicut
2089 1390 2252 1490 ipsein·¹

197 1493 471 1584 Christi,
517 1521 579 1569 seu
606 1496 734 1566 fiducia
766 1498 1028 1569 misericordiae
1058 1510 1204 1589 propter
1255 1496 1349 1591 quit:
1377 1493 1464 1566 Siue
1479 1518 1535 1564 me
1551 1489 1644 1563 nihil
1662 1496 1806 1587 potestis
1825 1499 1950 1571 lacere.
2002 1494 2101 1567 llaec
2116 1499 2178 1591 qui
2198 1497 2227 1565 in

216 1600 398 1677 Christum
423 1600 635 1693 promissae,
668 1599 753 1669 iusti
781 1622 913 1670 sumus.
978 1601 1032 1669 Ac
1056 1597 1204 1668 memini
1257 1597 1327 1666 vita
1340 1611 1376 1667 et
1389 1596 1429 1665 in
1445 1596 1669 1666 invocatione
1686 1600 1936 1690 experiuntur,
1962 1600 2163 1689 intelligere
2176 1598 2229 1669 do-

218 1705 406 1800 aliquoties
429 1727 484 1770 me
505 1701 760 1790 interrogatum
788 1724 879 1786 esse,
918 1724 982 1771 cur
1011 1702 1202 1771 dicendum
1256 1699 1406 1770 utrinam
1426 1698 1470 1767 de
1490 1699 1558 1767 lide
1581 1708 1748 1790 possunt,
1775 1714 1809 1771 et
1830 1701 1936 1772 simul
1957 1701 2157 1772 diiudicare
2175 1724 2230 1773 no-

220 1811 282 1880 sit:
309 1806 396 1876 Fide
418 1826 540 1873 snmus
563 1804 666 1886 iusti,
700 1803 729 1871 si
756 1804 908 1872 velimus
931 1797 1116 1873 hominum
1143 1824 1205 1893 per
1256 1813 1359 1887 runt,
1380 1802 1476 1892 quod
1495 1800 1597 1886 iusti,
1622 1803 1747 1888 idest,
1772 1804 1906 1894 accepti
1925 1801 2002 1874 Deo
2026 1805 2137 1875 simus
2159 1826 2232 1895 pro·

220 1906 497 1981 misericordiam
531 1926 605 1973 esse
637 1906 783 1976 iustum.
844 1902 902 1974 Ad
932 1905 970 1973 id
996 1906 1204 1997 respondeo,
1256 1918 1334 1995 pter
1346 1897 1548 1987 Christum,
1576 1916 1610 1972 et
1626 1917 1745 1974 tamen
1759 1904 1948 1976 interea‘in
1970 1906 2079 1977 nobis
2100 1896 2233 1977 accendi

222 2009 286 2084 has
309 2032 383 2080 esse
408 2006 633 2078 correlativas
648 2007 842 2075 orationes:
870 2004 958 2076 Fide
972 2029 1094 2075 sumus
1109 2006 1204 2087 iusti,
1255 2017 1396 2096 oportet
1419 2004 1543 2089 fidem,
1586 2028 1675 2096 quae
1705 2020 1756 2077 est
1785 2032 1867 2078 vera
1895 2009 2029 2097 agnitio
2053 2004 2142 2093 Dei,
2178 2027 2231 2075 nse

222 2127 273 2184 et:
299 2111 368 2181 Per
382 2108 659 2179 misericordiam
676 2130 797 2179 sumus
812 2107 907 2177 iusti.
954 2106 1041 2181 ‚sed
1065 2129 1204 2179 necesse
1257 2108 1333 2176 sine
1347 2106 1517 2176 acerrimo
1535 2107 1729 2177 certamine
1741 2109 1883 2179 retineri
1901 2122 2028 2201 potest.

222 2228 277 2289 cst
298 2211 381 2283 lidei
405 2211 621 2280 mentionem
646 2209 740 2290 lieri,
778 2210 861 2302 quia
883 2224 1026 2302 oportet
1049 2209 1204 2303 aliquem
1356 2205 1462 2278 Nunc
1485 2208 1594 2296 igitur
1615 2210 1744 2279 addam
1769 2212 1991 2299 testimonia,
2017 2236 2111 2306 quae
2127 2222 2230 2280 osten·

221 2329 360 2388 motum
387 2336 481 2397 esse,
504 2332 576 2404 quo
592 2311 782 2402 accipimus
798 2335 946 2396 munus,
972 2325 1006 2383 et
1020 2312 1127 2381 nobis
1141 2337 1205 2407 ap·
1256 2312 1349 2381 dunt
1361 2310 1465 2379 fidem
1486 2333 1561 2377 non
1578 2322 1715 2380 tantum
1731 2313 1929 2401 significare
1946 2314 2116 2385 noticiam
2134 2307 2229 2381 histo·

223 2418 408 2512 plicamus.
458 2410 507 2484 Et
530 2437 608 2483 eum
629 2411 734 2481 fidem
759 2413 1008 2498 nominamus,
1031 2436 1129 2482 mens
1148 2416 1205 2482 in·
1258 2412 1351 2496 riae,
1389 2413 1451 2481 sed
1485 2411 1650 2481 fiduciam
1685 2414 1973 2498 misericordiae,
2011 2415 2226 2487 dimicantem

224 2532 366 2590 tueatur
377 2511 582 2604 Christum,
608 2526 643 2582 ct
658 2516 786 2603 cogitet
800 2517 988 2604 gratuitam
1006 2514 1206 2585 misericor·
1258 2538 1338 2584 curo
1357 2514 1600 2604 desperatione
1613 2528 1646 2584 et
1662 2530 1840 2588 contemtu
1855 2514 1934 2592 Dei.

224 2623 321 2691 diam
347 2610 490 2711 propter'
513 2641 594 2686 eum
619 2617 847 2707 promissam,
887 2640 927 2685 ac
948 2629 1079 2687 statuas
1102 2619 1207 2687 teiu-
1364 2613 1472 2686 Rom.
1497 2613 1548 2689 4.:
1589 2614 1722 2687 Paulus
1751 2620 1888 2691 confert
1917 2616 2230 2712 promissionemet

224 2737 319 2793 stum
342 2720 518 2813 reputari,
551 2741 624 2788 non
651 2730 795 2809 propter
823 2718 915 2788 ullas
945 2731 1024 2789 tuas
1050 2719 1208 2804 virtutes,
1261 2718 1395 2797 fidem,
1438 2731 1605 2811 tanquam
1640 2720 1877 2805 correlativa,
1925 2724 2057 2792 docens
2086 2731 2231 2811 oportere

227 2847 289 2895 seu
307 2823 483 2905 actiones,
509 2822 569 2890 sed
586 2834 730 2911 propter
747 2820 843 2889 aliud
860 2834 955 2889 extra
970 2845 1054 2904 nos,
1083 2822 1208 2890 videli-
1262 2819 1534 2911 promissionem
1556 2819 1668 2916 accipi
1695 2823 1775 2899 lide.
1844 2818 1941 2915 Ergo
1967 2824 2053 2892 fides
2075 2820 2231 2912 significat

227 2940 301 3011 cet,
327 2938 471 3016 propter
486 2917 668 2992 Christum
690 2922 940 3007 mediatorem,
965 2925 1144 2992 sedentem
1166 2926 1207 2993 sd
1263 2922 1445 3003 fiduciam,
1472 2943 1562 3014 quae
1584 2922 1712 2991 nititur
1735 2925 1968 3014 promissione
1985 2924 2120 2997 divina.
2168 2917 2231 2989 llos

227 3029 386 3097 dextram
402 3023 827 3116 patris,interpellantem
844 3048 907 3116 pro
924 3024 1037 3097 nobis.
1071 3026 1209 3095 Interea
1263 3023 1506 3097 testimonium
1529 3023 1616 3091 adeo
1639 3026 1865 3117 perspicuum
1890 3042 1960 3112 cst,
1996 3041 2036 3099 ut
2058 3026 2167 3097 nullis
2185 3042 2231 3091 ca·

229 3126 288 3199 hic
312 3131 386 3220 ipse
409 3140 526 3196 motus
550 3126 632 3194 fidei
654 3126 692 3195 in
716 3126 843 3195 animis
873 3127 1024 3209 nostris,
1057 3150 1131 3195 non
1157 3142 1208 3195 est
1266 3125 1412 3205 lumniis
1430 3124 1630 3193 labefactari
1650 3129 1769 3215 possit.
1820 3127 2097 3200 ldeoexlideet
2121 3146 2230 3197 secun·

228 3234 341 3300 otiosa
359 3229 544 3318 cogitatio,
569 3229 629 3296 sed
646 3228 801 3297 luctatur
817 3251 896 3296 cum
915 3228 1110 3298 terroribus
1133 3252 1212 3316 pec·
1266 3233 1350 3298 dum
1369 3229 1535 3315 gratiam,
1562 3239 1602 3295 ut
1622 3226 1719 3297 firma
1739 3231 1783 3300 sit
1798 3233 2005 3322 promissio,
2032 3232 2152 3314 idest,
2181 3225 2229 3295 lla·

228 3333 318 3420 cati,
343 3355 423 3400 cum
440 3342 571 3411 morte,
596 3330 741 3398 dimicat
761 3353 842 3397 cum
861 3328 1024 3410 diaholo,
1048 3330 1111 3421 qui
1128 3325 1214 3399 lror·
1270 3332 1341 3417 gito
1372 3330 1503 3414 fidem,
1548 3351 1617 3422 qua
1650 3331 1842 3424 accipiatur
1876 3334 2063 3427 promissio
2091 3326 2231 3402 reconci-

231 3434 399 3503 ribilibus
415 3432 530 3501 modis
544 3444 728 3522 oppugnat
743 3429 900 3498 infirmas
918 3443 1069 3515 mentes,
1092 3445 1132 3501 ut
1157 3434 1212 3499 vel
1269 3432 1434 3499 tiationis.

232 3536 276 3604 ad
296 3545 513 3603 contemtum
527 3529 614 3615 Dei,
642 3532 698 3600 vel
715 3533 758 3600 ad
774 3532 1054 3622 desperationem
1072 3556 1128 3602 eas
1141 3534 1214 3602 im-
1369 3528 1498 3622 Ephes.
1516 3533 1568 3603 3.:
1596 3532 1665 3602 Per
1679 3560 1784 3628 quem
1800 3538 1971 3607 audemus
1984 3539 2149 3606 accedere
2163 3552 2232 3604 con·

232 3638 360 3732 pedat:
388 3636 478 3705 sicut
495 3633 604 3717 Cain,
629 3632 735 3717 Saul,
760 3631 883 3718 ludas,
913 3648 947 3703 et
971 3633 1214 3703 innumerabi-
1270 3634 1418 3703 fidenter
1435 3636 1614 3723 perfidem
1631 3637 1716 3709 eius.
1769 3637 1875 3726 Quod
1892 3638 2045 3732 requiris
2070 3641 2176 3708 lector
2193 3652 2233 3705 ts·

233 3741 285 3809 les
311 3737 392 3820 alii,
433 3750 620 3827 postquam
644 3748 844 3804 statuerunt
862 3758 900 3804 se
922 3759 941 3802 a
964 3731 1041 3804 Deo
1063 3737 1218 3805 abiectos
1269 3724 1477 3806 stimonium
1502 3737 1699 3808 illustrius?
1738 3740 1807 3808 iam
1829 3743 1923 3810 enirn
1944 3764 2017 3809 non
2043 3764 2124 3810 curn
2152 3758 2234 3834 syttt·

227 3863 324 3924 ,essc,
348 3840 509 3908 furenter
525 3840 678 3906 oderunt
698 3831 854 3905 Deum.
914 3833 988 3905 Alii
1003 3837 1093 3906 liunt
1108 3832 1216 3907 Athei
1272 3833 1415 3928 phantis
1430 3837 1546 3927 litigo,
1574 3841 1634 3907 sed
1659 3840 1736 3929 pios
1758 3855 1792 3912 et
1810 3843 1980 3911 candidos
1994 3842 2143 3912 lectores
2163 3839 2235 3911 allo·

208 3966 297 4013 ·seu
312 3936 497 4031 Epicurei,
524 3952 564 4008 ut
579 3933 735 4018 Pharao,
769 3961 850 4006 eum
869 3938 1217 4025 inmagnisacrurn-
1271 3963 1382 4031 quor,
1414 3935 1478 4007 lros
1498 3934 1688 4026 adhortor,
1723 3955 1757 4012 et
1779 3958 1922 4035 propter
1944 3939 2080 4017 Christi
2106 3944 2237 4035 gloriam

233 4046 292 4114 nis
314 4055 547 4134 aspernantur
577 4041 725 4109 verbum
749 4037 836 4122 Dei,
873 4053 907 4108 et
940 4040 1216 4111 consolationem
1271 4043 1445 4123 obtestor,
1471 4056 1511 4112 ut
1525 4038 1610 4111 haec
1625 4045 1825 4114 testimonia
1840 4047 2030 4137 diligenter
2046 4054 2238 4138 expendant.

235 4147 412 4216 divinam:
439 4166 504 4211 nec
517 4153 714 4211 sustentant
727 4163 763 4209 se
779 4141 867 4225 lide,
893 4141 952 4208 sed
970 4142 1072 4210 fracti
1090 4144 1219 4211 animis
1271 4142 1403 4213 Paulus
1430 4138 1489 4212 ltic
1511 4144 1593 4212 fidei
1618 4159 1780 4216 naturam
1804 4149 1958 4220 declarat
1973 4149 2090 4219 trihus
2105 4146 2238 4237 insigni·

170 4300 190 4313 2
235 4250 365 4318 cedunt
395 4243 558 4328 diaholo,
597 4243 688 4312 sicut
717 4243 898 4311 clamitant
922 4242 1024 4332 impii
1053 4244 1091 4311 in
1114 4246 1219 4314 rehus
1271 4247 1337 4315 bus
1369 4247 1566 4314 vocabulis:
1610 4247 1660 4330 ait
1689 4272 1754 4317 nos
1787 4248 1855 4319 fide
1881 4244 2012 4322 habere
2036 4244 2237 4347 nudandos,

237 4348 409 4419 adversis:
436 4345 529 4416 Sunt
545 4345 649 4413 nobis
667 4345 764 4412 nulla
782 4343 939 4435 prolecto
957 4345 1116 4429 numina,
1140 4370 1218 4415 enm
1271 4343 1525 4446 προσαγωγὴν
1546 4344 1610 4419 καὶ
1641 4346 1875 4445 πεποίθησιν.
1943 4350 2040 4423 Haec
2063 4379 2138 4425 non
2159 4375 2239 4424 com·

236 4474 339 4521 caeco
363 4447 546 4537 rapiantur
576 4445 691 4515 secula
716 4470 808 4515 casu.
875 4443 945 4514 Sed
977 4447 1038 4536 qui
1068 4448 1219 4517 audiunt
1273 4463 1398 4540 petunt
1414 4450 1563 4518 noticiae
1581 4447 1765 4536 historiae,
1791 4478 1881 4547 quae
1897 4457 2013 4544 potins
2029 4459 2198 4539 deterret,
2216 4451 2239 4523 si

237 4550 488 4638 Evangelium,
520 4547 582 4640 qui
605 4562 739 4616 norunt
760 4545 828 4616 Dei
849 4570 954 4636 opera
978 4570 1073 4632 esse,
1107 4550 1219 4618 dedu·
1272 4551 1500 4640 cogitandum
1515 4567 1585 4632 est,
1613 4566 1697 4622 tunc
1712 4572 1990 4626 nos'accessuros
2004 4560 2050 4627 ad
2065 4554 2241 4639 Christum,

237 4677 317 4724 cere
333 4654 377 4722 ad
393 4651 525 4718 inferos
547 4663 580 4718 et
597 4651 782 4734 reducere,
805 4650 844 4718 in
868 4648 930 4719 tali
953 4671 1065 4738 agone
1083 4665 1219 4720 susten·
1272 4677 1351 4722 cnm
1368 4655 1500 4722 erimus
1514 4655 1624 4742 digni.
1674 4653 1822 4726 Necesse
1836 4674 1885 4726 cst
1903 4658 2011 4747 igitur
2027 4661 2134 4731 tidem
2152 4658 2242 4730 intel·

189 4786 196 4798 =
237 4768 315 4825 tant
344 4776 381 4822 se
418 4735 505 4832 lule,
545 4751 756 4839 confugiunt
788 4753 831 4819 ad
863 4753 988 4819 docem
1022 4747 1219 4822 Christum.
1272 4755 1336 4843 ligi
1358 4755 1520 4825 fiduciam
1543 4757 1816 4831 misericordiae.
1868 4757 2125 4832 NecCorhlaei
2150 4760 2243 4833 caril-

236 4856 344 4927 Hune
362 4866 497 4924 norunt
525 4875 599 4922 esse
630 4854 818 4936 victorem,
858 4852 921 4945 qni
944 4854 1095 4922 conterit
1116 4872 1220 4945 caput
1273 4858 1405 4926 latione
1419 4857 1621 4926 labefactari
1644 4862 1775 4949 poterit
1795 4859 1879 4930 haee
1902 4863 2170 4956 interpretatio,
2192 4861 2242 4957 qui

238 4957 433 5051 serpentis:
466 4978 549 5038 seu,
580 4967 621 5023 ut
644 4953 732 5022 alibi
756 4954 907 5036 dicitur,
939 4955 1090 5023 destruit
1114 4979 1219 5043 opera
1272 4957 1407 5049 inquit:
1444 4956 1483 5026 Si
1509 4959 1600 5026 idem
1622 4976 1735 5030 essent
1759 4960 1847 5031 fides
1868 4979 1901 5033 et
1922 4964 2068 5050 fiducia,
2095 4992 2170 5037 non
2190 4964 2244 5035 rd-

236 5062 387 5144 diaboti,
430 5080 470 5125 sc
496 5077 634 5143 semper
662 5056 747 5122 inde
771 5076 882 5142 usque
910 5055 955 5121 ab
979 5056 1084 5123 initio
1107 5058 1221 5126 arllnit
1272 5061 1432 5146 iungeret
1457 5072 1624 5152 tanquam
1649 5063 1829 5146 effectum,
1866 5065 2031 5136 fiduciam
2055 5070 2246 5158 perfidem.

238 5166 322 5237 suis.
383 5158 505 5247 Quare
528 5155 639 5226 adiuti
662 5179 681 5223 a
705 5156 779 5223 lilio
801 5152 889 5236 Dei,
921 5154 1070 5225 vincunt
1095 5159 1221 5227 diabo·
1273 5158 1741 5234 OacumenCarneadeum.
1792 5165 1915 5236 Motus
1935 5168 1974 5236 in
1996 5172 2105 5239 corde
2127 5169 2248 5241 descri-

238 5266 331 5348 lum,
355 5255 741 5330 needeliciuntaDco.
792 5248 881 5324 Nam
907 5249 972 5324 hac
993 5260 1039 5325 de
1058 5281 1096 5326 re
1114 5259 1222 5327 dimi·
1273 5264 1370 5331 bitur
1384 5285 1475 5330 unus
1492 5264 1652 5351 pluribus
1668 5267 1795 5338 verbis.
1848 5265 1993 5339 Etcum
2017 5271 2107 5341 lides
2129 5268 2249 5344 sithic

236 5378 353 5449 catur,
379 5362 543 5431 diabolos
560 5372 661 5448 urget
676 5357 833 5442 animos,
856 5370 895 5428 ut
910 5381 930 5427 a
947 5358 1026 5429 Deo
1043 5360 1222 5433 deficiant:
1273 5379 1388 5437 motus
1402 5389 1473 5457 quo
1492 5369 1534 5434 ad
1552 5365 1665 5435 Deum
1691 5369 1905 5458 accedimus,
1933 5384 2025 5443 certe
2046 5395 2122 5444 non
2147 5389 2252 5471 potest
