4530 5776
204 202 301 316 rost
780 230 907 305 ruat„
936 228 1051 309 aran
1077 228 1291 308 scatere
1316 228 1614 308 aracaeus.
1921 212 1925 219 '
2130 177 2238 311 soar

205 425 324 507 postea
340 430 402 501 per
417 399 611 498 Prophetas
625 401 740 474 scribi
752 404 876 477 voluit.
929 401 1086 476 Orditur
1110 427 1193 495 ergo
1243 404 1351 477 simul
1372 398 1538 477 hortatur
1558 427 1624 473 nos
1646 405 1699 475 ad·
1718 403 1945 486 discendnm,
1972 416 2008 476 et
2028 404 2236 496 alligatnos

202 512 336 586 Paulus
350 506 538 580 ‘Ecclesiae
570 507 768 576 doctrinam
794 533 813 576 a
846 508 1026 591 lectione,
1065 506 1197 576 deinde
1245 503 1393 578 adhaec
1416 521 1509 578 certa
1535 507 1663 598 scripta
1688 530 1751 598 per
1774 501 1970 596 Prophetas
1992 522 2027 579 et
2043 503 2237 601 Apostolos

204 617 309 686 lectio
335 611 546 682 illustranda
570 624 623 679 est
644 608 829 694 doctrina,
864 610 995 693 idest,
1022 608 1195 680 vocabula
1246 610 1388 681 tradita.
1455 607 1602 680 Relutat
1633 609 1739 678 etiam
1766 607 2051 679 Steakeleldium
2085 622 2121 680 et
2151 612 2235 681 alios

204 716 404 788 enarranda
417 726 523 795 sunt,
549 707 763 804 quidDeus,
791 711 876 802 quid
893 711 988 780 tilius
1005 710 1084 791 Dei,
1110 711 1196 802 quid
1249 706 1505 793 enthusiastas,
1544 711 1606 801 qui
1633 713 1813 780 abducunt
1841 706 2004 780 homines
2031 735 2051 780 a
2077 711 2237 799 lectione,

207 821 284 904 les,
311 816 397 910 quid
423 827 623 913 peccatum,
649 813 734 905 quid
760 813 918 881 remissio
943 813 1093 904 peccati,
1119 836 1200 901 gra·
1247 826 1281 882 et
1297 813 1421 883 iubent
1435 811 1585 883 volitare
1601 811 1639 879 in
1656 811 1794 883 coelum
1818 805 1987 881 humanis
2009 813 2234 902 cogitationi·

207 922 283 1004 tia,
324 917 482 998 iusticia,
522 909 782 1001 Evangelium,
823 909 1006 998 Ecclesia,
1041 913 1201 1004 politiae,
1248 918 1335 1004 bus,
1363 926 1396 984 et
1412 936 1494 983 vera
1509 914 1673 985 exercitia
1698 914 1780 982 tidei
1801 913 1974 982 intuentis
1999 940 2124 985 vocem
2146 916 2236 986 diri·

208 1023 460 1101 vitaaeterna,
487 1014 694 1104 significent.
744 1012 842 1086 Haec
861 1016 989 1086 ordine
1009 1018 1201 1085 addocen·
1248 1040 1351 1100 nam,
1384 1017 1553 1087 obruunt.
1621 1014 1835 1085 Moveamur
1864 1015 1973 1106 igitur
1995 1015 2103 1087 Pauli
2133 1019 2234 1103 dicto,

209 1127 296 1191 dum
314 1119 577 1190 accommodato
594 1116 724 1208 exponi
741 1140 880 1187 necesse
896 1130 958 1188 est.
1249 1141 1316 1188 nos
1342 1120 1385 1185 ad
1410 1116 1597 1186 lectionem
1622 1119 1866 1188 exuscitemus.
1917 1115 2042 1187 Altera
2065 1120 2235 1192 sententia

312 1220 489 1292 Nominat
505 1232 538 1289 et
556 1219 848 1298 consolationem,
874 1220 957 1312 quia
973 1218 1052 1289 finis
1069 1217 1201 1290 doctri·
1250 1220 1354 1288 etiam
1373 1219 1512 1308 legendi
1529 1233 1563 1289 et
1579 1219 1737 1288 discendi
1760 1242 1879 1288 curam
1895 1219 2000 1289 nobis
2016 1224 2238 1294 commendat

208 1323 332 1397 naein
346 1319 507 1393 Ecclesia
526 1332 578 1391 est
602 1321 817 1401 consolatio,
845 1321 1031 1405 videlicet,
1057 1347 1126 1413 qua
1147 1344 1202 1389 re·
1252 1318 1309 1389 his
1335 1320 1683 1410 exaggerationibus:
1721 1320 1846 1391 Sermo
1868 1314 2002 1392 Christi
2035 1317 2172 1393 habitet
2201 1326 2235 1394 in

209 1424 388 1497 conciliati
406 1424 485 1494 Deo
512 1421 641 1494 liducia
667 1422 893 1508 mediatoris,
918 1423 1093 1492 efficimur
1112 1437 1203 1494 tem·
1252 1422 1353 1491 vobis
1378 1422 1564 1520 opulenter
1587 1423 1626 1491 in
1654 1424 1753 1492 omni
1775 1422 1959 1513 sapientia.
2019 1422 2235 1498 Necesseest

210 1528 269 1620 pla
299 1523 366 1596 Dei
396 1538 432 1596 et
461 1524 654 1615 accipimus
683 1524 785 1595 initia
818 1524 909 1594 vitae
936 1537 1126 1608 aeternae,
1159 1524 1202 1592 ad
1251 1525 1366 1594 fontes
1393 1524 1574 1593 doctrinae
1597 1540 1688 1595 recte
1719 1523 1829 1609 disci,
1862 1527 1945 1620 quia
1969 1519 2143 1596 haeretici
2166 1551 2234 1598 non

211 1653 318 1722 quam
335 1626 625 1697 resuscitabimur
640 1650 681 1696 ex
699 1641 833 1706 morte,
860 1641 894 1698 et
911 1626 978 1695 erit
1002 1641 1088 1698 tunc
1103 1623 1200 1695 Deus
1251 1640 1404 1697 tractant
1427 1649 1624 1696 sermonem
1648 1621 1784 1696 Christi
1808 1626 2003 1718 sapienter,
2030 1640 2070 1698 nt
2097 1626 2234 1700 Anaba-

211 1729 333 1802 omnia
362 1731 401 1796 in
429 1728 598 1799 omnihus
625 1729 760 1809 beatis,
800 1729 1068 1799 communicans
1098 1727 1202 1797 nobis
1252 1728 1376 1820 ptistae
1395 1731 1605 1798 damnantes
1621 1727 1784 1798 ordinem
1802 1727 2011 1820 politicum,
2037 1728 2232 1802 distinctio-

210 1856 307 1915 sese,
331 1829 431 1900 sdam
457 1830 593 1913 iucem,
619 1829 853 1921 sapientiam,
879 1828 1054 1900 iusticiam
1079 1843 1112 1900 et
1133 1829 1204 1898 lae·
1251 1853 1333 1900 nem
1364 1831 1612 1914 dominorum,
1644 1829 1868 1918 magistratus
1896 1843 1930 1900 et
1958 1830 2113 1914 iudicia,
2148 1833 2229 1901 insi·

217 1933 333 2005 titiam
359 1932 398 2001 in
421 1932 636 2005 aeternitate.
704 1930 832 2001 Talem
859 1931 952 2003 vitae
974 1933 1106 2003 exitum
1130 1954 1204 2001 non
1252 1932 1391 2024 pienter
1411 1946 1445 2001 et
1467 1932 1626 2002 furenter
1648 1945 1881 2022 corrumpunt
1914 1930 2008 2001 dicta
2036 1930 2230 2024 Evangelii.

214 2033 370 2106 ostendit
389 2026 633 2125 philosophia,
660 2057 750 2126 quae
773 2047 824 2104 est
839 2034 1011 2127 particula
1037 2035 1124 2125 legis
1148 2032 1205 2101 di·
1252 2033 1453 2104 Necessaria
1471 2047 1553 2103 sunt
1570 2034 1679 2123 igitur
1692 2034 1876 2103 doctrinae
1897 2033 2025 2103 studia.
2079 2035 2151 2108 Sed
2172 2033 2231 2110 boe

158 2213 162 2219 ,
212 2139 337 2220 vinae,
369 2149 403 2207 et
427 2134 522 2206 videt
552 2159 592 2205 ae
615 2136 777 2226 deplorat
802 2135 963 2226 ingentes
990 2136 1205 2207 calamitates
1252 2136 1331 2205 loco
1353 2159 1427 2204 non
1448 2136 1542 2205 addo
1565 2136 1761 2225 longiorem
1784 2135 2075 2227 explicationem,
2102 2151 2229 2209 tantum

215 2238 354 2337 generis
380 2232 551 2322 humani,
583 2253 619 2309 et
641 2232 804 2308 hortatur
828 2234 992 2307 homines
1014 2241 1058 2307 ad
1083 2237 1206 2306 mode-
1253 2240 1411 2308 obtestor
1427 2258 1551 2308 omnes
1565 2237 1729 2307 timentes
1744 2234 1859 2306 Deum
1867 2289 1879 2322 ,
1907 2251 1948 2308 ut
1972 2253 2096 2310 ament
2119 2240 2229 2314 lectio·
2259 2276 2261 2283 ·

209 2342 337 2424 stiam,
375 2339 466 2409 sicut
499 2336 599 2409 Plato
637 2339 786 2430 inquit:
829 2334 1098 2429 Philosophiam
1130 2360 1205 2408 esse
1255 2364 1337 2410 nem
1350 2340 1558 2409 divinorum
1573 2338 1770 2422 librorum,
1793 2351 1828 2408 et
1843 2352 1986 2430 propter
1999 2339 2230 2430 glortamnet,
2259 2364 2261 2381 ¹

201 2433 604 2533 ’μελέτησινθανάτου.
643 2439 713 2511 Sed
732 2464 799 2509 vox
812 2436 999 2530 Evangelii
1016 2454 1084 2511 est:
1109 2435 1205 2509 Om-
1254 2456 1290 2512 et
1305 2453 1448 2532 propter
1470 2441 1648 2530 propriam
1666 2439 1827 2511 salutem.
1880 2439 2168 2514 Accedatautem
2184 2447 2231 2515 in-

214 2544 271 2612 nis
296 2542 358 2636 qui
383 2541 495 2612 credit
526 2542 719 2626 millium,
752 2537 858 2613 habet
881 2543 990 2612 vitam
1013 2556 1204 2613 aeternam.
1256 2543 1393 2613 vocatio
1417 2539 1504 2627 Dei,
1539 2566 1579 2612 ae
1607 2541 1752 2612 lectioni
1786 2555 1821 2612 et
1843 2542 2049 2632 cogitationi
2072 2545 2231 2618 miscean-

201 2643 305 2715 -vuta
327 2642 408 2712 sciri
431 2640 528 2714 Dens
555 2644 669 2713 blicam
698 2643 845 2712 missum
871 2667 961 2730 ease,
999 2657 1040 2716 ut
1062 2642 1203 2733 colligat
1255 2658 1315 2714 tur
1337 2646 1489 2734 gemitus
1512 2657 1546 2714 et
1567 2657 1671 2729 vota,
1695 2643 1729 2716 et
1754 2656 1912 2735 petamus
1937 2667 2003 2716 nos
2024 2671 2045 2717 a
2069 2646 2147 2717 atto
2160 2646 2229 2736 Dei,

216 2761 396 2817 aeternam
412 2742 626 2829 Ecclesiam,
649 2758 683 2817 et
698 2768 835 2836 semper
849 2769 930 2814 eum
943 2750 1062 2818 adesse
1079 2744 1203 2815 Eccle·
1255 2747 1317 2840 qni
1332 2758 1384 2817 est
1398 2739 1507 2846 λόγος
1522 2744 1655 2815 aeterni
1674 2747 1797 2838 patris,
1812 2745 1966 2838 emdiri,
1988 2746 2083 2819 sicnt
2096 2742 2164 2822 hoc
2177 2776 2228 2844 ps·

214 2851 310 2927 siae,
336 2844 510 2938 vultpati
537 2861 572 2916 et
594 2847 807 2937 expectaris
833 2847 907 2917 filio
923 2847 1115 2933 auxilium,
1137 2848 1201 2915 de·
1254 2863 1328 2919 tere
1350 2848 1472 2918 iussit:
1518 2842 1660 2932 Orate,
1692 2870 1737 2917 ne
1765 2848 1903 2919 intretis
1926 2848 1965 2917 in
1994 2851 2227 2929 tentationem.

213 2949 442 3032 sensionem,
483 2962 518 3018 et
546 2948 678 3019 deinde
705 2949 964 3021 restitutionem
994 2972 1035 3019 ex
1074 2962 1203 3019 morte.
1254 2945 1301 3021 Et
1333 2950 1478 3042 quidem
1506 2949 1583 3037 ipse
1612 2972 1677 3040 pro
1708 2945 1866 3020 Ecclesia
1894 2951 2035 3021 assidue
2065 2968 2228 3047 precatur,

216 3052 304 3123 Vult
329 3051 435 3119 fidem
460 3064 495 3121 et
529 3051 791 3121 invocationem
822 3051 975 3122 exerceri
1006 3068 1041 3121 et
1074 3073 1202 3142 propa·
1254 3052 1346 3123 sicut
1372 3052 1505 3146 inquit:
1546 3050 1732 3122 Sanetilica
1764 3073 1824 3123 eos
1855 3051 1895 3121 in
1918 3055 2085 3138 veritate,
2126 3078 2244 3129 sermo

214 3153 292 3242 gari
307 3176 427 3224 vocem
444 3146 651 3244 Evangelii,
677 3176 723 3221 ne
735 3166 850 3224 totum
873 3176 984 3243 genus
1005 3148 1203 3222 humanum
1252 3169 1336 3226 tuus
1351 3168 1402 3225 est
1417 3154 1555 3224 veritas.
1582 3152 1640 3223 Ad
1659 3149 1766 3225 huius
1776 3152 2117 3227 summiSacerdotis
2128 3162 2229 3231 nostri

213 3257 344 3326 lmstra
359 3254 544 3323 conditum
560 3256 624 3339 sit,
649 3256 710 3325 sed
738 3276 819 3345 pars
843 3276 968 3345 magna
993 3252 1041 3326 sit
1061 3267 1203 3324 aeterna
1253 3256 1492 3347 precationem
1507 3253 1743 3343 adiungamus
1766 3267 1799 3325 et
1820 3269 1941 3327 nostra
1955 3270 2050 3332 vota.
2101 3256 2160 3330 'l'e
2173 3262 2228 3354 igi·

216 3354 394 3439 Ecclesia,
420 3379 510 3447 quae
527 3356 642 3446 ipsum
660 3355 699 3424 in
715 3350 780 3424 lrac
802 3356 873 3425 vita
889 3369 1072 3445 agnoscat,
1097 3368 1133 3426 et
1147 3354 1203 3425 cui
1252 3370 1314 3427 tur
1343 3357 1395 3426 lili
1418 3356 1484 3428 Dei
1504 3353 1660 3427 Domine
1683 3355 1762 3427 lesu
1782 3352 1942 3440 Christe,
1982 3359 2151 3432 crucifixe
2172 3388 2226 3455 pro

217 3457 257 3526 in
282 3468 356 3526 tota
379 3455 587 3526 aeternitate
609 3456 805 3526 bonitatem
828 3479 927 3527 snam
956 3455 1205 3527 communicet.
1255 3457 1362 3527 nobis
1381 3471 1417 3529 et
1437 3459 1659 3543 resuscitata,
1682 3451 1769 3557 idys
1783 3453 1847 3532 καὶ
1861 3454 1972 3534 aanor
1992 3456 2092 3534 didas
2115 3459 2227 3540 ἀϊδίου

166 3556 169 3560 ’
216 3553 290 3628 Res
310 3556 419 3644 igitur
449 3557 619 3626 maximas
645 3555 778 3628 Paulus
809 3556 848 3626 in
882 3558 947 3628 illo
977 3557 1077 3655 brevi
1110 3557 1206 3628 dicto
1254 3555 1412 3656 πατρὸς,
1436 3561 1561 3630 sedens
1576 3561 1621 3630 ad
1637 3562 1797 3632 dextram
1813 3564 1948 3633 aeterni
1966 3564 2099 3655 patris,
2124 3581 2165 3640 nt
2177 3569 2261 3651 des;

217 3657 422 3750 complexus
436 3670 506 3743 est,
532 3659 798 3728 distinctionem
819 3659 1020 3743 doctrinae,
1046 3673 1207 3751 quaeest
1256 3664 1349 3732 dona
1373 3657 1598 3747 bominibus,
1622 3664 1770 3756 supplex
1792 3686 1876 3745 oro,
1907 3678 1948 3736 nt
1970 3688 2037 3737 nos
2060 3667 2227 3740 docessct
2258 3656 2261 3727 l

216 3754 397 3831 Ecclesiae
412 3761 566 3850 propria,
586 3773 621 3830 et
634 3760 828 3852 sapientiae
843 3761 1026 3832 rationalis
1043 3780 1106 3832 seu
1124 3756 1206 3853 phi·
1257 3765 1452 3854 gubernes,
1477 3774 1527 3835 et
1550 3759 1678 3833 bamm
1709 3765 1894 3856 regionum
1915 3760 2092 3840 Ecclesias
2124 3783 2228 3867 proto

218 3853 414 3956 losophisc.
466 3860 558 3933 item
575 3862 759 3935 doctrinae
775 3861 918 3936 initium
936 3875 973 3936 et
988 3862 1107 3942 anem.
1158 3858 1207 3937 Et
1224 3844 1233 3945 l
1258 3886 1337 3958 gas,
1361 3865 1491 3940 amen.
1524 3876 1527 3881 ’
1545 3864 1628 3965 θεῷ
1641 3857 1745 3949 δόξα.
2259 3864 2261 3869 ’
