4522 5782
17 186 23 197 '
106 208 184 287 ser
558 190 564 227 ³
693 130 823 267 aaran
847 188 968 268 uun
993 184 1533 270 smrmamaoanca.
1778 206 1797 221 ··
1919 210 1922 215 ·
2055 170 2134 263 'ass

111 402 147 460 te
161 399 228 458 etc.
251 378 327 475 ilas
341 359 535 447 sententias
549 383 585 441 et
600 367 734 437 similes
750 365 854 434 nobis
871 364 1101 444 inculcemus,
1255 361 1383 436 Polcre
1405 378 1521 435 autem
1544 362 1705 457 depingit
1728 357 1816 434 haec
1832 359 2009 432 sententia
2027 380 2133 430 resur·

114 506 148 560 et
165 491 291 558 adnos
309 501 451 574 quoqne
471 473 648 564 pertinere
668 483 883 552 statuamus,
914 481 948 537 et
970 466 1103 535 talibus
1154 465 1348 537 rectionem
1370 478 1405 537 et
1426 487 1574 556 regnum
1595 462 1742 538 Christi.
1797 462 1905 554 Quod
1923 462 2023 533 enim
2040 462 2129 534 dicit:

115 584 413 683 promistionibus
429 580 534 647 iidem
552 574 591 642 in
607 571 713 641 nobis
728 569 937 649 excitemus,
957 569 1104 649 alamus,
1153 565 1234 638 Erit
1250 590 1345 638 mors
1369 568 1444 638 eius
1465 568 1638 658 gloriosa,
1664 566 1836 657 significat
1853 589 1937 635 eum
1954 588 2032 636 non
2049 564 2127 656 peri-

117 706 223 783 etque
237 685 504 757 confirmemus:
520 698 603 744 nam
620 669 688 743 hoc
701 670 856 742 exercitii
874 692 1003 761 genere
1016 668 1104 738 fides
1155 683 1277 741 turon
1301 668 1339 738 in
1354 683 1469 740 rnorte
1491 667 1583 740 sicot
1604 669 1665 739 alii
1682 691 1799 758 reges,
1824 690 1906 739 cum
1925 666 2128 747 moriuntur,

118 794 228 866 alitur
254 802 288 859 et
315 784 578 854 corroboratur.
1157 772 1328 841 amittunt
1350 794 1470 861 mgna.
1519 766 1567 840 At
1592 766 1651 840 hic
1674 767 1752 842 Res
1777 791 1841 861 per
1860 782 2013 838 mortem
2038 791 2126 838 oceo·

1162 872 1261 966 pabit
1287 894 1455 963 regnum,
1494 885 1529 942 et
1553 885 1632 963 post
1652 885 1801 941 mortem
1826 892 1908 939 vere
1933 893 1974 940 ac
1995 869 2129 960 gloriose

1161 974 1334 1064 regnabit.
1390 972 1480 1044 Nam
1503 974 1609 1045 etiam
1634 988 1713 1065 post
1736 986 1886 1042 mortem
1910 972 1980 1041 erit
2006 971 2127 1062 signum

1162 1075 1321 1168 populis,
1348 1071 1483 1146 Gentes
1505 1077 1549 1145 ad
1567 1098 1647 1144 eum
1666 1085 1898 1158 concurrent,
1920 1073 2129 1145 suxiliano

227 1191 323 1262 Haec
340 1201 391 1257 est
407 1180 586 1253 conclusio
604 1177 711 1249 totius
731 1175 800 1245 loci
815 1175 860 1243 de
873 1196 940 1245 usu
954 1195 1111 1243 cererno·
1161 1178 1309 1250 salutem
1328 1178 1374 1247 ab
1389 1201 1430 1247 eo
1445 1178 1689 1268 expectabunt.
1731 1173 1852 1265 Quare
1867 1175 2056 1257 reviviscet
2070 1188 2129 1268 pon

122 953 216 1033 Ideo
244 946 421 1024 assumite
460 967 522 1015 vos
551 949 704 1022 mutuo,
748 934 841 1008 sicut
872 943 903 1005 et
933 927 1109 1007 Christus

471 1059 649 1117 assumere
682 1062 761 1113 nos.

126 1300 287 1373 uiarum,
314 1292 350 1358 in
370 1310 441 1380 quo
462 1279 672 1355 adhortatur
689 1275 822 1348 Gentes
837 1292 870 1346 et
896 1275 1043 1343 ludaeos
1065 1275 1109 1342 ad
1162 1293 1333 1364 mortem,
1365 1302 1430 1348 nec
1455 1279 1522 1349 erit
1542 1278 1697 1361 otiosus,
1729 1281 1791 1346 sed
1808 1278 1994 1361 defendet,
2020 1279 2130 1367 gnber·
2176 1275 2177 1307 l

127 1395 373 1473 concordiam,
410 1401 446 1458 et
469 1386 596 1474 allegat
624 1380 822 1471 exemplum
854 1373 988 1446 Christi
1015 1375 1113 1467 quod
1164 1380 1282 1461 nobit,
1309 1393 1343 1450 et
1359 1379 1512 1451 servabit
1528 1402 1607 1463 eos,
1633 1379 1695 1473 qui
1713 1381 1756 1449 ad
1777 1380 1892 1471 ipsum
1907 1379 2113 1468 confugient.

129 1523 233 1592 supra
256 1489 463 1588 proposuit:
499 1484 572 1574 Qui
596 1507 676 1553 curn
698 1481 744 1552 sit
766 1479 860 1549 lilius
884 1476 969 1556 Dei,
994 1490 1113 1546 tamen
1266 1482 1387 1575 Atque
1401 1483 1449 1553 ita
1467 1483 1582 1553 solent
1596 1475 1794 1572 Prophetae
1810 1476 2134 1556 subindicareChri-

50 1675 56 1684 ,
129 1598 369 1670 amantissime
399 1611 466 1659 nos
493 1587 640 1655 miseros
660 1595 694 1654 et
718 1582 886 1669 indiguos
912 1579 1115 1670 complexus
1164 1583 1210 1656 sti
1233 1585 1547 1665 resurrectionem,
1588 1583 1671 1676 quia
1693 1596 1867 1653 testantur
1890 1582 2073 1669 futurum,
2103 1594 2135 1654 nt

131 1717 201 1787 est,
226 1723 288 1769 sua
302 1707 416 1765 morte
429 1712 495 1760 nos
511 1686 682 1768 redemit,
708 1707 772 1753 suo
794 1681 965 1752 beneficio
988 1695 1114 1754 servat.
1167 1699 1336 1777 perpetuo
1358 1687 1508 1757 adorent
1532 1708 1614 1755 eom
1638 1679 1820 1764 homines,
1852 1697 1894 1754 ut
1910 1681 2056 1756 Psalmo
2072 1685 2135 1759 72:

54 1819 60 1829 “
133 1803 174 1874 lrl
205 1798 404 1888 exemplum
427 1794 525 1861 iubet
548 1811 613 1857 nos
637 1785 788 1866 imitari,
830 1797 870 1853 ut
897 1795 1022 1851 mutuo
1050 1805 1116 1851 nos
1166 1783 1215 1858 Er
1233 1787 1411 1859 timebunt
1434 1810 1515 1857 eum
1538 1788 1652 1857 don„
1675 1786 1744 1857 ,ῆι
1763 1787 1817 1856 ω]
1838 1799 1872 1855 e,
1895 1785 1994 1857 pum·
2048 1785 2136 1858 hem:

133 1903 427 1995 complectamur,
463 1915 528 1961 nec
550 1902 695 1981 propter
717 1884 1044 1956 dissimilitudinem
1066 1885 1115 1954 ri·
1167 1888 1278 1958 Tues
1298 1892 1462 1959 sacerdos
1478 1890 1516 1958 in
1533 1901 1730 1961 aeternum.
1787 1886 1936 1958 Necesse
1959 1889 2057 1959 enim
2078 1903 2138 1959 mr

133 2023 254 2088 tuom,
288 1996 579 2090 tranquillitatem
603 1985 800 2072 Ecclesiae,
833 2000 868 2057 et
890 1986 1117 2055 concordiam
1167 1985 1351 2060 Christum
1375 1991 1582 2060 resuscitare
1603 2013 1643 2060 ex
1666 2002 1799 2074 morte,
1832 1988 2013 2082 siquidem
2030 2014 2136 2083 perpe-

133 2104 289 2177 ldbefilfl
316 2102 483 2169 θῖὓῆωὓῦ·
1154 2106 1231 2167 ¹tuo
1259 2106 1469 2182 regnaturus
1494 2104 1579 2165 erat.
1646 2089 1736 2161 Nam
1760 2091 1799 2160 in
1821 2085 1889 2161 hae
1913 2094 2060 2166 mortali
2081 2093 2136 2165 rita

236 2202 284 2276 Et
304 2204 385 2296 quia
407 2213 493 2269 tunc
518 2208 594 2265 erat
622 2194 716 2264 inter
736 2187 870 2260 Gentes
896 2213 937 2260 ac
967 2186 1118 2259 ludaeos
1169 2194 1291 2264 nullus
1317 2218 1378 2263 rex
1407 2208 1576 2286 perpetuo
1602 2192 1708 2277 vivit,
1743 2206 1803 2263 sot
1825 2207 1960 2285 regnat.

135 2308 321 2402 praecipue
350 2298 435 2372 haec
463 2294 702 2369 controversia
731 2294 775 2362 de
799 2292 948 2377 ritibus,
990 2291 1118 2360 iterum
1272 2293 1412 2365 Deinde
1426 2296 1643 2385 significatur
1656 2290 1875 2388 hocquoque
1889 2289 2136 2386 regnomeri·

136 2411 291 2480 inculcat
313 2389 1120 2488 ludaeistestimonia,quaeostendontEvan·
1169 2399 1213 2469 sei
1236 2397 1313 2467 fore
1334 2422 1407 2466 non
1432 2400 1674 2482 mundanum,
1716 2398 1776 2465 sed
1802 2397 1974 2484 coeleste,
2014 2397 2053 2465 in
2082 2418 2136 2489 pos

138 2513 267 2602 gelium
291 2507 455 2576 etiamad
473 2499 610 2571 Gentes
631 2498 826 2589 pertinere,
866 2517 976 2588 quare
998 2491 1121 2563 ludaei
1171 2499 1344 2570 divinitus
1361 2522 1417 2569 res
1433 2515 1591 2590 geretur,
1615 2499 1743 2593 inquo
1760 2498 2067 2574 Deivoluntasad
2087 2517 2136 2569 nst
2162 2502 2168 2509 '

137 2638 212 2683 non
234 2611 382 2680 debeant
404 2600 586 2695 aspernari
607 2596 760 2684 Gentes,
791 2599 852 2667 sed
875 2596 972 2665 velut
996 2596 1121 2665 fratres
1171 2603 1396 2695 perferretur,

138 2731 266 2784 etvere
286 2708 456 2801 populum
470 2702 536 2774 Dei
558 2700 753 2792 complecti.
807 2694 1122 2768 interimetGen-
1273 2702 1386 2774 Porro
1411 2702 1584 2773 sententia
1606 2703 1717 2774 tristis
1739 2718 1846 2788 esset,
1867 2704 1898 2773 si
1920 2706 2136 2794 taleregnou

138 2830 191 2887 tes
207 2813 390 2885 confirmat
407 2805 461 2876 his
483 2803 716 2887 testimoniis,
743 2825 788 2870 ne
808 2802 972 2872 dubitent
986 2794 1121 2872 Christi
1171 2805 1401 2892 describeret,
1426 2805 1464 2873 in
1487 2828 1558 2899 qno
1576 2819 1711 2875 rantum
1729 2821 2017 2898 proponerentur
2039 2807 2138 2876 minse

139 2916 308 2987 beneficia
331 2915 374 2984 ad
397 2933 433 2979 se
462 2909 650 3001 pertinet&
1172 2912 1216 2981 de
1238 2908 1371 2978 iudicio
1392 2907 1462 2978 Dei
1483 2910 1651 2976 adversus
1672 2902 1845 2978 homines.
1905 2906 2031 3005 ltaque
2052 2909 2139 2995 lones

130 3014 139 3021 ”
241 3016 333 3089 Citat
358 3026 473 3083 autern
498 3015 593 3080 iuter
618 3022 772 3078 caeteros
797 3007 892 3076 locos
921 3019 957 3076 et
981 3018 1123 3076 senten·
1173 3010 1278 3082 aliter
1310 3005 1368 3079 hic
1399 3009 1610 3078 describitur
1639 3032 1787 3099 regnum
1820 3005 1968 3085 Christi.
2031 3009 2140 3099 ingess

140 3122 227 3192 tiam
252 3143 293 3189 ex
316 3112 420 3186 Esaia
445 3127 613 3198 sumtam,
658 3135 764 3202 quam
787 3132 853 3178 suo
881 3132 979 3176 more
999 3108 1124 3177 recitat
1174 3112 1367 3182 consolatio
1398 3111 1435 3179 in
1468 3105 1524 3181 his
1556 3111 1673 3179 verbis
1695 3111 1900 3183 suavissime
1925 3112 2141 3213 proponitur*

32 3260 36 3271 ·
140 3225 237 3293 iuria
254 3216 520 3291 translationem
535 3216 752 3301 septuaginta
771 3210 1017 3301 interpretum.
1051 3208 1122 3279 Ne·
1176 3214 1216 3284 ln
1233 3239 1274 3283 eo
1289 3228 1410 3302 gentes
1424 3214 1629 3302 sperabunt.
1668 3211 1748 3286 Erit
1763 3213 1874 3301 igitur
1887 3238 2038 3305 regnum
2054 3210 2143 3287 Chri·

141 3349 210 3413 qsre
226 3337 345 3393 tamen
362 3312 698 3389 sententiaGraecae
714 3313 875 3382 lectionis
891 3314 936 3381 ab
950 3309 1124 3381 Hebraico
1174 3317 1216 3386 sti
1235 3340 1307 3385 non
1327 3338 1475 3404 regnum
1493 3314 1590 3382 exitii
1612 3329 1644 3384 et
1661 3314 1890 3404 perditionis,
1922 3320 1985 3387 sed
2009 3336 2143 3409 regnum

141 3427 334 3515 discrepat,
359 3446 399 3491 ac
423 3443 467 3487 ne
485 3417 601 3486 verbis
616 3416 760 3507 quidem
784 3414 934 3483 multum
957 3413 1125 3482 dissonat·
1174 3419 1248 3511 spei
1275 3433 1309 3487 et
1334 3417 1466 3486 salutis.
1519 3413 1628 3486 Venit
1651 3410 1817 3487 Christus
1839 3442 1915 3488 non
1936 3433 1979 3490 nt
2008 3420 2145 3497 damnet,

142 3525 296 3596 Hebraei
322 3523 371 3592 sic
396 3524 535 3608 legunt:
562 3513 609 3586 Et
632 3518 699 3586 erit
724 3517 787 3584 illo
812 3516 870 3583 die
886 3514 985 3584 radix
1003 3516 1124 3600 lessae,
1175 3543 1248 3589 non
1265 3522 1405 3612 perdat,
1422 3519 1481 3586 sed
1498 3531 1535 3585 ut
1552 3532 1667 3587 servet
1682 3542 1722 3588 ac
1736 3519 1897 3595 restituat
1911 3545 1979 3593 nos
1993 3522 2064 3593 iam
2080 3533 2146 3591 ante

144 3651 243 3720 qsrae·
258 3626 382 3709 stabit,
418 3639 457 3693 ut
474 3623 520 3692 sit
536 3621 676 3714 signum
693 3617 855 3709 populis,
889 3614 1023 3686 Gentes
1047 3640 1123 3685 eam
1176 3623 1362 3693 damnatos
1387 3634 1420 3690 et
1443 3619 1663 3689 adiudicatos
1685 3622 1803 3692 morti.

2173 2280 2178 2369 l

142 3730 343 3822 requirent,
368 3739 401 3795 et
424 3724 490 3795 erit
506 3745 600 3791 mors
622 3721 697 3789 eius
719 3720 883 3810 gloriosa.
937 3715 1043 3806 Quod
1066 3713 1125 3787 hic
1278 3721 1366 3792 Nam
1391 3716 1458 3790 hoc
1481 3743 1629 3808 regnum
1656 3746 1788 3792 novum
1817 3722 1897 3792 ideo
1928 3722 2146 3794 constitutum
2178 3716 2180 3745 ⁵

88 3824 93 3837 ’
143 3833 288 3920 legitur:
323 3826 459 3905 Stabit,
499 3838 539 3894 ut
567 3824 611 3892 sit
638 3821 776 3910 signum
800 3820 961 3911 populis,
996 3819 1125 3890 Graeci
1176 3838 1249 3905 est,
1282 3837 1320 3893 ut
1346 3824 1392 3892 sit
1416 3823 1594 3911 potentius
1619 3845 1728 3912 regno
1750 3823 1882 3914 peccati
1907 3838 1941 3894 et
1966 3825 2065 3915 legis.
2111 3816 2147 3891 Er

143 3945 341 4014 verterunt,
366 3928 549 4016 Erigetur,
574 3941 612 3996 ut
629 3924 775 4013 imperet
791 3917 981 3993 Gentibus.
1038 3920 1124 3989 Ver·
1148 3906 1152 4013 ξ
1176 3949 1256 3996 eom
1279 3926 1334 3994 lex
1357 3939 1458 3993 antea
1478 3925 1571 3992 edita
1593 3924 1656 4003 sit,
1691 3926 1727 3992 in
1744 3949 1813 4019 qua
1831 3925 1882 3994 ira
1899 3924 1966 3996 Dei
1993 3929 2146 3998 adversos

141 4037 227 4104 bum
246 4034 340 4102 enim
359 4027 571 4131 libraicum,
597 4029 690 4118 quod
716 4020 773 4092 hic
789 4025 928 4113 signum
946 4023 1127 4106 vertimus,
1177 4040 1357 4116 peccatum
1375 4039 1513 4095 ostensa
1531 4039 1601 4109 est,
1633 4049 1707 4094 non
1731 4027 1800 4096 iarn
1825 4026 1921 4098 venit
1938 4023 2101 4097 Christus
2116 4037 2148 4093 ot

143 4137 315 4226 significat
339 4131 464 4200 vexilla
490 4144 525 4198 et
550 4122 736 4218 trophaea,
778 4138 811 4195 et
841 4125 969 4194 similia
999 4148 1125 4193 monu-
1150 4133 1154 4155 ¹
1178 4129 1290 4218 legem
1306 4129 1447 4212 afferat,
1472 4128 1510 4196 in
1532 4150 1600 4219 qua
1620 4151 1743 4196 rursus
1764 4129 1976 4200 condemnet
1995 4154 2078 4209 nos,
2099 4126 2147 4197 sed

142 4252 272 4308 menta·
326 4233 494 4321 iutelligit
518 4229 613 4298 111ἱ111
640 4222 822 4297 Chrltlum
853 4229 977 4296 ducem
1002 4250 1041 4293 11
1071 4229 1125 4292 vi·
1150 4254 1154 4343 p
1177 4231 1457 4301 adversusillam
1473 4230 1804 4299 condemnationem
1828 4229 1931 4299 affert
1955 4229 2148 4322 promissio·

144 4355 274 4409 ctorem
294 4341 390 4418 sore,
418 4338 484 4403 sub
506 4334 605 4400 cuius
623 4330 751 4398 vexillo
766 4329 832 4399 iuti
851 4330 1000 4411 erimus,
1025 4328 1126 4397 cuius
1150 4352 1154 4473 p
1178 4356 1259 4400 nem
1291 4345 1324 4401 et
1354 4331 1646 4404 consolationem.
1707 4331 1829 4426 ltaque
1850 4333 1916 4404 etsi
1939 4348 2073 4404 terrent
2095 4352 2148 4401 nos

143 4439 319 4531 praesidio
337 4454 494 4526 tegamur
508 4457 547 4502 ac
562 4434 793 4501 defendemur
808 4433 1125 4498 adversussumma
1177 4447 1315 4526 peccata
1350 4448 1492 4518 nostra,
1524 4447 1642 4503 tamen
1669 4434 1820 4504 sciamus
1852 4428 1950 4504 hunc
1979 4432 2148 4507 Christum

120 4542 256 4618 mala,
283 4553 482 4630 peccatum,
508 4535 597 4603 iram
616 4530 702 4616 Dei,
727 4534 879 4614 inferos,
906 4545 939 4601 et
958 4535 1126 4600 adversus
1177 4536 1398 4626 propositum
1441 4557 1532 4618 esse,
1569 4547 1608 4604 ut
1642 4558 1822 4626 speremus
1862 4537 2027 4611 salutem.
2084 4532 2148 4605 Hoc

143 4643 336 4735 potentiam
353 4639 497 4709 diaboli.
532 4629 998 4728 ElquodEbraeushahet:
1025 4630 1126 4703 Gen·
1176 4638 1343 4727 pontifice
1357 4632 1530 4706 habemus
1544 4633 1660 4705 Deum
1679 4637 1866 4729 placatum.
1901 4636 2148 4725 Hicdorreget

143 4761 195 4818 tes
218 4765 298 4813 eum
323 4743 522 4836 requirent,
547 4738 641 4806 idem
664 4750 732 4813 est,
760 4742 853 4830 quod
876 4734 926 4805 ait
951 4733 1125 4805 Graecus:
1176 4761 1242 4806 nos
1264 4741 1431 4807 adversus
1461 4738 1667 4823 diabolum,
1705 4743 1874 4809 adversus
1895 4754 2069 4825 mortem,
2097 4736 2148 4807 ad·

144 4846 278 4919 Gentes
311 4845 348 4914 in
383 4869 424 4913 eo
455 4841 659 4933 sperabunt.
718 4836 807 4907 Nam
837 4840 899 4930 qui
929 4838 1124 4930 abaliquo
1176 4862 1297 4907 versus
1324 4841 1449 4911 mundi
1472 4838 1665 4909 saevitiam.
1717 4839 1838 4928 Quare
1863 4836 2150 4913 inomnibusrl·

141 4949 312 5020 auxilium
336 4962 370 5018 et
396 4947 542 5015 salutem
567 4954 750 5031 expetunt,
792 4954 935 5036 sperant
961 4953 996 5009 et
1019 4962 1124 5030 expe-
1175 4939 1393 5010 flictionibos
1409 4945 1452 5011 ad
1481 4937 1576 5010 hunc
1599 4941 1813 5013 versiculum
1839 4944 2087 5033 respiciamus:
2115 4936 2149 5008 ln

73 5126 81 5145 .
141 5066 256 5136 etant,
299 5059 516 5119 concrrrrunt
551 5057 585 5113 et
619 5040 828 5129 confugiunt
859 5044 901 5108 ad
938 5065 1030 5111 eum.
1082 5038 1122 5110 ld
1176 5064 1216 5111 eo
1237 5057 1355 5129 gentes
1370 5045 1579 5131 sperabunt,
1606 5044 1757 5114 sciamus
1773 5046 2151 5117 araxiliumessalutem

140 5149 298 5220 Ebraerrs
316 5152 421 5220 dixit:
450 5146 648 5238 Requirent
667 5166 759 5210 eram.
793 5144 844 5213 lta
863 5143 891 5209 si
908 5145 988 5232 quis
1004 5144 1124 5212 dextre
1148 5210 1150 5219 ,
1174 5165 1195 5214 a
1218 5139 1361 5214 Christo
1378 5147 1564 5235 petendam
1583 5159 1617 5215 et
1632 5150 1884 5236 expectandam
1909 5170 1995 5223 esse.

139 5255 388 5343 interpretetur
405 5251 577 5320 Graecam
599 5244 806 5326 lectionem,
833 5243 966 5315 videbit
982 5259 1127 5316 sentem.
1274 5246 1393 5338 Atque
1413 5245 1501 5315 illud
1525 5247 1638 5337 ipsum
1663 5245 1948 5339 vultiparticula:
1976 5248 2102 5334 Stabit,
2120 5256 2153 5313 nl

137 5355 222 5431 llam
252 5378 332 5423 cum
356 5350 505 5423 Ebraica
530 5347 680 5418 omnino
703 5366 907 5437 congruere.
1175 5347 1220 5420 sit
1242 5347 1381 5438 signum
1412 5349 1571 5444 populis,
1615 5343 1684 5421 hoc
1716 5366 1790 5438 est,
1833 5351 2017 5443 regnabit,
2057 5347 2153 5423 etad
