4522 5782
53 243 128 325 ωε
418 244 502 319 xtt.
551 238 854 321 uuanaarto
881 240 1144 320 muvaun.
1176 234 1394 323 toauttts.
1443 232 1717 328 ctu.xv1u.
1794 236 1799 241 “
2007 256 2083 333 eoo
2213 217 2223 225 ’

54 420 213 493 articulo.
264 416 412 491 Fatetur
428 417 594 491 sefilium
610 415 677 489 Dei
693 439 786 500 esee,
811 431 847 490 et
862 421 993 491 latetur
1007 441 1044 488 se
1096 418 1231 490 tionem
1247 416 1484 511 pontificiam,
1508 435 1542 490 et
1556 423 1752 494 multorum
1770 427 1996 518 politicorum
2013 427 2082 504 ho·

55 522 185 613 Regem
207 546 301 605 esse,
326 535 362 593 et
384 521 539 591 declarat
561 543 730 611 regnum,
755 521 939 615 inquiens:
970 520 1044 592 Re·
1095 521 1254 605 minum,
1277 523 1340 614 qui
1361 523 1517 609 cogitant
1535 522 1727 595 Ecclesiam
1751 552 1825 599 esse
1848 533 2007 621 politiam
2032 536 2081 604 si-

54 648 159 711 geum
181 648 302 695 meum
332 648 406 694 nou
429 637 482 695 est
507 624 553 693 de
575 618 644 693 hoe
668 625 825 709 mundo,
858 638 965 717 atque
993 625 1041 695 ita
1094 623 1215 691 milem
1232 645 1353 713 regno,
1379 625 1418 693 in
1435 648 1508 722 quo
1525 640 1686 717 oporteat
1702 654 1814 700 unum
1831 634 1976 728 aliquod
1995 637 2080 705 visi-

55 727 242 799 distrimeu
267 727 368 817 regui
390 724 564 809 Messias,
590 726 687 817 quod
710 738 981 810 estaeternum,
1007 740 1042 795 et
1096 726 1167 793 bile
1192 740 1298 820 caput
1321 749 1414 808 esse,
1448 743 1621 798 armatum
1648 733 1821 820 potentia,
1854 750 1887 806 et
1912 751 2080 829 potestate

55 829 153 919 regui·
166 829 316 918 politici,
333 829 430 921 qnod
447 840 664 898 cessaturum
680 843 744 915 eat,
762 829 883 900 tradit.
920 826 1040 917 Quin·
1094 828 1270 897 condendi
1289 830 1381 918 leges
1397 843 1431 898 et
1447 830 1725 921 interpretandi,
1742 837 1884 906 laxandi
1901 851 1935 907 et
1951 841 2080 909 astrin-

55 946 127 1016 tus,
153 928 280 1021 Quare
293 929 417 1001 ludaei
431 927 708 1000 dicautaNobis
731 954 804 1000 uon
827 931 909 1000 licet
930 931 1042 999 inter·
1093 930 1198 1018 gendi
1226 931 1318 1019 leges
1341 932 1481 999 divinas
1507 946 1541 1001 et
1574 930 1757 1010 humanas.
1809 935 1857 1009 Et
1882 934 1950 1009 hoe
1976 954 2082 1033 caput

55 1033 153 1103 acere
166 1031 458 1127 quenquam,ubi
471 1031 689 1123 deploranda
703 1047 755 1103 est
771 1028 956 1103 horribilis
972 1035 1038 1100 mi·
1094 1033 1218 1101 volunt
1234 1034 1414 1119 alligatum
1435 1057 1506 1103 esse
1522 1048 1616 1104 certo
1634 1037 1732 1125 loco,
1758 1052 1793 1109 et
1811 1041 1974 1111 electioni
1992 1044 2078 1113 certi

53 1134 138 1209 teria
152 1136 297 1225 generis
312 1129 477 1219 humaui,
493 1136 588 1227 quod
607 1158 680 1202 non
696 1133 811 1204 solum
834 1132 963 1217 ludaei,
979 1137 1039 1204 sed
1092 1134 1251 1222 collegii,
1275 1135 1367 1204 utin
1383 1136 1462 1204 aliis
1478 1137 1607 1224 regnis.
1658 1136 1749 1209 Cum
1773 1156 1900 1213 natura
1917 1139 2080 1215 homines

54 1236 153 1307 etiam
167 1233 319 1307 Ethuici
332 1232 752 1316 interficiuntChristum,
769 1251 808 1305 ut
824 1237 1041 1327 significetur
1093 1237 1293 1326 intelligant
1319 1238 1480 1328 politica,
1505 1238 1657 1308 libenter
1682 1244 1937 1316 transformarit
1956 1244 2080 1315 Eccle-

54 1361 172 1411 amues
195 1333 361 1409 homines
383 1362 463 1408 reos
483 1362 558 1408 esse
570 1339 699 1408 mortis
714 1332 866 1423 Christi,
894 1333 962 1408 boc
978 1353 1040 1425 est,
1091 1339 1179 1408 siam
1197 1338 1236 1406 in
1253 1339 1356 1408 talem
1374 1336 1566 1409 humanam
1586 1342 1757 1432 politiam.
1798 1344 1868 1417 Sed
1890 1343 2080 1418 haecima-

56 1457 198 1533 propter
211 1442 376 1511 omnium
395 1435 582 1510 hominum
606 1456 744 1531 peccata
765 1442 804 1508 iu
819 1456 893 1512 toto
911 1464 1039 1531 genere
1094 1441 1230 1530 ginatio
1259 1442 1445 1510 refutanda
1473 1456 1523 1514 est
1548 1458 1693 1534 propter
1717 1447 1828 1516 multa
1852 1448 2079 1520 incommoda

55 1537 401 1615 brunanoChristum
418 1564 660 1631 passumesse.
710 1542 853 1624 Sextus,
879 1541 1040 1613 Herodes
1090 1566 1181 1636 qrrae.
1197 1557 1407 1633 separantur,
1423 1544 1505 1637 quia
1523 1547 1705 1638 tyrannica
1721 1562 1874 1639 potestas
1890 1545 1957 1619 hoc
1974 1573 2079 1641 prae-

56 1643 235 1717 Christum
258 1644 484 1715 contumeliis
505 1644 615 1713 allicit
641 1644 765 1712 ludens
790 1670 887 1713 ruore
904 1643 1038 1734 Epicu·
1092 1659 1188 1715 textu
1221 1646 1472 1728 constituitur,
1506 1647 1621 1738 qualis
1660 1648 1728 1719 luit
1753 1652 1956 1740 pontificia,
1987 1675 2079 1744 quae

55 1770 217 1832 mm,
238 1770 319 1817 cum
335 1759 454 1817 tamen
469 1746 541 1816 dici
558 1746 663 1816 vellet
681 1770 740 1815 rex
758 1747 794 1814 in
813 1747 944 1837 populu
960 1744 1039 1820 Dei.
1090 1747 1222 1816 multos
1241 1747 1369 1836 impios
1395 1748 1511 1818 cultus
1536 1762 1572 1819 et
1597 1749 1694 1819 idola
1721 1753 1920 1822 coustituit:
1948 1753 2078 1823 deinde

55 1844 250 1941 Septimus,
274 1844 458 1919 Confessio
474 1845 601 1929 Pilati,
626 1849 722 1940 quod
744 1845 802 1916 hic
818 1849 978 1939 captivus
994 1852 1038 1919 sit
1090 1849 1250 1918 doctrina
1266 1851 1311 1917 de
1326 1872 1430 1919 eruce
1450 1862 1484 1918 et
1503 1851 1756 1940 promissiones
1782 1854 1982 1945 spirituales
2008 1856 2077 1925 ob·

55 1949 278 2039 mrtoeeas,et
289 1949 526 2020 rursusPilati
543 1949 721 2019 iniustitia
742 1944 800 2019 hic
815 1951 1040 2035 describitur,
1090 1965 1290 2024 scurantur.
1341 1949 1430 2020 Nam
1456 1952 1551 2020 oculi
1578 1952 1706 2023 intenti
1735 1956 1772 2024 in
1799 1956 1943 2047 politica
1971 1958 2077 2043 bona,

10 2126 13 2135 ,
57 2054 168 2144 piut
185 2052 433 2145 aliquomodo
449 2051 606 2122 dimittat
626 2050 775 2122 ludaeos
790 2053 1039 2143 placatos,iu·
1092 2048 1147 2121 his
1163 2053 1300 2122 antiasis
1319 2066 1444 2143 putant
1458 2049 1782 2126 EcclesiamaDeo
1799 2058 1969 2127 abiectam
1992 2081 2078 2134 esse.

10 2199 15 2240 ι
58 2167 240 2225 nocentem
253 2150 436 2224 Christum
452 2155 550 2224 iubet
568 2154 716 2243 flagellis
730 2156 846 2239 caedi,
873 2168 909 2226 et
927 2155 1039 2246 spinis
1192 2154 1278 2224 ldeo
1300 2167 1480 2225 teneamus
1502 2179 1620 2223 veram
1643 2169 1678 2226 et
1698 2160 1872 2228 eruditam
1896 2159 2076 2231 delinitio·

10 2317 18 2330 .
59 2256 226 2327 manuari.
276 2251 456 2336 Octavus,
484 2253 650 2325 Vincitur
664 2253 801 2326 Pilatus
814 2270 930 2341 metu,
957 2280 1036 2327 cum
1089 2279 1171 2325 nem
1187 2257 1286 2345 regni
1304 2256 1368 2325 lilii
1384 2254 1462 2329 Dei.
1514 2254 1679 2347 Regnum
1691 2255 1811 2329 Chrisi
1829 2274 1880 2331 est
1899 2262 2076 2350 guberna-
2175 2336 2181 2347 ,

61 2358 265 2430 minitantur
290 2355 436 2441 ludaei,
477 2379 513 2426 se
539 2371 761 2427 accusaturus
792 2359 910 2448 ipsum
942 2362 1037 2459 apud
1089 2360 1140 2428 tio
1157 2352 1290 2429 Christi
1313 2358 1511 2448 colligentis
1532 2360 1601 2429 sibi
1614 2356 1808 2430 Ecclesiam
1832 2384 1895 2454 per
1915 2363 2076 2433 ministe-

10 2506 23 2547 ·,
61 2455 255 2545 Caesareus,
279 2461 375 2553 quod
400 2454 535 2530 hostem
561 2456 719 2530 Caesaris
745 2460 912 2532 eliminat.
965 2461 1037 2531 No·
1089 2462 1184 2530 rium
1199 2457 1404 2549 Evangelii,
1432 2462 1599 2531 omnibus
1624 2465 1844 2554 temporibus
1869 2465 2015 2549 mundi,
2042 2476 2077 2535 et

10 2612 24 2641 ,
62 2585 131 2643 uus,
144 2558 411 2634 Condemnatio
427 2556 562 2633 Christi
575 2560 849 2647 lactaaPilato,
863 2577 897 2633 et
914 2564 1037 2632 dimis-
1088 2562 1274 2632 liberantis
1291 2585 1404 2632 cama
1422 2578 1561 2651 peceato
1579 2578 1613 2634 et
1629 2577 1770 2635 aeterna
1786 2580 1919 2645 morte,
1943 2580 1977 2636 et
1993 2588 2077 2635 san·

63 2662 309 2738 tiollarrabae.
361 2661 460 2733 Haec
475 2676 558 2734 suot
576 2664 781 2754 praecipuae
803 2679 919 2755 partes
941 2666 1037 2737 tertii
1088 2664 1273 2733 ctifieantis
1288 2686 1365 2733 eam
1383 2666 1466 2734 dato
1482 2662 1620 2755 Spiritu
1643 2684 1785 2747 sancto,
1813 2681 1852 2735 ut
1871 2669 1917 2737 sit
1934 2681 2076 2737 aeterna

64 2780 163 2854 edus,
187 2766 230 2837 in
245 2790 317 2860 quo
342 2779 602 2837 consumuntur
616 2761 725 2836 horae
745 2789 813 2842 ser.
1089 2766 1201 2856 ipsius
1228 2761 1441 2848 haereditas,
1474 2780 1510 2836 et
1541 2767 1755 2837 mirabiliter
1783 2769 2006 2838 defendentis
2033 2778 2074 2839 'et

1088 2865 1241 2958 regentis
1267 2891 1343 2934 eam
1371 2867 1409 2934 in
1437 2862 1504 2937 hac
1529 2868 1622 2953 vita,
1663 2884 1705 2939 ut
1730 2892 1813 2939 vere
1838 2871 1996 2950 invocet,
2040 2882 2077 2941 ct

403 2998 462 3051 ῃ.
506 2997 632 3064 prta
652 3004 679 3052 ο,
1088 2984 1253 3059 agnoscat
1277 2967 1438 3037 exaudiri
1465 2990 1606 3058 preces,
1638 2992 1678 3040 ae
1704 2971 1855 3053 celebret
1880 2968 2014 3059 Deum,
2042 2982 2077 3042 et

212 3144 222 3161 ‚
964 3072 968 3077 ’
1089 3070 1329 3142 resuscitantis
1352 3092 1429 3139 eam
1451 3092 1493 3140 ex
1522 3084 1637 3141 morte
1658 3072 1704 3141 ad
1727 3072 1835 3142 vitam
1864 3088 1898 3144 et
1923 3072 2075 3163 gloriam

10 3244 23 3258 ,,
148 3169 242 3251 Cum
263 3170 369 3244 ludas
389 3183 625 3263 repraesentet
650 3169 813 3241 omnium
836 3182 1036 3262 temporum
1088 3187 1276 3245 aeternam.

10 3295 14 3305 ·
65 3266 265 3359 baeticos,
293 3274 378 3345 item
401 3278 598 3343 desertores
615 3271 822 3362 Evangelii,
849 3273 933 3343 item
951 3297 1037 3343 con·
1188 3272 1231 3343 ln
1259 3268 1326 3342 hac
1351 3270 1591 3363 descriptione
1623 3272 1757 3343 dicitur
1790 3266 1971 3345 Christum
1998 3284 2074 3345 nort

63 3376 202 3449 siliariee
216 3391 423 3471 potentum,
451 3376 513 3468 qui
530 3374 718 3446 artificiosa
740 3374 854 3463 specie
877 3375 1037 3445 alienant
1087 3376 1241 3446 otiosum
1265 3396 1363 3463 esse,
1389 3388 1429 3444 ut
1455 3374 1601 3463 lingitur
1626 3373 1666 3443 in
1692 3375 1835 3464 politica
1861 3370 2075 3471 κακοζηλίᾳ,

64 3478 191 3551 ammos
224 3480 427 3570 principum
452 3478 499 3547 ab
523 3472 741 3566 Evangelio,
777 3491 839 3547 aut
864 3477 1038 3547 alienatos
1087 3479 1149 3548 sed
1169 3500 1250 3546 vere
1274 3477 1447 3546 efficacem
1469 3497 1560 3558 esse,
1599 3490 1632 3546 et
1654 3475 1703 3545 sic
1723 3500 1825 3566 saepe
1854 3479 1978 3548 delinit
2006 3473 2075 3547 hoc

10 3642 12 3648 .
63 3582 279 3663 confirmant,
306 3594 340 3650 et
363 3581 403 3650 in
425 3580 476 3649 eis
499 3578 581 3649 odia
598 3579 840 3660 inflammant,
866 3581 904 3647 in
924 3602 1035 3670 poena
1087 3602 1235 3667 regnum
1253 3577 1401 3660 Paulus,
1426 3592 1467 3647 ut
1481 3572 1667 3667 adEphes.
1685 3577 1737 3649 1.:
1765 3577 1884 3666 lpsum
1903 3578 2000 3649 dedit
2016 3602 2075 3648 ca-

63 3675 161 3753 ludas
178 3682 269 3753 kam
287 3681 354 3752 Dei
369 3704 493 3753 omnes
509 3674 672 3751 homines
687 3695 856 3764 metuant,
873 3695 905 3750 et
924 3682 1035 3750 vitent
1089 3695 1152 3770 put
1165 3703 1271 3770 super
1285 3681 1406 3748 omnia
1425 3675 1623 3759 Ecclesiae,
1659 3701 1749 3770 quae
1770 3695 1821 3750 est
1844 3703 1973 3771 corpus
1998 3680 2074 3750 eius

61 3803 175 3877 cauus,
186 3778 294 3855 huius
308 3798 379 3853 tam
395 3778 597 3854 horrendae
611 3804 755 3874 poenae.
802 3780 911 3852 Periit
925 3784 1036 3853 Arius
1086 3806 1127 3852 ac
1148 3782 1354 3874 plenitudo,
1388 3780 1517 3871 idest,
1558 3780 1735 3870 integrum
1767 3805 1895 3874 corpus
1925 3776 2073 3864 Christi,

59 3884 172 3957 effuais
190 3886 387 3966 intestinis,
411 3899 452 3957 ut
471 3883 598 3969 ludes,
620 3885 726 3977 periit
741 3881 878 3953 loliani
899 3884 1036 3976 praela,
1086 3885 1206 3953 omnia
1229 3884 1268 3951 in
1291 3883 1460 3953 omnibus
1485 3882 1710 3972 perficientis.
1761 3879 1893 3973 Aperte
1922 3882 2074 3953 affimat

60 4000 145 4075 ctus,
167 4012 286 4081 peros
304 3988 416 4059 effuso
431 4002 603 4071 stercore,
619 3986 730 4060 etalii
746 3986 1036 4065 innumerabiles,
1086 3983 1269 4057 Christum
1296 3985 1468 4053 efficacem
1501 4007 1576 4053 esse
1605 3984 1645 4052 in
1679 3985 1851 4053 membris
1881 3980 2074 4068 Ecclesiae,

61 4111 116 4160 nec
139 4090 271 4162 desunt
296 4090 454 4182 exempla
482 4102 623 4159 nostrae
648 4088 764 4159 aetati.
816 4087 905 4158 Nam
932 4088 1036 4157 multi
1086 4089 1180 4156 idem
1195 4100 1316 4179 postea
1329 4085 1435 4163 dicits
1458 4084 1566 4158 Sedet
1580 4087 1625 4154 ad
1641 4087 1801 4155 dextram
1826 4086 1955 4177 patris,
1983 4087 2092 4155 dans-

20 4188 25 4195 '
61 4192 318 4263 concionatores
352 4192 454 4280 impii
481 4190 599 4261 subito
626 4190 664 4260 in
693 4190 779 4289 ipsis
806 4191 1036 4260 concionibus
1088 4191 1181 4260 dona
1205 4184 1424 4258 homiuibus.
2099 4262 2104 4273 ,

61 4294 196 4365 extincti
220 4307 315 4365 susat.
365 4291 573 4361 Timeamus
593 4316 676 4384 ergo
697 4292 869 4362 iudicium
886 4290 975 4377 Dei,
1002 4306 1036 4361 et
1187 4288 1264 4360 Hac
1275 4290 1383 4380 igitur
1397 4287 1711 4359 nosconsolatione
1722 4290 2072 4382 sustentemus,quod

62 4392 94 4462 in
108 4420 191 4466 vera
206 4396 379 4465 sententie
394 4392 586 4485 Evangelii
599 4397 712 4467 simus
726 4408 945 4477 constantes,
972 4419 1036 4462 nec
1088 4415 1170 4461 vere
1184 4392 1278 4462 lilius
1296 4391 1362 4461 Dei
1378 4390 1482 4461 nobis
1495 4393 1602 4472 adest,
1619 4389 1718 4458 iuvat
1735 4401 1768 4458 et
1784 4404 2072 4482 propugnamus,

62 4497 230 4589 eorrumpi
256 4521 322 4568 uos
348 4496 504 4567 sinamus
532 4497 700 4586 pecunia,
725 4512 786 4568 aut
811 4497 1036 4567 simulatione
1087 4495 1161 4563 sive
1183 4490 1377 4564 habeamus
1399 4507 1541 4562 externa
1565 4491 1759 4582 praesidia,
1783 4492 1859 4560 sive
1875 4495 1984 4562 simus
2004 4516 2072 4584 op·

61 4594 319 4671 benevolentiae
343 4599 565 4690 principum,
589 4613 652 4671 aut
671 4621 733 4688 spe
751 4600 948 4681 bonorum,
974 4613 1035 4669 aut
1087 4597 1197 4688 pressi
1215 4620 1328 4665 cruce.
1368 4592 1449 4662 Non
1467 4605 1650 4683 propterea
1665 4593 1794 4664 abiecit
1808 4616 1874 4663 nos
1889 4595 1982 4665 filius
1990 4592 2071 4684 Dei,

62 4700 252 4793 potentiae,
269 4715 308 4772 ut
322 4701 531 4772 adiuvemus
546 4700 684 4773 furores
699 4723 822 4769 eorum
836 4700 900 4793 qui
914 4697 1036 4773 Evan-
1087 4700 1267 4765 credentes
1282 4696 1320 4763 in
1336 4695 1471 4787 ipsum,
1497 4694 1632 4764 etiamsi
1653 4717 1774 4765 minus
1790 4695 1828 4764 in
1844 4696 1969 4764 mediis
1985 4717 2071 4787 sup-

62 4801 182 4889 gelinnr
210 4807 394 4875 oderunt.-
1087 4799 1213 4889 pliciis.
1264 4794 1361 4866 Haec
1377 4796 1570 4866 consolatio
1591 4809 1624 4865 et
1639 4797 1816 4868 invocatio
1833 4796 1899 4865 lilii
1914 4795 2000 4885 Dei,
2034 4808 2070 4866 et
2105 4832 2114 4845 ·

10 4974 13 5005 ÷
144 4900 204 4975 tta
224 4921 353 4998 quarto
374 4903 545 4987 articulo,
569 4903 735 4976 videlieet
753 4905 799 4975 de
817 4903 1037 4994 confessione
1087 4923 1169 4969 vera
1198 4898 1362 4969 exercitia
1393 4897 1475 4968 bdei
1512 4898 1615 4967 valde
1647 4899 1884 4971 obscurantur
1915 4896 2071 4991 politicis

63 4998 185 5079 Christi
197 5008 293 5098 apud
311 5008 553 5096 magistratum
571 5002 773 5091 ethnicum,
795 5007 950 5097 primum
968 5004 1038 5074 cri·
1087 5002 1413 5092 imaginationibus.
1823 5082 1824 5086 Ἰ

62 5130 137 5181 meu
161 5122 231 5191 eat,
271 5113 367 5202 quod
394 5108 559 5179 seditiose
586 5124 688 5179 vocet
712 5132 750 5178 se
776 5132 904 5197 regem.
966 5106 1039 5178 Hic
1188 5100 1346 5174 Ecclesia
1375 5095 1635 5191 igiturinhae
1662 5097 1736 5170 vita
1764 5113 1913 5172 nonest
1940 5100 2072 5172 similis
2156 5164 2164 5173 .

61 5204 218 5289 Christus
238 5232 400 5305 “presse
420 5211 550 5283 latetur
569 5234 606 5281 se
619 5232 694 5279 esse
711 5231 847 5300 regem,
871 5223 1039 5279 ettamen
1087 5226 1198 5295 reguo
1222 5204 1370 5288 mundi,
1395 5216 1429 5273 et
1454 5221 1573 5273 temen
1587 5214 1639 5272 est
1655 5217 1775 5273 coetus
1790 5203 1961 5288 visibilis,
1987 5204 2073 5296 quia

57 5312 153 5387 addit
176 5313 527 5407 interpretationem:
554 5311 723 5402 Regnum
748 5332 866 5381 meum
889 5332 963 5379 non
988 5324 1042 5382 est
1088 5301 1196 5378 habet
1210 5319 1352 5379 caterua
1370 5305 1493 5394 agna,
1527 5326 1592 5396 per
1607 5326 1697 5396 quae
1711 5317 1946 5394 agnoscentur
1957 5326 2073 5375 ment-

57 5414 100 5487 a,
116 5410 188 5489 tm
204 5419 369 5495 mm.
404 5412 479 5491 ffie
498 5414 674 5495 diseamus
696 5410 849 5487 ustiure
865 5408 1041 5503 imagina-
1059 5466 1064 5486 .
1087 5410 1175 5495 tra,
1205 5409 1603 5581 ubicunquezpeprarum
1624 5418 1726 5493 sunt,
1759 5406 1928 5480 videlieet·
1948 5404 2074 5480 Evau-
