4522 5782
110 204 189 283 ιει
691 190 977 269 antaeum.
1003 168 1544 274 smarraaxecunce
1590 192 1599 203 ·
1666 196 1686 257 ,τ
1732 194 1742 217 ··
2068 196 2153 278 ω

110 379 174 472 qui
193 385 332 445 tantum
347 367 788 467 nitrmturtraditionibas
804 362 983 437 humanis
1026 363 1111 436 ldro
1165 391 1223 438 me
1233 364 1403 457 honorat,
1430 372 1770 462 corauternprooul
1781 386 1837 445 εει
1852 396 1874 444 a
1890 396 1959 445 rna.
1994 372 2161 446 sednon

114 482 250 549 dictum
278 489 347 548 est:
397 471 546 546 Fnutre
582 472 704 543 colunt
742 493 801 541 me
836 467 1015 541 mandatis
1045 462 1113 539 ho-
1157 471 1253 542 -satis
1281 486 1437 543 estesse
1467 486 1585 543 motus
1606 473 1748 560 cordis,
1793 477 1915 569 queles
1939 472 2056 546 homo
2087 476 2164 548 siue

115 581 267 655 minum.
1170 576 1278 644 verbo
1296 571 1384 658 Dei,
1408 588 1442 646 et
1456 575 1534 645 sine
1551 574 1690 666 Spiritu
1705 592 1828 648 saneto
1842 579 2045 650 meditatur.
2082 577 2165 651 Ms-

169 744 276 821 Dsus
291 742 448 842 spiritus
464 749 535 828 est,
560 747 592 809 et
608 733 808 812 adorantes
821 714 957 836 ipsum,
983 738 1024 813 in
1039 738 1118 838 spi·
1169 677 1594 869 ἱῗὶεὲἱᾞῑῃιιὲεᾚξ
1608 680 1920 873 Ιῖᾞῦξοέρίζῖἓι
1931 682 2166 855 22:35⁰ss

222 852 296 921 ”lu
313 857 344 920 ‘l
364 846 515 918 “silan
531 850 667 941 (ΨΜ
684 838 852 912 “dmm
1171 903 1242 974 qua
1271 903 1354 949 vere
1381 893 1547 951 cernatur
1571 880 1625 951 ira
1651 896 1686 954 et
1706 884 1948 954 misericordia
1975 883 2055 957 Dei.
2075 836 2088 870 ²
2108 883 2168 956 Sic

224 985 385 1059 Fuerunt
413 983 476 1078 qui
498 982 575 1051 Deo
600 980 747 1069 figuram
780 981 939 1069 corporis
969 975 1120 1050 humani
1173 1007 1251 1051 curn
1264 978 1381 1051 David
1398 981 1657 1072 obiurgaretur,
1682 1005 1827 1055 amensa
1845 987 1948 1057 estin
1965 986 2074 1056 corde
2088 985 2168 1057 eius

118 1093 349 1168 tribuerunt,
383 1090 443 1157 sed
467 1086 503 1154 id
530 1083 699 1153 delirium
725 1082 898 1150 refutatur
927 1078 996 1151 hoc
1024 1083 1120 1151 dicto
1172 1106 1266 1153 nova
1292 1083 1377 1167 lux,
1408 1107 1478 1176 qua
1500 1086 1647 1174 agnovit
1670 1082 1786 1158 Βειιιιι
1810 1112 1883 1157 nou
1905 1111 1979 1159 esse
2001 1089 2172 1173 otiosum,

124 1191 279 1265 Christi:
304 1188 400 1262 Deus
425 1200 477 1257 est
501 1185 666 1276 spiritus,
691 1183 727 1250 id
752 1197 821 1267 cst,
847 1185 996 1252 essentia
1015 1185 1122 1275 spiri·
1175 1186 1410 1274 negligentem
1427 1181 1583 1256 hurnsna
1601 1187 1750 1276 scelera,
1776 1192 1835 1260 sed
1852 1214 1935 1258 vere
1959 1190 2064 1261 irasci
2082 1213 2170 1281 peu·

125 1294 253 1378 tualis,
276 1294 353 1362 sine
370 1289 662 1376 molecorporea.
715 1283 784 1355 Sed
811 1286 845 1353 id
869 1287 1121 1355 declarandum
1175 1287 1272 1361 catis.
1324 1284 1733 1361 Rursusautemaudita
1757 1292 2000 1378 absolutione,
2020 1292 2170 1382 agnovit

121 1411 197 1480 est,
229 1418 316 1465 cum
340 1391 502 1461 nominat
525 1387 709 1479 spiritum,
748 1387 915 1477 intelligit
937 1389 1122 1457 essentiam
1175 1413 1258 1459 vere
1281 1412 1355 1457 esse
1380 1388 1664 1474 misericordem,
1696 1393 1932 1463 vivificantem
1955 1407 1989 1465 ει
2012 1392 2170 1462 liberan-

122 1499 307 1593 quandam
342 1491 619 1580 intelligentem,
660 1513 701 1558 ac
724 1490 919 1574 volentem,
959 1490 1122 1573 liberam,
1177 1504 1246 1559 tem
1264 1491 1309 1560 ab
1325 1504 1465 1559 aeterna
1482 1490 1548 1563 ira.
1600 1490 1709 1563 Tales
1726 1508 1844 1565 motus
1867 1509 1951 1565 sunt
1973 1496 2120 1587 spiritus
2137 1509 2170 1564 ct

127 1599 344 1689 sapientem,
373 1596 525 1677 bonam,
557 1592 705 1671 iustam,
736 1592 885 1677 sortem,
918 1589 1124 1662 vivificatri-
1176 1593 1323 1675 veritas,
1348 1592 1471 1676 idest,
1497 1594 1699 1685 spirituales
1714 1610 1831 1666 rnotus
1857 1610 1891 1665 et
1920 1622 2001 1667 vera
2015 1594 2087 1667 Ilei
2105 1622 2170 1666 no-

130 1725 225 1783 cem,
256 1688 496 1783 iudicanlem,
523 1709 587 1765 etc.
637 1691 687 1762 Hi
710 1694 853 1763 effectus
870 1708 1051 1787 utcunque
1066 1694 1124 1762 in·
1176 1693 1278 1779 ticia,
1304 1694 1465 1763 tribuens
1481 1694 1560 1763 Deo
1582 1695 1810 1786 sapientiam,
1837 1698 2036 1786 iusticiam,
2062 1698 2171 1767 boni·

129 1803 253 1873 dicant
274 1814 308 1870 et
331 1798 538 1869 describunt
568 1806 732 1864 naturam
764 1796 1004 1884 spiritualem,
1035 1795 1126 1865 sicut
1176 1808 1303 1879 tatem,
1337 1820 1448 1888 quare
1468 1797 1602 1866 talibus
1624 1801 1781 1870 motibus
1803 1795 1899 1869 Deus
1922 1825 2006 1869 vero
2032 1796 2170 1870 honore

130 1901 328 1979 humanam
348 1915 520 1979 mentem,
554 1921 644 1990 quae
666 1912 718 1965 est
740 1896 870 1986 efligies
886 1895 971 1981 Dei,
995 1911 1124 1967 utcun-
1178 1898 1340 1968 afficitur.
1394 1897 1541 1968 Summa
1563 1894 1648 1969 vero
1673 1895 1778 1970 liuius
1802 1901 1986 1972 concionis
2009 1902 2169 1971 estreis·

133 2030 203 2099 qne
219 2005 378 2076 iudicant
394 2015 513 2071 nostra
529 1997 774 2081 ratiocinatio,
799 1999 976 2079 voluntas,
1002 1999 1125 2068 electio
1179 2001 1249 2068 ctio
1272 1994 1489 2091 pharisaicae
1504 2001 1705 2088 opinionis,
1731 2026 1822 2096 quae
1836 2004 1937 2093 lingit
1954 2005 2171 2073 ceremonias

132 2108 266 2189 libera,
306 2105 498 2174 discrimen
535 2097 765 2170 honestorum
792 2115 825 2169 et
850 2101 1028 2191 turpium,
1065 2124 1126 2168 scu
1180 2115 1213 2170 et
1229 2115 1371 2171 externa
1390 2126 1498 2191 opera
1517 2103 1655 2188 placere
1668 2101 1744 2173 Deo
1763 2128 1803 2172 ex
1821 2128 1926 2193 opere
1942 2121 2111 2195 operato,
2133 2118 2173 2176 ut

17 2209 22 2216 ’
135 2210 308 2279 virtutum
332 2222 366 2276 et
395 2204 584 2288 vitiorum,
621 2203 707 2271 vitia
732 2215 766 2270 et
790 2216 916 2274 motus.
984 2200 1127 2291 Cogita-
1181 2218 1319 2273 vocant.
1374 2200 1470 2272 llaec
1494 2199 1634 2273 ethnica
1653 2206 1832 2295 persuasio
1858 2223 1894 2277 et
1914 2207 2011 2275 illius
2034 2220 2172 2296 tempo-

134 2311 233 2382 tione
257 2329 340 2396 ergo
363 2320 544 2398 utcunque
565 2304 781 2372 aestimanda
798 2317 849 2371 est
872 2317 998 2373 natura
1021 2304 1127 2394 spiri·
1180 2306 1229 2373 ris
1253 2301 1446 2373 Ecclesiam
1470 2320 1706 2395 oppresserat,
1747 2321 1781 2376 et
1802 2330 1939 2399 semper
1965 2324 2112 2397 vagatur
2134 2307 2171 2374 in

52 2472 55 2477 .
136 2427 214 2497 tus,
239 2433 313 2478 non
329 2410 493 2497 fingenda
509 2419 560 2474 est
577 2407 687 2474 moles
704 2406 874 2496 corporis.
1179 2409 1328 2480 mundo.
1383 2405 1467 2474 ldeo
1484 2403 1576 2475 harre
1591 2411 1798 2479 concionem
1814 2409 2038 2496 memineris,
2069 2422 2112 2481 ut
2134 2409 2171 2477 iu

240 2511 549 2584 Considerandum
566 2520 618 2577 est
631 2522 748 2577 autern
764 2518 1009 2595 argumentum
1020 2501 1127 2576 Chri·
1181 2525 1324 2600 promtu
1339 2509 1588 2579 refutationem
1605 2505 1746 2586 habeas.

138 2614 196 2687 sti.
254 2611 353 2685 Deus
382 2627 434 2681 est
457 2610 620 2700 spiritus,
658 2632 741 2695 ergo
771 2608 897 2696 spiritu
925 2623 958 2677 et
983 2608 1129 2677 veritate

137 2719 343 2789 adorandus
368 2728 432 2783 est.
483 2709 559 2781 Cur
582 2705 649 2779 lroc
674 2709 858 2801 sequitur?
895 2707 988 2797 Quia
1012 2710 1129 2779 omnis

121 2818 299 2891 'adoratio
321 2839 382 2886 seu
407 2813 585 2883 invocatio
608 2836 689 2880 vere
712 2823 762 2879 est
782 2810 915 2900 agnitio
938 2812 1130 2879 voluntatis

137 2919 219 2993 Dei.
276 2917 434 3007 Spiritus
465 2938 539 2983 non
560 2926 673 3002 potest
696 2912 856 3001 agnosci,
892 2913 960 2980 nisi
987 2935 1129 2981 accensa
1285 2911 1436 2983 Audivit
1472 2913 1602 2981 mulier
1630 2913 1837 2982 concionem
1868 2914 1914 2980 de
1944 2913 2174 3002 poenitentis,

139 3022 316 3116 spirituali
339 3021 434 3102 luce,
460 3030 494 3086 et
519 3017 663 3083 veritate
686 3016 723 3081 in
746 3015 862 3082 corde.
913 3012 1059 3083 Necesse
1080 3029 1130 3082 est
1183 3039 1262 3083 crim
1279 3017 1462 3101 obiurgata
1479 3029 1529 3084 est
1548 3028 1690 3104 propter
1710 3015 1905 3098 adulteria,
1930 3030 2049 3103 postea
2068 3017 2174 3085 audi-

141 3127 250 3214 igitur
266 3122 381 3192 Deum
400 3118 556 3187 invocari
576 3119 613 3184 in
630 3117 757 3206 spiritu
779 3132 813 3185 et
837 3115 995 3187 veritate.
1048 3114 1129 3185 Non
1183 3118 1235 3187 vit
1259 3112 1566 3204 reprehensionem
1588 3117 1758 3185 falsorum
1782 3116 1961 3201 cultuum,
1993 3119 2053 3185 sed
2082 3112 2174 3187 lianc

141 3242 195 3299 εει
212 3223 393 3296 invocatio
409 3222 485 3291 sine
501 3219 704 3308 agnitione,
729 3231 769 3287 nt
793 3239 918 3305 magna
944 3213 1130 3286 hominum
1183 3220 1344 3288 nondum
1361 3217 1546 3308 intelligit,
1571 3241 1680 3311 quare
1695 3218 1792 3288 velut
1806 3219 1974 3288 dubitans
1995 3217 2068 3286 iam
2083 3217 2175 3290 iuci-

141 3352 224 3422 pars
245 3321 696 3397 etltnicaminvocationem
713 3333 867 3397 exercet,
893 3315 987 3387 nihil
1004 3317 1133 3408 cogitat
1184 3321 1238 3413 pit
1263 3320 1463 3390 desiderare
1487 3319 1716 3390 illustriorem
1740 3321 1948 3389 doctrinam.
1999 3315 2094 3389 Cum
2114 3342 2175 3390 vs·

142 3433 183 3500 in
202 3441 319 3496 mente
333 3429 377 3494 de
394 3424 575 3492 voluntate
590 3419 670 3503 Dei,
695 3420 837 3489 dimitat
851 3443 896 3487 an
913 3422 1132 3492 exaudiatur.
1184 3424 1280 3507 niet,
1305 3423 1423 3515 inquit
1446 3420 1611 3506 Messias,
1639 3416 1724 3490 haec
1746 3443 1812 3490 nos
1836 3420 1997 3501 docebit,
2023 3434 2064 3491 ut
2079 3444 2176 3492 nunc

142 3531 210 3602 llis
227 3528 323 3606 Deus
338 3540 398 3596 aut
413 3521 506 3594 nihil
522 3538 590 3606 est,
617 3537 678 3591 aut
695 3545 751 3591 res
766 3522 872 3590 surda
889 3536 959 3606 est,
983 3523 1072 3592 sicut
1094 3523 1133 3590 in
1184 3523 1290 3594 multi
1319 3534 1502 3614 expectant
1532 3525 1686 3616 synodos
1713 3536 1748 3592 et
1769 3546 1879 3592 novas
1901 3522 2176 3593 diiudicatiunes

143 3631 247 3705 Creta
263 3643 338 3703 erat
353 3641 464 3699 statua
480 3623 575 3693 lovis
588 3625 664 3692 sine
685 3623 844 3693 auribus.
896 3622 1002 3692 Tales
1016 3639 1133 3695 autern
1186 3624 1526 3705 controversiarum,
1560 3649 1626 3693 nec
1653 3625 1880 3717 acquiescunt
1902 3625 1939 3692 in
1964 3624 2075 3693 verbo
2097 3624 2177 3700 Dei.

145 3749 228 3809 sunt
264 3755 388 3802 omnes
424 3729 538 3798 cultus
569 3725 849 3812 ceremoniarum
884 3728 977 3814 apud
1010 3748 1133 3795 ornnes
1185 3729 1238 3799 Ita
1263 3720 1350 3796 haec
1376 3726 1507 3795 mulier
1532 3722 1649 3795 adhuc
1676 3727 1824 3796 lluctuat
1852 3725 1991 3810 animo,
2023 3726 2179 3813 necills

145 3837 293 3925 impios,
319 3852 531 3924 quocunqne
552 3826 697 3895 nomine
720 3840 902 3896 vocentur.
961 3827 1063 3896 Talis
1084 3842 1135 3899 est
1185 3829 1370 3918 magnilica
1390 3850 1476 3896 voce
1504 3839 1688 3907 movetur,
1722 3850 1828 3918 quam
1852 3827 2028 3896 audierat:
2063 3827 2179 3922 Aqua,

48 3928 51 3933 ¹
144 3937 380 4018 ludaeorum,
404 3927 736 4001 Mahometistarum
765 3940 800 3995 et
822 3925 1045 4018 Papistarum
1078 3931 1135 3998 in·
1186 3954 1292 4025 quam
1307 3952 1371 4019 cgo
1386 3929 1480 3998 dabo
1496 3928 1546 4008 ei,
1572 3929 1631 3997 fiet
1646 3929 1684 3997 in
1699 3951 1740 3996 eo
1754 3930 1834 3998 lons
1851 3929 1943 3998 vitae
1963 3928 2124 4000 salientis
2135 3932 2176 3999 iu

145 4040 304 4117 vocatio,
336 4036 399 4128 qui
420 4035 558 4119 fingunt
582 4052 664 4098 sitos
689 4030 804 4097 cultus
828 4030 944 4099 valere
966 4055 1007 4100 ex
1030 4055 1134 4123 opere
1185 4034 1296 4102 vitam
1328 4045 1519 4102 aeternam.
1586 4028 1655 4099 Sed
1676 4043 1815 4114 tamen,
1854 4030 1936 4122 quia
1961 4030 2089 4099 docilis
2107 4047 2177 4114 ¹est,

144 4154 313 4233 operato,
339 4138 416 4208 sine
430 4136 525 4204 bono
542 4146 641 4201 motu
657 4131 834 4209 facientis,
857 4132 892 4199 id
911 4145 979 4216 est,
994 4133 1134 4221 ,etiamsi
1187 4158 1261 4204 non
1279 4133 1455 4215 reiicitnr,
1480 4135 1542 4203 sed
1563 4131 1736 4200 liberatur
1754 4133 1951 4213 aberrare,
1977 4145 2011 4202 et
2027 4154 2111 4201 vere
2130 4134 2177 4203 atl

145 4267 221 4315 non
235 4243 364 4330 cogites
380 4236 448 4305 Dei
473 4235 711 4317 voluntatem,
743 4232 798 4299 vel
821 4234 1028 4303 irascentem
1052 4259 1134 4327 pec-
1187 4235 1402 4324 agnitionem
1423 4229 1509 4317 Dei,
1541 4248 1574 4304 et
1590 4231 1739 4303 Messias
1763 4235 1980 4318 traducitur,
2010 4235 2179 4304 ut·dein·

146 4359 245 4428 cato,
272 4341 328 4409 vel
343 4338 569 4428 recipientem
585 4335 826 4422 confugientes
841 4337 885 4403 ad
906 4360 997 4404 eum.
1187 4359 1267 4426 ceps
1285 4333 1361 4405 Deo
1378 4335 1518 4407 serviat.
1570 4335 1683 4405 Audit
1706 4336 1816 4423 igitur
1837 4358 2034 4426 expressam
2052 4358 2177 4406 vocem

245 4439 408 4513 Primum
429 4440 537 4526 igitur
558 4434 819 4516 hocteneatnr,
852 4437 889 4502 in
912 4434 1136 4505 invocatione
1187 4437 1429 4507 testificantem
1444 4437 1490 4504 de
1504 4430 1652 4505 Massia:
1686 4434 1782 4525 Ego,
1806 4438 1943 4529 inquit,
1967 4436 2032 4530 qui
2046 4437 2177 4530 loquor

147 4561 311 4637 oportere
327 4564 399 4614 esse
419 4541 635 4630 agnitionem
652 4537 845 4607 voluntatis
860 4533 946 4620 Dei,
971 4537 1137 4605 videlicet
1187 4553 1322 4621 tecum,
1371 4560 1449 4607 sum
1479 4536 1642 4607 Messias:
1683 4539 1766 4605 vide
1796 4539 1935 4628 insigne
1963 4540 2176 4630 exemplum.

146 4649 222 4719 irae
250 4662 286 4719 et
313 4644 586 4717 misericordiae.
654 4638 752 4709 Idem
793 4638 961 4728 praecipit
994 4635 1137 4720 Paulus,
1186 4635 1627 4727 RevelaturEvangelium
1643 4640 1788 4731 spretis,
1811 4654 1846 4710 ει
1868 4641 2179 4723 ιιοιιιιιιιιειιιίιιιιε,

147 4773 229 4823 sum
243 4749 309 4821 aits
336 4742 481 4837 Offerre
493 4744 637 4817 cultum
653 4741 882 4822 rationalem,
909 4739 944 4806 id
963 4752 1033 4829 est,
1059 4739 1135 4808 cul·
1186 4741 1314 4811 fiducia
1331 4764 1413 4812 suae
1430 4742 1638 4831 sapientiae,
1663 4741 1754 4811 sicut
1769 4740 1886 4836 inquit
1901 4737 2081 4813 Christus:
2104 4738 2181 4815 Re-

148 4866 225 4925 tum
240 4851 387 4928 mentis,
419 4850 458 4917 in
481 4871 552 4940 quo
573 4864 675 4914 mens
695 4863 776 4908 vere
801 4840 935 4929 aliquid
962 4864 1041 4911 cum
1058 4837 1135 4910 Deo
1187 4843 1309 4913 velasti
1324 4842 1493 4934 parvulis,
1508 4855 1542 4912 ει
1557 4843 1772 4914 abscondisti
1788 4866 1807 4913 a
1823 4844 2056 4935 sapientibus.
2082 4840 2180 4915 llaec

148 4954 239 5046 agit,
280 4974 473 5042 agnoscens
505 4949 594 5015 iram
617 4957 653 5013 et
674 4940 967 5011 misericordiam.
1024 4938 1072 5014 Et
1096 4942 1134 5010 in
1187 4946 1315 5015 misera
1342 4943 1474 5013 mulier
1503 4946 1604 5014 audit
1631 4940 1723 5016 hanc
1743 4956 1815 5016 tam
1835 4944 1965 5015 claram
1989 4968 2112 5016 vocem
2134 4947 2179 5014 de

149 5071 333 5148 praecepto
359 5055 494 5144 primo,
531 5045 597 5116 ubi
621 5043 696 5112 veri
718 5057 753 5112 ει
773 5044 904 5111 ειιιιιιιιὶ
924 5043 1041 5113 cultus
1063 5057 1137 5113 tra·
1187 5045 1337 5138 Massia,
1371 5059 1406 5116 et
1428 5068 1632 5140 quanquam
1661 5049 1755 5118 idem
1785 5046 1995 5135 significavit
2012 5042 2181 5120 Christus

149 5159 303 5243 duntur,
328 5156 473 5225 diciturr
498 5144 634 5233 Diliges
648 5143 833 5214 dominum
849 5142 965 5213 Deum
980 5156 1082 5214 tuum
1095 5168 1137 5245 es
1186 5149 1310 5219 multis
1324 5148 1535 5218 testimoniis
1552 5149 1711 5241 publice,
1735 5161 1852 5219 tamen
1865 5172 1941 5219 non
1954 5150 2091 5220 accedit
2104 5150 2182 5241 pri-

150 5259 361 5339 totocorde;
388 5265 423 5321 et
442 5246 563 5319 Esaias
584 5246 647 5318 29.
667 5247 861 5316 damnatur
883 5247 1000 5316 cultus
1022 5254 1135 5319 e‘nter-¹
1186 5251 1297 5320 vatin
1320 5250 1436 5320 ullum
1466 5250 1691 5342 pontificem,
1737 5263 1799 5320 aut
1821 5245 2073 5336 pharisaeum,
2113 5274 2181 5320 nec

150 5382 238 5446 uus,
262 5356 340 5430 siue
361 5350 586 5424 invocatione
609 5349 742 5421 cordis:
770 5345 930 5441 Populus
951 5342 1011 5420 hic
1032 5351 1137 5422 labiis
1188 5364 1262 5424 tam
1276 5351 1435 5446 placide,
1460 5362 1532 5424 tam
1546 5353 1731 5444 perspicue
1744 5350 1922 5445 sapiente!
1935 5352 2018 5444 illps
2033 5355 2162 5430 docet.-

1415 2739 1500 2814 Scio
1527 2739 1629 2845 quod
1641 2740 1813 2817 Messias
1836 2743 1941 2815 venit.
1993 2838 1996 2843 .
