4522 5782
383 240 467 316 xtt.
515 231 891 317 amentatum
916 231 1347 317 avanutoauuts
1402 235 1510 318 car.
1535 239 1619 315 xx.
1943 242 2020 337 sap

190 430 359 532 Quorum
382 427 599 502 „minyius
614 436 774 529 peccam,
1028 408 1254 482 remittentur
1272 409 1334 483 eis.
1396 407 1467 481 Hic
1490 409 1640 489 allirmst
1661 414 1756 486 clare
1778 413 1912 487 auferri
1934 438 2015 506 per·

1026 523 1143 581 catum
1162 536 1225 604 per
1239 536 1362 585 vocem
1378 509 1582 605 Evangelii,
1597 539 1703 608 quam
1720 531 1822 588 sonat
1839 517 2014 601 minister,

88 616 172 692 Dixi
187 618 256 691 tria
270 618 308 688 in
323 613 393 688 hoc
413 616 490 687 loco
513 615 700 708 praecipue
719 614 976 686 consideranda
1026 612 1153 700 idest,
1177 612 1275 686 Deus
1296 638 1377 685 vere
1398 639 1473 684 eam
1493 618 1684 707 approbat,
1709 633 1745 688 et
1766 642 1832 711 per
1851 640 1927 690 eam
1952 621 2014 690 dat

101 721 325 794 vocationem
348 720 393 790 ad
415 717 652 792 ministerium
673 716 878 808 Evangelii,
909 718 989 787 do·'
1025 713 1197 805 Spiritum
1215 732 1388 791 sarrctum.
1427 715 1524 790 Haec
1540 712 1740 790 testimonia
1757 722 1801 790 de
1817 721 2012 811 praeseutia

88 847 169 896 nem
186 823 343 916 Spiritus
364 822 494 907 uncti,
526 834 562 893 et
581 843 755 892 summam
777 815 974 909 Evangelii.
1025 831 1058 887 et
1074 817 1225 887 ellicacia
1243 818 1308 890 Dei
1324 842 1386 910 per
1401 820 1804 908 ministerium,.necesse
1819 817 2013 893 esthabere

113 926 303 999 coniuncta
333 938 418 994 nrut
442 923 479 992 io
500 921 679 1008 Ecclesia,
713 920 974 1004 ministerium,
1023 916 1297 989 familiarissime
1320 934 1421 1006 nota,
1454 938 1493 994 ut
1515 937 1550 993 et
1572 924 1724 1015 nosipsi
1748 924 1787 992 in
1812 924 2012 995 invocando

88 1043 144 1101 tus
175 1041 336 1107 sanctus,
368 1040 404 1097 et
436 1025 596 1096 remissio
628 1038 862 1117 peccatorum.
924 1020 974 1095 Et
1023 1021 1305 1113 acquiescamus,
1329 1018 1481 1094 ethunc
1504 1023 1619 1095 Deum
1643 1026 1863 1111 intueamur,
1889 1024 2012 1118 quise

87 1131 256 1203 audimus
275 1127 457 1198 nominari
473 1126 717 1198 remissionem
737 1140 972 1216 peccatorum,
1023 1122 1060 1191 in
1081 1118 1269 1194 hocverbo
1287 1125 1460 1216 patefecit.
1513 1122 1559 1197 Et
1579 1129 1729 1197 sciamus
1747 1152 1820 1196 non
1837 1147 2011 1221 quateren-

88 1232 392 1324 lcomplectamur
415 1230 644 1300 donatiouem
668 1227 824 1320 Spiritus
846 1227 971 1313 sanni,
1023 1227 1087 1294 dos
1110 1248 1184 1295 esse
1207 1227 1296 1295 alios
1319 1227 1498 1298 contuitus
1521 1225 1606 1309 Dei,
1641 1242 1674 1300 et
1699 1232 1913 1300 execrandos
1936 1252 2011 1300 esse

103 1347 287 1420 aeternae,
329 1345 363 1403 et
382 1356 505 1401 omnes
535 1331 786 1422 promissiones
808 1331 971 1421 proprias
1020 1327 1157 1398 furores
1179 1323 1510 1415 Enthusiastarum,
1545 1330 1605 1423 qui
1629 1331 1760 1403 omisso
1783 1333 1913 1417 verbo,
1938 1332 2009 1401 sibi

88 1438 187 1530 gelii,
211 1438 307 1528 qarod
324 1436 454 1524 recepti
471 1458 489 1503 a
506 1430 583 1505 Deo
599 1434 853 1517 exaudiamur,
867 1434 968 1503 iuve-
1021 1429 1086 1520 ipsi
1107 1431 1245 1519 fingunt
1269 1430 1526 1522 speculationes
1552 1434 1761 1520 clamatus,
1794 1448 1828 1505 et
1843 1434 2010 1505 aberrant

103 1533 524 1611 etdeleodamuraDeo.
576 1535 739 1629 Denique
760 1535 882 1606 omnia
903 1535 967 1606 be·
1018 1555 1044 1602 a
1062 1530 1155 1609 Deo.

86 1666 106 1713 a
137 1637 325 1731 Evangelii
352 1634 705 1731 comprehenduntur
731 1637 971 1730 appellatione
1510 1726 1513 1731 y

88 1743 203 1814 sionis
235 1754 469 1833 peccatorum.
519 1738 623 1811 Nunc
655 1740 765 1830 igitur
794 1762 967 1810 summam
1121 1739 1246 1813 Tertio
1267 1739 1468 1831 disputatur
1483 1734 1600 1812 hicde
1615 1742 1751 1834 privata
1772 1745 2006 1826 absolutione,

88 1846 169 1936 gelii
188 1844 297 1916 tradit
318 1843 523 1934 discipulis,
544 1865 625 1912 cum
642 1836 967 1912 hancvoluntatem
1020 1869 1066 1915 an
1097 1838 1185 1914 haec
1220 1867 1364 1938 quoque
1395 1845 1588 1935 approbata
1616 1846 1661 1917 sis
1690 1842 1757 1917 hoc
1791 1848 2008 1919 testimonio.

88 1949 125 2018 eis
148 1948 311 2039 exponit,
350 1942 466 2016 Deum
490 1968 572 2015 vere
594 1945 749 2027 auferre,
789 1957 823 2013 et
849 1944 968 2013 delere
1018 1945 1181 2017 Breviter
1211 1946 1425 2037 respondeo:
1465 1945 1707 2018 Ministerium
1735 1944 1923 2040 Evangelii
1954 1965 2006 2022 est

88 2064 120 2122 ta
135 2050 317 2133 omnium,
350 2047 482 2141 quibus
504 2070 608 2131 voce,
633 2062 669 2118 et
682 2045 880 2115 ministerio
900 2047 966 2114 do·
1018 2046 1250 2121 annunciatio
1275 2047 1492 2117 remissionis
1515 2065 1756 2141 peccatorum,
1783 2076 1875 2146 quae
1897 2050 2005 2123 offer-

88 2178 139 2225 sm
164 2149 422 2241 Evangelium‚
454 2150 493 2220 lit
511 2148 683 2220 remissio.
734 2146 913 2236 lliclegia
932 2160 967 2217 et
1019 2164 1077 2221 tur
1092 2149 1259 2218 omnibus
1275 2150 1500 2219 credentibus
1516 2151 1554 2219 in
1571 2149 1765 2224 Christum.
1817 2151 1914 2225 Haec
1938 2178 2004 2225 an·
2044 2218 2047 2222 ,

88 2255 170 2346 gelii
190 2256 381 2325 discrimen
402 2253 495 2341 apud
521 2273 564 2322 se
576 2251 724 2343 quisque
746 2250 893 2339 cogites,
919 2249 965 2317 ita
1018 2251 1200 2321 ntrrrciatio
1216 2262 1327 2343 potest
1345 2249 1440 2335 lieri,
1456 2264 1517 2322 aut
1533 2252 1570 2321 in
1584 2277 1711 2342 genere
1727 2280 1791 2346 pro
1807 2257 1946 2339 multis,
1964 2272 2004 2329 ut

88 2378 164 2428 scus
187 2357 243 2426 liet
266 2355 454 2428 illustrior.
504 2352 578 2423 [sex
603 2353 703 2420 enim·
729 2365 782 2422 est
802 2351 964 2420 doctrina
1017 2353 1325 2425 inconcioneulsi
1339 2353 1506 2439 audiens,
1532 2367 1566 2425 et
1582 2359 1619 2425 in
1636 2380 1715 2426 vera
1732 2358 1949 2449 poenitentia
1966 2381 2003 2429 se

88 2475 246 2550 aptorum
273 2455 360 2541 Dei,
387 2456 606 2546 praecipiens
640 2454 769 2547 quales
789 2478 855 2524 nos
881 2474 965 2537 esse,
997 2453 1160 2544 'erigens
1175 2479 1259 2525 voce
1275 2451 1484 2546 Evangelii,
1519 2457 1588 2526 fide
1611 2459 1736 2550 accipit
1759 2473 1854 2530 certo
1877 2461 2003 2530 remis·

88 2585 121 2631 se
135 2562 266 2644 lacere,
291 2573 326 2630 et
344 2559 506 2629 omittere
521 2569 699 2647 oporteat,
724 2571 759 2627 ct
781 2557 964 2647 postulans
1015 2560 1155 2630 sionem
1165 2571 1391 2650 peccatorum
1400 2555 1618 2647 etSpiritum
1630 2560 2007 2646 sanctum,siout-C'or-

88 2687 151 2734 am
168 2663 418 2742 obedientiam,
432 2684 473 2730 ac
487 2659 708 2729 denuncians
725 2659 814 2728 iram
833 2655 912 2741 Dei,
929 2672 963 2727 ct
1014 2660 1136 2731 nelina.
1167 2674 1202 2731 et
1233 2659 1296 2728 alii
1327 2657 1369 2726 in¹
1397 2660 1545 2750 publica
1570 2663 1741 2732 concione
1780 2664 2002 2762 accipiebant

88 2789 138 2837 sas
160 2787 290 2855 poenas
311 2762 498 2845 omnibus,
523 2761 584 2853 qui
607 2784 685 2829 non
706 2772 883 2851 praestant
906 2759 962 2828 in·
1013 2762 1192 2853 Spiritum
1202 2774 1379 2831 sanctum..
1416 2761 1494 2831 Aut·
1510 2776 1622 2851 potest
1635 2763 1710 2833 lieri
1728 2765 1903 2854 privatim,
1919 2791 2001 2835 cum

88 2894 110 2936 n
127 2867 378 2938 obedientiam.
431 2862 479 2934 At
495 2861 730 2952 Evangelium
748 2876 800 2934 est
822 2862 962 2953 praedi·
1013 2864 1162 2954 singulis
1177 2863 1378 2954 petentibus
1394 2865 1635 2935 annunciatur
1647 2867 1880 2952 comissimus
1892 2861 2001 2938 Chei-

88 2970 344 3063 pocniteutiae,
368 2980 402 3037 et
420 2965 607 3059 promissio
626 2960 797 3033 exhibens
820 2968 963 3055 piopter
1012 2983 1086 3037 stus
1099 2965 1252 3036 absolvit
1266 2963 1451 3034 mulierem
1468 2965 1510 3033 in
1524 2968 1798 3057 domo-leprosi.
1841 2966 1895 3041 Et‘
1907 2968 1999 3040 Pau·

88 3088 157 3143 tum
175 3071 289 3161 gratis
304 3071 547 3142 remissionem
565 3080 809 3159 peccatorum,
836 3090 961 3135 recon·
1013 3069 1069 3138 lus
1091 3066 1262 3150 absolvis,
1293 3079 1327 3136 et
1351 3065 1451 3137 iubet
1473 3068 1610 3138 absolvi
1637 3070 1827 3141 incestum..
1875 3069 2000 3163 ltaque

88 3199 192 3246 onem
220 3189 256 3246 et
283 3173 554 3263 imputationem
588 3169 765 3254 iustitiae,
798 3168 962 3240 donatio·
1013 3167 1507 3255 certissimum·est,pri'vatam
1523 3168 1998 3243 absolutionemesseEvan-

88 3279 232 3371 ipiritus
246 3276 359 3348 sancti
384 3291 418 3346 et
432 3275 525 3345 vitae
538 3286 717 3354 aeternae,
741 3283 777 3341 et
792 3266 857 3340 has
874 3295 961 3361 pro·-
1011 3273 1093 3363 gelii
1112 3295 1252 3349 vocem,
1268 3266 1515 3338 confirmatam·
1529 3285 1563 3340 et
1578 3267 1650 3341 hoc
1664 3274 1867 3364 ipsodicto:
1895 3274 1998 3364 Quo·

88 3405 161 3452 snes
177 3382 247 3451 fide
262 3379 371 3470 accipi
388 3391 540 3469 oportet.
590 3371 682 3444 Cum
704 3374 813 3462 igitur
826 3374 959 3464 longis-
1011 3399 1091 3444 rum
1110 3371 1320 3443 rensiseritis-
1329 3383 1484 3462 peccata,
1501 3385 1572 3442 etc.
1601 3372 1751 3467 Semper
1766 3376 1874 3466 igitur
1891 3379 1998 3446 luisse
2028 3428 2038 3443 .

91 3484 262 3556 differant
290 3478 376 3552 haec
403 3482 591 3566 doctrinae
609 3501 755 3569 genera,
793 3491 837 3549 ut
858 3502 960 3569 saepe
991 3478 1088 3546 'eam
1112 3475 1150 3543 in
1173 3473 1326 3547 Ecclesia
1350 3472 1577 3545 manifestum
1602 3489 1672 3561 est,
1708 3499 1791 3548 nam
1815 3492 1849 3551 et
1872 3476 1998 3549 Petrus

88 3601 196 3668 nest,
221 3585 491 3675 diligentissime
506 3586 701 3654 cavendum
718 3595 787 3663 est,
813 3607 860 3652 ne
872 3608 959 3654 con-
1010 3575 1274 3647 Alexandrinus
1301 3575 1386 3645 citat
1417 3599 1558 3645 morem·
1586 3572 1765 3651 Ecclesiae
1793 3582 1996 3672 superioris,

88 3702 189 3760 ntur.
234 3688 396 3781 Cumque
405 3681 570 3758 Cllristus
584 3681 644 3755 hic
658 3684 718 3755 det
733 3688 899 3756 mandata
914 3688 959 3757 de
1009 3694 1131 3749 contra
1150 3680 1290 3749 furores·
1303 3674 1447 3746 Meletii'
1468 3692 1503 3748 et
1522 3674 1782 3768 catharorum,
1808 3707 1905 3776 quae·
1920 3684 1997 3773 lap-

88 3794 192 3862 sione·
213 3803 459 3882 peccatorum,
498 3789 739 3878 intelligamus
771 3790 957 3877 gratuitam
1009 3803 1066 3850 sos
1082 3782 1215 3873 privata
1232 3777 1462 3849 absolutione·
1474 3801 1612 3870 semper
1626 3785 1782 3874 recepit,
1809 3785 1888 3853 imo·
1905 3782 1995 3853 Pro-

88 3895 242 3982 sionem,
259 3908 303 3967 ut
316 3916 453 3987 saepea
469 3891 589 3964 Paulo·
600 3890 809 3965 declaratur.
1010 3878 1136 3974 phetae
1151 3905 1227 3951 eam
1243 3880 1349 3951 etiam
1367 3881 1409 3947 ina
1420 3881 1530 3950 veteri
1551 3895 1776 3964 testamento.
1792 3883 1996 3974 intelligen-

1009 3983 1336 4074 tesllvangelium,
1356 3981 1673 4074 administramus,
1696 3999 1740 4056 ut
1761 3981 1995 4077 Nathanpoi-

88 4099 239 4171 iecund'o
257 4097 412 4167 sciamus
423 4089 492 4165 lior
507 4096 624 4181 ipsum
640 4092 828 4164 ministerii
838 4088 958 4166 Evsn.
1010 4099 1093 4157 vata¹
1116 4086 1341 4156 atnoluttone
1368 4086 1562 4155 annunciat
1593 4083 1729 4155 Davidi·
1749 4086 1994 4157 remissionem

107 4206 188 4271 esse·
203 4199 441 4268 ministerium
467 4198 630 4286 spiritus,
668 4197 801 4282 idest,
840 4196 955 4268 Deum
1008 4203 1229 4279 peccatorum
1248 4241 1265 4274 ,.
1296 4184 1430 4258 Daniel
1452 4187 1525 4276 regi
1555 4184 1992 4283 Babylonico-Nabucho-

88 4305 408 4391 ilicacernesseper
422 4295 758 4383 hoc-ministerium,
774 4322 856 4369 vere
870 4303 963 4372 d'are·
1005 4292 1180 4362 d'ossosori-

88 4429 146 4476 um
182 4417 374 4482 sanctum.
417 4426 480 4490 per
513 4426 634 4471 vocem
669 4415 706 4472 et
737 4403 953 4491 agnitionem

88 4508 176 4594 felli,
199 4530 282 4575 vere
301 4501 449 4574 trabere
467 4518 501 4575 et
526 4528 668 4574 movere
682 4505 808 4584 corda,
833 4518 874 4575 nt
892 4506 956 4574 fig.
1107 4484 1304 4574 setll'gnllrl
1321 4483 1528 4574 Evangelii,
1546 4482 1907 4562 vociieuantursoli'us
1925 4490 1992 4564 Del

88 4609 551 4680 ,aaredas.vftae-aevernf,e„
594 4602 680 4676 Etsi·
694 4619 810 4676 21,st
827 4600 961 4676 huma.
1005 4589 1445 4675 esseremiuarepeccasa‚.
1488 4583 1584 4656 Haec
1604 4588 1860 4663 cavillatioest
1878 4595 1992 4664 insul-

88 4713 250 4805 ,pienli'ae
273 4712 382 4780 vald'e
401 4711 531 4779 animm
557 4708 725 4793 villelm,
760 4731 815 4777 res
839 4721 963 4779 tantas.
1004 4691 1139 4762 sissima
1150 4740 1170 4773 ,.
1189 4689 1273 4781 quill
1290 4702 1329 4758 ut
1344 4687 1575 4779 in·l>aptismo
1593 4689 1754 4761 minister
1770 4692 1999 4768 loto-Chrlsll

88 4838 138 4885 ser
152 4815 320 4896 verbum,
351 4827 390 4883 et
403 4836 476 4880 non
493 4811 723 4901 postulandos
742 4834 816 4888 esse
830 4810 869 4879 in
889 4807 954 4881 liae
1005 4792 1130 4883 ‘²⁰59st
1145 4786 1390 4907 h‘lmillffll‘efl'
1403 4790 1653 4862 We‘fffflffllt
1668 4809 2000 4894 Pfflfflladflsslltfflffl·

89 4919 143 4987 ios
158 4914 345 4986 contuitus·
353 4912 438 4992 Dei,
464 4913 704 4983 tamennobi's
719 4913 953 4983 certissimum
1005 4886 1396 4985 d²f²⁰⁵·Vi⁶0‘Ch¹‘¹⁸¹¹·s-
1413 4892 1460 4963 ῑῑὸ
1477 4893 1807 4971 lss‘ssnsssssscifllione
1824 4895 1988 4987 Evange-

88 5045 121 5092 ec
143 5018 193 5088 ita
210 5017 380 5106 ellicipec
396 5017 571 5100 verbum,
590 5015 680 5084 idco
693 5014 863 5105 scriptum
884 5027 952 5085 eas:
1004 4997 1065 5082 til,
1090 4990 1182 5065 nihil
1199 5016 1268 5062 sna·
1278 5007 1337 5063 aut
1359 4989 1514 5064 humana
1528 4998 1717 5067 autoritate
1731 4998 1990 5086 agit'mi'ni'ster,

88 5123 199 5192 ¹elirrm
217 5132 273 5188 est
284 5119 439 5207 potentia
450 5116 586 5188 Deiad'
597 5116 752 5196 salutem
763 5115 861 5186 omni
878 5141 957 5185 cre.
1004 5101 1070 5169 sed
1086 5095 1304 5190 pronunciat
1322 5095 1659 5166 sententiam.a.·l)eo
1676 5098 1751 5187 ipsi
1762 5104 1992 5171 commenda.

128 5223 217 5293 laam
239 5218 490 5293 ficorinrssj:
525 5217 953 5305 Evangelinm-eetmfni.
1004 5214 1096 5274 tam..
1127 5197 1435 5286 Nee-intettigunt,
1452 5197 1998 5290 quidsit·ministeriumEvan.

88 5324 298 5415 mpipftus,
332 5321 668 5408 Humtiungflnmr
681 5331 713 5389 01
728 5319 835 5388 verb,
846 5313 957 5386 chri.
1004 5302 1109 5393 gelii,
1129 5301 1189 5393 qui
1216 5313 1360 5416 propter
1381 5298 1480 5368 illam
1503 5299 1992 5416 insulsissimam·cavillatio..

88 5458 92 5499 ε
109 5431 196 5501 loco-
205 5425 350 5499 oscitana
360 5451 377 5493 :1
397 5423 569 5514 Quorum
578 5420 785 5492 remiseritis
802 5434 964 5513 paccata,
1004 5400 1733 5493 nem“llllllimlll'³¹'¹⁴l¹¹⁸¹¹¹“lb⁸⁰¹¹¹l¹⁰¹¹⁰¹¹¹··
