4522 5782
97 196 174 275 esa
371 168 1630 297 xrrr.s.uuaeuarroaersr.eaun1aonouenos.
1691 224 1795 302 cae.
1822 151 1887 310 vt
2067 158 2144 318 ess
2230 325 2235 333 ,

94 373 339 492 corporalis,
350 386 468 445 tameo
484 398 559 445 non
576 392 746 468 regnant,
764 383 847 475 quis
864 384 1001 454 etiamsi
1017 409 1095 455 cer·
1125 392 1128 397 ’
1242 387 1301 462 Fit
1315 406 1431 463 autem
1448 387 1556 465 huius
1567 395 1727 466 beneficii
1741 358 1930 493 applicatio
1946 432 2008 497 per
2022 412 2139 501 fidem,

91 499 168 565 pus
202 477 446 562 destruitur,
471 491 590 547 tamen
615 504 690 550 non
719 485 922 555 sentiuntur
954 488 1095 558 dolores
1148 512 1221 582 qua
1247 493 1355 562 simul
1380 496 1485 564 corda
1513 519 1783 587 regenerantur,
1830 509 1912 598 qnia
1936 523 2021 581 tunc
2042 516 2137 587 lilius

87 578 326 661 inferorum,
366 582 426 648 sed
457 580 604 672 spiritus
629 585 718 654 vivit
741 601 886 676 propter
909 588 1095 675 iusticiam,
1141 595 1220 662 Dei
1242 594 1560 687 perEvangelium
1588 600 1740 671 vivificat
1764 611 1888 688 corda,
1927 616 2135 707 etdatSpi-

88 691 128 748 ut
158 679 260 748 infra
284 681 403 773 inquit
423 681 537 772 capite
561 684 613 753 8.:
658 682 707 755 Et
729 703 848 776 postea
879 692 1093 761 resuseiatur
1140 697 1256 765 vittam
1282 712 1456 768 sanctum.
1508 696 1559 768 lta
1582 701 1620 769 in
1645 718 1763 773 mente
1785 719 1818 776 et
1841 713 1946 780 corde
1970 717 2133 790 incoatur

88 776 210 850 horno
233 784 277 850 ad
296 796 474 853 aeternam
502 786 637 869 lucem,
662 791 890 877 sapientiam,
916 794 1091 862 iusticiam
1147 795 1384 887 Regeneratio
1405 814 1548 890 accepto
1568 806 1696 882 verbo,
1721 806 1842 889 idest,
1868 810 2131 902 Consolatione,

88 896 118 951 et
144 883 337 954 laetitiam.
387 885 441 955 Ita
465 881 522 954 hic
552 889 686 980 inquit:
724 888 851 962 Gratia
885 909 1006 982 regnat
1030 919 1092 985 per
1146 925 1253 996 quam
1278 901 1364 969 dicit
1384 902 1478 972 tilius
1502 904 1541 971 in
1563 908 1669 975 corde
1685 921 1719 975 et
1737 925 1875 1001 accepto
1894 913 2031 1005 Spiritu
2048 945 2131 991 san·

88 985 299 1069 iusticiam,
324 987 361 1055 id
391 1000 460 1072 est,
485 988 727 1060 misericordia
744 996 896 1083 gratuita
920 1012 1041 1085 regnat
1058 1010 1092 1067 et
1146 1017 1219 1086 cto,
1246 1003 1306 1094 qui
1325 1025 1436 1072 novos
1454 1019 1570 1075 motus
1591 1010 1750 1079 accendit
1772 1012 1810 1080 in
1831 1020 1948 1088 corde.
2001 1020 2061 1090 Sic
2080 1025 2131 1095 ait

88 1086 328 1179 vincit,²qua
350 1090 730 1193 etiustireputamur‚
755 1099 1091 1169 etdonamuruova
1145 1100 1287 1173 Petrus:
1321 1103 1451 1176 Renati
1475 1109 1576 1192 estis,
1618 1133 1692 1178 non
1727 1116 1860 1184 semine
1891 1124 2129 1212 corruptibili,

88 1189 196 1273 luce,
236 1190 409 1278 sapientia
432 1205 465 1261 et
488 1191 627 1268 iusticie
654 1218 715 1282 per
745 1198 862 1267 Iesum
894 1194 1090 1270 Christum.
1145 1210 1203 1272 sed
1222 1230 1284 1295 per
1304 1229 1501 1276 sermonem
1518 1210 1693 1280 viventem
1710 1209 1793 1298 Dei,
1820 1232 1852 1286 et
1868 1238 2069 1293 manentem
2088 1228 2126 1296 in

88 1288 291 1383 Utrunque
313 1292 408 1360 enim
432 1291 490 1364 hic
522 1296 926 1387 complectiturl’anlus
952 1316 986 1370 et
1017 1303 1089 1370 im·
1145 1308 1272 1380 secula.
1324 1306 1371 1377 Et
1398 1311 1440 1376 ad
1465 1309 1588 1379 'l'itum
1611 1315 1664 1385 S:
1697 1312 1901 1386 Secundum
1925 1324 2124 1397 misericor-

88 1394 320 1480 putationem
342 1408 375 1464 et
398 1396 693 1479 vivificationem,
731 1426 800 1494 qua
824 1405 898 1495 ipse
916 1402 1010 1472 lilius
1023 1401 1091 1473 Dei
1143 1409 1238 1476 diam
1255 1409 1403 1478 salvavit
1419 1433 1483 1479 nos
1501 1436 1563 1502 per
1579 1414 1756 1484 lavacrum
1772 1425 2065 1512 regenerationis,
2092 1445 2125 1501 et

88 1516 124 1561 ,n
154 1495 268 1565 nobis
290 1511 343 1567 est
363 1497 497 1573 efficax.
1144 1512 1409 1580 renovationem
1431 1511 1586 1604 Spiritus
1599 1517 1729 1600 sancti,
1755 1543 1860 1610 quem
1877 1524 2003 1596 effodit
2019 1551 2126 1621 super

119 1628 123 1635 ·
1143 1636 1209 1680 nos
1229 1613 1415 1702 opulenter
1439 1638 1502 1704 per
1524 1611 1549 1682 I
1557 1638 1676 1684 esum
1697 1615 1879 1691 Christum
1912 1629 2123 1700 salvatorem

1143 1729 1314 1786 nestrum.
1383 1711 1430 1784 Et
1461 1712 1653 1788 Zachariae
1681 1721 1757 1791 11.:
1798 1720 1991 1797 Effundam
2019 1754 2124 1825 snper

1141 1817 1288 1885 domum
1308 1816 1421 1886 David
1446 1819 1609 1906 spiritum
1631 1823 1763 1908 gratiae
1779 1841 1811 1894 ct
1830 1849 1984 1915 precum.
2153 1836 2156 1842 ’

1240 1915 1527 1988 Considerandae
1550 1936 1633 1991 sunt
1656 1925 1766 2012 igitur
1779 1950 1907 1999 causae
1927 1931 2019 2002 hene
2032 1957 2119 2025 ope-

1140 2020 1243 2087 randi
1261 2021 1491 2089 necessariae:
1521 2037 1555 2092 et
1571 2038 1704 2111 agreste
1720 2039 1773 2095 est
1787 2028 1984 2120 intelligere
2001 2059 2121 2106 neces-

1139 2124 1275 2190 sitatem
1301 2122 1529 2197 coactionem.
1587 2125 1805 2213 Angelorum
1839 2134 2042 2204 obedientia
2070 2152 2121 2208 est

1136 2218 1351 2307 necessaria,
1384 2225 1419 2291 id
1443 2239 1513 2309 est,
1545 2227 1596 2296 sic
1616 2229 1811 2298 ordinatas
1827 2231 1922 2317 Deo,
1951 2249 2120 2307 ettamen

481 1753 584 1865 Cap.
626 1755 703 1843 vl.

364 1913 472 2014 Quid
495 1918 613 2015 igitur
639 1919 823 1992 dicemus?

198 2120 412 2215 Priusquam
423 2121 553 2196 Paulus
570 2126 744 2195 incoatum
761 2124 986 2195 collationem
1004 2117 1086 2217 pe'c·

88 2224 183 2309 eati,
211 2224 300 2311 legis
322 2237 356 2294 et
382 2221 530 2319 Gratiae
546 2228 715 2316 pertexit,
743 2228 867 2296 inserit
882 2219 1084 2318 occup'atio-

88 2351 178 2410 aes,
206 2327 291 2416 quia
315 2349 462 2414 magnus
479 2331 652 2398 tumultus
673 2330 919 2420 quaestionum
937 2325 995 2398 hic
1011 2331 1085 2398 ori-

88 2452 166 2498 ur:
194 2426 237 2498 Si
260 2450 332 2496 non
357 2450 479 2497 sumus
501 2430 584 2498 iusti
601 2432 675 2521 l'ege
699 2444 733 2500 et
756 2433 927 2519 operibus
943 2434 1084 2515 nostris,

88 2532 148 2599 red
171 2552 239 2617 per
254 2528 529 2599 misericordiam
549 2548 693 2623 propter
708 2534 957 2618 mediatorem,
973 2558 1081 2627 quor-

88 2656 169 2703 urm
192 2653 287 2717 opus
307 2644 357 2700 est
379 2634 468 2700 bene
489 2636 654 2722 operari?

133 2770 139 2779 ·
173 2730 294 2802 ·Haec
314 2733 465 2802 obiectio
491 2735 530 2804 lit
555 2737 664 2825 magis
690 2737 888 2826 perspicua,
914 2738 943 2804 si
968 2740 1080 2807 nostri

1136 2340 1189 2397 est
1204 2339 1408 2415 spontanea,
1424 2350 1496 2395 non
1514 2342 1649 2399 extorta
1665 2331 1844 2400 coactione
1859 2336 1914 2403 vel
1932 2339 2120 2410 teretibus.

1239 2429 1330 2496 Sunt
1347 2427 1454 2513 igitur
1472 2452 1595 2499 causae
1610 2432 1698 2498 bene
1716 2436 1906 2523 operandi,
1926 2436 2120 2530 impulsiva

1135 2525 1322 2618 Efficiens‚
1350 2526 1502 2602 Finales.
1558 2529 1769 2620 impulsiva,
1795 2539 1878 2628 quia
1895 2536 2010 2610 manet
2030 2546 2119 2611 ordo

1134 2631 1201 2700 Dei
1229 2633 1416 2715 immotus,
1449 2647 1490 2702 ut
1513 2651 1670 2702 creatura
1694 2638 1837 2706 obediat
1857 2639 1953 2714 Deo:
1989 2645 2033 2710 de
2053 2640 2118 2714 bae

1134 2756 1237 2803 causa
1257 2733 1417 2825 loquitur
1438 2731 1570 2804 Paulus
1593 2737 1684 2806 infra
1707 2761 1786 2807 cum
1809 2738 1942 2835 inquit:
1970 2741 2119 2815 Debito-

90 2835 265 2926 emporis
280 2838 539 2904 controversiae
553 2840 832 2910 considerentur.
872 2838 961 2907 Nam
979 2864 1079 2928 pror·
1132 2858 1189 2904 res
1204 2860 1336 2907 sumus.

88 2938 294 3009 meroem
311 2938 464 3007 absurda
480 2940 581 3007 nobis
596 2941 790 3009 adversarii
813 2941 1006 3011 obiiciunt:
1040 2941 1078 3011 Si
1130 2970 1134 2979 ·

1235 2933 1419 3015 Elliciens‚
1453 2937 1581 3037 deque
1606 2933 1665 3006 hic
1692 2938 1868 3032 loquitur,
1894 2959 1946 3015 est
1963 2945 2118 3034 Spiritus

88 3052 243 3131 aropter
263 3061 370 3127 opera
395 3063 468 3108 non
494 3062 614 3110 snmus
639 3043 739 3124 iusti,
764 3066 933 3133 qarorsnm
954 3045 1080 3112 attinet
1132 3051 1291 3120 sanctus,
1318 3039 1377 3127 qui
1396 3040 1482 3106 tales
1499 3044 1613 3109 motus
1630 3047 1806 3128 accendit,
1834 3048 1949 3138 qrralis
1965 3051 2038 3137 ipse
2054 3065 2116 3120 est.

88 3164 184 3229 aene
211 3141 363 3229 operari.
418 3142 494 3208 lmo
524 3157 620 3211 tanta
643 3159 694 3212 est
714 3145 901 3212 iufirmitas
931 3160 1078 3212 naturae
1232 3138 1327 3208 Hinc
1348 3142 1421 3208 duo
1448 3156 1653 3227 argumenta
1679 3148 1806 3215 extruit
1831 3144 1977 3219 Paulus.
2097 3170 2101 3177 ·

88 3261 245 3324 rostrae,
261 3254 301 3311 ut
316 3243 447 3332 singuli
463 3245 642 3314 remittant
660 3246 893 3316 intentionem
911 3260 944 3314 et
958 3270 1077 3315 curam
1233 3241 1365 3310 Natura
1393 3256 1531 3310 mortua
1556 3268 1627 3311 non
1653 3245 1698 3313 sit
1722 3248 1860 3316 efficax:

88 3368 181 3417 serre
205 3347 398 3434 operandi,
435 3348 554 3417 audita
580 3350 741 3416 doctriua
767 3348 1106 3438 deirupotatioue.t
1233 3341 1345 3412 Vetus
1359 3356 1485 3412 natura
1501 3346 1617 3434 coepit
1633 3349 1743 3428 mori,
1765 3352 1847 3442 quia
1873 3375 1953 3420 cum
1973 3352 2113 3423 incon.

88 3447 130 3518 bt
147 3447 313 3534 cognitio
331 3448 589 3538 misericordiae
611 3453 721 3537 magis
738 3454 927 3518 accendere
946 3476 1010 3518 nos
1034 3454 1076 3516 ad
1102 3442 1105 3539 ξ
1131 3447 1292 3513 versione
1316 3447 1432 3534 arguit
1456 3462 1652 3535 peccatum,
1690 3448 1740 3517 ibi
1763 3452 1799 3520 in
1824 3475 1928 3522 sensu
1953 3454 2026 3523 irae
2047 3454 2115 3526 Dei

88 3572 180 3619 »ene
201 3552 423 3638 operandum
447 3552 608 3620 deberet:
644 3577 724 3619 uam
747 3551 923 3619 dubitatio
949 3567 997 3618 est
1018 3577 1076 3618 or·
1102 3578 1104 3589 ¹
1128 3571 1249 3616 revera
1274 3549 1311 3615 lit
1333 3548 1556 3616 mortificatio
1574 3549 1699 3617 veteris
1720 3566 1884 3639 naturae,
1910 3569 1948 3626 ut
1965 3558 2113 3627 dieitur:

88 3674 201 3721 :anus
239 3664 273 3721 et
307 3653 506 3740 profundus
539 3653 721 3737 fremitus,
761 3657 823 3745 qui
858 3649 1079 3721 horribiliter
1101 3656 1104 3679 ‘
1129 3633 1229 3719 Sicut
1244 3648 1316 3717 Leo
1335 3650 1500 3717 contrivit
1515 3651 1633 3717 omnia
1652 3674 1729 3722 ossa
1746 3679 1834 3725 mea.
1924 3671 1926 3675 ’

90 3752 309 3842 anguel'acit
339 3754 478 3821 animos
509 3755 546 3823 in
584 3754 810 3823 invocatione
847 3768 881 3823 et
911 3754 1078 3823 omnibus

88 3856 305 3925 actionibus.
353 3852 487 3926 Usitata
504 3872 622 3927 autem
641 3856 824 3948 responsio
839 3869 891 3925 est
907 3858 950 3925 ad
969 3880 1076 3948 quae-

90 3977 287 4029 taonem:-

1233 3751 1312 3818 Non
1338 3750 1445 3838 igitur
1468 3751 1514 3818 sit
1537 3752 1668 3824 efficax.

1235 3850 1347 3934 leem,
1386 3848 1475 3919 Viva
1502 3865 1536 3920 et
1567 3875 1719 3939 regnans
1750 3869 1875 3924 natura
1908 3859 1953 3928 sit
1981 3861 2113 3932 efficax.

1131 3954 1204 4023 lam
1229 3966 1351 4040 regnat
1373 3954 1412 4020 in
1437 3957 1543 4021 corde
1567 3954 1740 4046 Spiritus:
1783 3959 1828 4027 sit
1851 3958 1959 4047 igitur
1980 3964 2110 4034 efficax.

188 4058 230 4129 Si
257 4080 331 4127 non
352 4080 473 4130 snmus
489 4060 573 4132 iusti
599 4073 745 4149 propter
767 4081 891 4151 opera,
915 4082 989 4128 non
1009 4060 1075 4150 igi·
1128 4042 1218 4127 Nam
1233 4056 1387 4145 Spiritus
1401 4068 1541 4123 sanctus
1557 4059 1716 4127 accendit
1731 4059 1818 4126 tales
1835 4073 1969 4142 motus,
1996 4064 2111 4156 qualis

190 4175 252 4231 tur
273 4185 362 4251 opus
377 4177 429 4232 est
446 4165 537 4232 bene
553 4162 717 4251 operari?

497 4264 695 4357 Responsio
710 4292 717 4332 :

187 4361 616 4458 Nego-consequentiam,
650 4379 684 4436 et
709 4366 798 4434 ratio
824 4378 893 4446 est,
928 4366 1010 4459 qrria
1036 4366 1074 4433 in

1128 4160 1203 4248 ipse
1232 4172 1300 4239 est,
1341 4158 1435 4225 iuxta
1461 4157 1614 4225 dictum:
1657 4158 1759 4227 Dabo
1788 4160 1900 4248 legem
1932 4186 2046 4233 meam
2069 4168 2108 4235 in

1129 4262 1385 4331 corda'eorum.
1427 4255 1523 4326 Haec
1538 4274 1742 4346 argumenta
1759 4264 1881 4331 recitat
1896 4258 1954 4332 hic
1966 4261 2109 4344 Paulus.

1229 4359 1364 4431 Causae
1387 4360 1507 4428 fiuarles
1526 4374 1608 4428 suut
1632 4363 1762 4430 multae
1784 4376 1817 4432 et
1839 4387 1997 4452 magnae.
2049 4367 2110 4438 Fi·

88 4492 151 4539 roc
174 4481 386 4554 argumento
401 4470 538 4538 fallacia
554 4484 605 4538 est
620 4473 814 4538 secundum
831 4492 907 4537 non
923 4492 1075 4553 causam,
1099 4480 1102 4559 j
1129 4467 1197 4535 lius
1218 4462 1282 4533 Dei
1302 4480 1523 4554 nequaquam
1542 4463 1622 4530 ideo
1639 4486 1759 4553 passus
1775 4478 1844 4548 est,
1870 4490 1934 4535 nec
1951 4469 2030 4539 ideo
2047 4474 2109 4543 dat

88 4588 118 4643 rt
149 4590 310 4640 cansam.

188 4668 284 4741 Sunt
299 4671 394 4738 enim
410 4672 498 4740 aliae
512 4694 658 4762 magnae
673 4686 706 4741 et
722 4672 935 4742 necessariae
950 4695 1074 4741 causae

88 4794 178 4845 sene
208 4775 408 4861 operandi,
458 4775 596 4842 esiamsi
626 4799 732 4863 opera
764 4798 837 4842 non
871 4775 1072 4844 iustificant.

88 4876 253 4948 lbnatur
266 4875 466 4944 iustihcatio
484 4891 627 4966 propter
640 4877 870 4945 mediatorem
882 4900 944 4966 per
958 4878 1074 4961 fidem,

1099 4568 1102 4653 j
1127 4567 1370 4637 remissionem
1394 4577 1631 4652 peccatorum,
1657 4579 1696 4633 ut
1715 4567 1897 4636 confirmet
1918 4588 2110 4658 peecatum,

1127 4684 1160 4740 et
1180 4665 1371 4737 horribiles
1395 4666 1534 4732 terrores
1558 4665 1595 4731 iu
1621 4688 1747 4754 genere
1771 4663 1947 4755 humano,
1983 4677 2043 4742 sed
2068 4691 2108 4744 ut

1127 4771 1240 4841 deleat
1255 4784 1431 4859 peccatum
1449 4780 1482 4835 et
1501 4783 1666 4849 mortem,
1694 4782 1726 4836 et
1751 4772 1910 4839 restituat
1932 4774 2105 4844 iusticiam

1126 4888 1160 4944 et
1177 4876 1282 4942 vitam
1299 4885 1495 4938 aeternam:
1531 4867 1680 4959 ideoque
1699 4872 1773 4940 vult
1794 4895 1857 4940 nos
1873 4873 1946 4940 lieri
1965 4876 2107 4944 eonlor-

88 4984 212 5059 dest,
242 4993 389 5066 propter
407 4979 521 5046 tilium
539 4977 604 5046 Dei
622 4978 812 5067 accipimus
830 4979 1072 5071 remissionem
1125 4999 1199 5045 mes
1223 4997 1305 5042 suae
1330 4972 1453 5040 mortis
1477 4985 1509 5038 et
1535 4973 1813 5043 resurrectionis.
1872 4970 1918 5043 Et
1943 4981 1985 5044 ad
2013 4972 2108 5045 hrruc

88 5093 333 5163 secretorum,
359 5092 393 5149 et
418 5094 624 5166 reputamur
647 5079 749 5159 iusti,
775 5079 811 5148 id
840 5094 908 5162 est,
942 5080 1071 5169 accepti
1126 5078 1239 5166 ipsum
1262 5076 1367 5144 linem
1391 5085 1507 5140 manet
1532 5096 1627 5141 mors
1650 5075 1808 5164 corporis
1834 5076 1939 5142 etiam
1976 5076 2107 5145 electo·
2171 5160 2178 5167 ,

88 5179 157 5253 λυ
183 5182 304 5269 gratis.
361 5177 514 5269 Oportet
546 5184 641 5249 euim
672 5182 782 5251 tribui
815 5179 888 5249 lilio
910 5181 1069 5248 debitum
1095 5260 1098 5266 .
1125 5204 1202 5247 rum
1229 5191 1262 5247 et
1277 5176 1594 5254 sanctificatorum,
1616 5188 1656 5246 ut
1672 5199 1782 5243 massa
1809 5175 1938 5264 peccati
1964 5201 2107 5266 proram

88 5306 284 5366 tenerem,
322 5297 355 5353 et
379 5298 516 5376 oportet
538 5283 814 5354 consolationem
842 5305 916 5352 esse
935 5285 1069 5351 lirroam
1095 5273 1098 5357 l
1124 5285 1345 5363 destruatur,
1390 5290 1565 5346 ettamen
1590 5277 1627 5343 iu
1654 5299 1693 5343 ea
1719 5277 1796 5344 vult
1819 5277 1953 5345 incoari
1979 5278 2016 5347 iu
2041 5275 2106 5350 hac

88 5402 108 5459 t
132 5400 284 5456 certam.

1092 5390 1099 5472 i
1125 5383 1195 5454 vita
1219 5382 1352 5462 lucem,
1385 5378 1561 5450 iusticiam
1583 5392 1617 5449 et
1633 5378 1741 5448 vitam
1768 5388 1965 5466 aeternam,
1991 5395 2025 5453 et
2048 5384 2107 5454 dat
