4522 5782
40 176 159 259 uva
215 180 317 258 ιιιι.
369 179 406 258 a.
433 178 733 259 manuario
760 182 811 295 ιιι
836 142 995 261 nrtsr.
1020 175 1171 256 raum
1196 177 1265 256 an
1291 175 1651 261 couossuusus.
1710 180 1816 260 car.
1843 152 1917 263 ιιι
1986 184 2084 260 rara

37 346 201 452 Propter
224 376 320 450 quoe
345 352 440 424 venit
464 354 524 424 ira
549 348 630 426 Dei
645 381 764 455 super
780 352 893 450 filios
915 354 1040 430 inoba-
1092 352 1213 431 vitam.
1268 354 1375 429 ltem:
1405 355 1587 430 iustificati
1604 357 1672 428 lide
1695 382 1814 451 pacem
1839 353 2011 428 babemus
2034 360 2080 427 ad

412 454 574 527 dientem
601 468 665 532 etc.
1090 456 1217 528 Deum.
1268 456 1377 540 Item,
1410 457 1517 533 Rom.
1537 461 1590 530 8.:
1628 459 1668 532 Si
1694 480 1831 543 sumus·
1843 460 1925 546 lilii,
1957 484 2080 531 summ

136 556 238 657 'Nota
261 558 307 630 sit
331 555 470 651 phrasis
492 558 665 636 Hebraea.
718 558 801 631 Filii
826 564 1036 635 inobedien-
1087 573 1120 629 et
1147 554 1325 634 haeredes.
1387 560 1497 632 ltem:
1542 560 1638 632 Haec
1662 577 1713 635 est
1738 565 1809 635 vita
1838 578 1997 647 aeterna,
2037 577 2078 632 ut

39 664 133 743 tiae,
176 664 213 732 id
245 675 314 745 est,
366 658 528 733 homines
556 665 818 749 inobedientes,
864 681 902 736 nt
921 666 1034 737 Filius
1085 678 1276 751 agnoscant
1294 678 1326 733 te
1340 689 1462 734 verum
1483 662 1617 749 Deum,
1644 678 1677 736 et
1695 688 1798 758 quem
1817 663 2075 737 misistttrmm

39 764 279 859 perditionis,
306 766 341 833 id
364 780 434 844 est,
462 766 556 835 lilius
572 766 748 854 perditus,
776 769 839 837 etsi
856 765 1032 859 emphasis
1084 786 1158 833 esse
1172 761 1364 837 Christum.
1416 766 1587 837 Nominat
1603 782 1720 837 autem
1742 767 1986 837 inobedientes
2002 760 2071 835 hoc

41 881 97 938 est
115 866 154 937 in
171 865 236 937 hac
252 861 390 954 phrasi,
422 869 523 962 quasi
540 869 652 949 dicat,
679 870 843 960 proprius
860 873 1032 962 perditio-
1083 867 1180 957 loco,
1207 871 1268 961 qui
1293 869 1672 959 disceduntaregula:
1700 867 1820 939 Milita
1846 873 1976 938 bonam
2001 870 2069 937 mi-

37 971 99 1039 nis
112 966 178 1067 (nt
195 970 288 1039 lilius
304 984 353 1039 cst
369 970 534 1062 proprius
558 970 690 1065 patris)
711 994 772 1041 seu
790 974 847 1042 cui
864 976 1029 1043 domina·
1080 968 1192 1041 litiam
1217 972 1374 1042 retinens
1397 971 1502 1040 fidem
1521 987 1554 1041 et
1569 974 1699 1042 bonam
1717 973 1981 1042 conscientiam.

37 1086 103 1143 tur
126 1070 291 1163 perditio.
344 1068 457 1142 Filius
480 1073 573 1153 irae,
612 1074 703 1142 lilius
727 1097 824 1154 reus,
866 1077 1028 1167 proprius

36 1174 130 1257 irae,
149 1174 184 1243 id
200 1187 270 1253 est,
296 1187 424 1248 reatus.
472 1174 615 1245 ¹Deinde
632 1188 664 1244 et
681 1200 735 1244 res
752 1178 1027 1252 consideremus.

34 1276 183 1349 Dictum
209 1273 310 1344 Pauli
336 1271 503 1345 hocloco
529 1278 681 1365 positum
712 1280 925 1365 adiungatur
947 1280 1027 1349 aliis
1179 1270 1323 1344 Pbrasis
1342 1272 1443 1343 Pauli
1460 1287 1530 1359 est,
1556 1274 1593 1341 iu
1620 1275 1743 1344 eodem
1769 1270 1915 1341 homine
1939 1290 2062 1345 renato

36 1378 254 1451 testimoniis
271 1378 316 1445 de
333 1402 423 1445 nova
441 1379 642 1448 ohedientia
661 1393 784 1449 contra
800 1376 1026 1451 Antiunmos.
1077 1376 1263 1445 nominare
1299 1391 1450 1446 veterem
1487 1373 1689 1458 hominem,
1724 1389 1757 1445 el
1793 1389 2000 1445 vetustatem
2030 1389 2064 1444 el

35 1478 260 1567 Firmissime
283 1480 375 1547 enirn
397 1481 547 1549 tenenda
573 1495 623 1550 est
642 1483 780 1567 regula:
818 1481 936 1555 Milite
960 1487 1024 1553 bo·
1075 1480 1281 1549 exteriorem
1310 1472 1512 1557 bominem,
1542 1478 1711 1571 reliquias
1738 1490 1883 1546 necturae
1910 1478 2061 1547 carnalis

34 1606 122 1651 nam
138 1582 306 1650 'militiam
327 1582 483 1650 retinens
506 1583 610 1651 tidem
636 1598 670 1653 et
692 1585 822 1653 bonam
842 1588 1022 1656 conscien-
1074 1584 1232 1654 vitiosae.
1285 1581 1419 1651 Contra
1439 1605 1522 1649 vero
1543 1604 1676 1651 novum
1700 1575 1882 1671 bonduem
1906 1581 2058 1648 ctuovi-

34 1685 135 1756 tiam.
188 1684 241 1753 Ac
256 1684 490 1752 certissimum
509 1697 561 1754 est
576 1700 716 1754 ruentes
735 1687 771 1754 iu
788 1686 916 1758 scelera
936 1714 1022 1760 con·
1073 1700 1178 1757 tatem
1196 1683 1358 1774 spiritus,
1386 1698 1419 1752 et
1436 1683 1640 1755 interiorem
1661 1676 1860 1762 hominem,
1887 1696 2060 1771 qtraateuus

33 1800 87 1857 tra
113 1784 363 1857 conscientiam
389 1784 570 1857 effundere
587 1785 759 1878 Spiritum
784 1803 962 1871 sanctum,
988 1806 1023 1862 et
1073 1789 1111 1857 in
1136 1803 1273 1871 mente,
1307 1784 1488 1854 voluntate
1511 1795 1544 1851 et
1570 1786 1675 1853 corde
1700 1808 1790 1854 nova
1823 1781 1884 1850 lux
1913 1795 1946 1851 et
1971 1782 2058 1850 novi

31 1890 162 1961 iterum
181 1888 254 1956 lieri
273 1910 350 1956 reos
367 1902 528 1956 aeternae
546 1913 697 1980 poenae,
715 1891 783 1960 nisi
801 1915 922 1960 rursus
937 1918 1019 1961 eon·
1070 1904 1187 1960 motus
1208 1888 1343 1957 accensi
1369 1902 1483 1955 sunta
1502 1885 1575 1953 lilio
1592 1883 1678 1963 Dei,
1704 1909 1789 1953 voce
1813 1880 1998 1969 Evangelii
2023 1897 2059 1954 et

30 2004 228 2061 vertantur.
282 1988 376 2077 Quia
391 2012 548 2079 expresse
564 1991 712 2075 dicitur,
742 1996 774 2065 l.
791 1989 1021 2067 Corinthii:
1071 1990 1208 2083 Spiritu
1230 2007 1371 2071 sancto,
1395 2003 1434 2058 ut
1447 1990 1482 2057 2.
1501 1982 1665 2060 Corinth.
1679 1986 1713 2060 4.
1730 1987 1876 2055 dicitur:
1903 1984 2058 2055 Interior

32 2090 88 2163 Ne
105 2092 250 2170 erretis,
277 2116 341 2159 uec
359 2105 586 2176 scortatores,
615 2117 678 2162 nee
695 2095 846 2164 adulteri
863 2097 1020 2185 posside·
1071 2093 1177 2163 homo
1199 2107 1391 2164 renovatur
1414 2092 1458 2159 de
1481 2090 1538 2157 die
1563 2090 1599 2157 in
1623 2092 1729 2162 diem.
1781 2084 1830 2156 Et
1852 2080 1938 2154 haec
1962 2098 2056 2155 recte

29 2198 124 2265 bunt
148 2216 295 2282 regnum
319 2191 404 2277 Dei,
431 2194 580 2274 scilicet,
606 2209 689 2264 tunc
712 2221 790 2265 carm
816 2210 899 2268 sunt
922 2199 1017 2284 tales,
1070 2197 1301 2285 intelligenda
1334 2208 1440 2267 scrut:
1482 2190 1628 2261 Novitas
1657 2191 1696 2261 lit
1727 2191 1764 2258 in
1795 2210 1877 2256 vera
1907 2210 2057 2256 conver-

31 2310 118 2366 sunt
142 2297 193 2365 rei
215 2310 377 2364 aeternae
402 2297 538 2370 mortis.
601 2293 647 2368 Et
673 2294 788 2367 Galat.
812 2297 867 2371 5.:
914 2298 1017 2371 Talia
1070 2301 1189 2380 sione,
1216 2324 1295 2368 cnm
1311 2322 1395 2366 voce
1410 2292 1595 2382 Evangelii
1613 2317 1702 2363 nova
1721 2293 1781 2361 lux
1798 2290 1835 2357 in
1852 2304 1970 2359 mente
1991 2312 2053 2379 per

27 2400 199 2469 facientes
224 2421 371 2486 regnum
395 2396 459 2466 Dei
481 2423 553 2466 non
574 2400 825 2487 possidebunt,
849 2400 1017 2474 et2.Pe-
1069 2404 1183 2472 filiurn
1222 2400 1454 2484 accenditur,
1498 2409 1532 2465 et
1566 2398 1673 2464 datur
1704 2394 1860 2487 Spiritus
1892 2404 2054 2475 sanctus,

27 2501 77 2572 tri
92 2504 129 2573 2.
156 2499 196 2570 Si
212 2522 334 2569 rursus
351 2499 580 2590 implicantur
597 2503 775 2592 prioribus
794 2507 1015 2574 contamina·
1068 2506 1193 2589 fidem,
1233 2502 1421 2585 laetitiam,
1463 2498 1723 2567 invocationem
1751 2510 1786 2568 et
1816 2492 1904 2561 allos
1937 2507 2053 2563 motus

27 2603 208 2688 tionibus,
242 2602 327 2671 fient
354 2601 402 2670 eis
427 2603 619 2693 posteriora
638 2606 812 2674 deteriora
838 2605 1016 2696 prioribus
1068 2609 1214 2678 incoans
1241 2604 1354 2697 qualis
1382 2603 1456 2692 ipse
1487 2613 1549 2670 est.
1613 2594 1686 2669 Nec
1719 2601 1777 2669 fiat
1805 2590 1863 2663 hic
1892 2595 2053 2665 conlusio

27 2720 65 2778 et
86 2705 220 2775 accidet
242 2703 292 2773 eis
313 2706 408 2772 iuxta
438 2707 681 2791 proverbium:
721 2704 828 2776 Canis
854 2732 1016 2779 reversus
1067 2706 1252 2797 Evangelii
1282 2720 1315 2776 et
1345 2695 1619 2797 philosophiae,
1666 2701 1757 2772 sieut
1785 2698 1930 2793 quidam
1961 2697 2052 2766 salso

25 2813 72 2880 ad
91 2808 262 2876 vomitum
280 2819 343 2875 etc.
396 2803 492 2874 llaec
514 2830 586 2875 esse
603 2833 685 2878 vera
701 2810 935 2880 certissimum
954 2825 1017 2898 est,
1067 2813 1281 2903 scripserunt
1303 2807 1494 2877 novitatem
1522 2827 1596 2873 esse
1619 2804 1810 2886 rationem,
1843 2820 1966 2868 sensus
1990 2822 2052 2867 ve·

26 2928 63 2984 et
83 2909 270 2981 execrandi
288 2921 370 2977 snm
385 2907 590 2993 Antinomi,
618 2911 679 3003 qui
697 2910 835 3000 lingunt
854 2907 1015 2982 homines
1065 2927 1244 2987 tustatem.
1295 2909 1365 2982 Sed
1388 2908 1569 2978 sciendum
1590 2917 1640 2973 est
1661 2905 1766 2974 etiam
1786 2901 1957 2972 rationem
1973 2900 2050 2969 sine

24 3036 102 3083 esse
126 3012 237 3081 iustos
255 3011 341 3093 lide,
367 3008 502 3078 etiamsi
525 3028 750 3102 perseverent
766 3015 805 3081 in
822 3014 1015 3085 sceleribus
1066 3016 1140 3085 lilio
1166 3012 1260 3098 Dei,
1309 3013 1385 3080 sine
1418 3032 1502 3079 voce
1533 3004 1717 3094 Evangelii
1749 3018 1784 3075 et
1811 3002 1888 3075 sine
1914 2999 2052 3092 Spiritu

21 3127 148 3187 eontra
174 3110 437 3185 conscltnllam·
1066 3130 1186 3188 sancto
1213 3138 1286 3185 esse
1311 3125 1518 3183 vetustatem
1548 3122 1581 3179 et
1604 3108 1779 3181 tenebras.
1838 3099 1936 3172 Haec
1962 3102 2050 3173 alibi

130 3216 183 3285 Ac
204 3214 385 3306 perspicue
408 3213 590 3305 loquimur
614 3214 657 3281 de
682 3235 773 3281 nova
798 3214 1015 3303 obedientia,
1065 3219 1242 3311 copiosius
1267 3215 1435 3305 explicata
1457 3223 1552 3283 sunt.

23 3317 209 3400 videlicet,
234 3339 362 3383 novam
388 3315 628 3384 obedientiam
652 3339 726 3384 non
751 3338 824 3384 esse
846 3317 1012 3387 meritum
1165 3318 1335 3389 Nominat
1348 3329 1464 3386 autem
1487 3308 1546 3381 hie
1563 3309 1697 3380 Paulus
1712 3332 1845 3381 novrrm
1867 3299 2049 3374 hominem

22 3446 86 3494 seu
120 3419 273 3509 pretium
309 3417 400 3485 vitae
432 3429 609 3500 aeternae,
657 3431 690 3487 et
725 3430 843 3487 tamen
881 3443 1012 3489 novam
1065 3418 1414 3509 ImaginemDei,ubi
1433 3428 1525 3485 recte
1538 3412 1758 3501 intelligatur
1771 3407 1856 3478 hacc
1873 3407 2049 3477 doctrina.

22 3519 267 3595 obedientiam
293 3541 334 3587 eo
358 3518 433 3609 ipso
460 3520 690 3588 necessariam
717 3540 811 3602 esse,
845 3521 927 3614 quia
955 3517 1013 3592 hic
1061 3520 1283 3612 Augustinus
1315 3521 1568 3609 interpretatur
1599 3514 1789 3602 imaginem
1815 3514 1859 3580 de
1881 3508 2049 3600 potentiis

21 3628 114 3696 ordo
137 3623 175 3691 in
198 3621 273 3690 Deo
301 3620 469 3689 immotus
491 3634 559 3703 cst,
605 3635 645 3691 ut
669 3634 827 3693 creatura
861 3625 1012 3693 creatori
1060 3619 1130 3694 boc
1154 3628 1273 3698 modo.
1328 3619 1505 3690 lnanima
1530 3630 1614 3687 sunt
1638 3638 1738 3685 mens
1761 3614 1856 3705 ipsa,
1883 3612 2049 3700 cogitatio

22 3726 178 3799 obediat
232 3718 451 3810 ltem:Quie
466 3722 560 3817 lilius
576 3722 645 3793 Dei
663 3722 778 3807 veuit,
796 3740 834 3794 ut
852 3724 1011 3796 destruat
1060 3742 1095 3797 et
1114 3740 1241 3800 motus.
1293 3721 1389 3794 llaec
1404 3721 1472 3793 tria
1496 3720 1545 3789 sie
1567 3718 1820 3788 accommodat.
1872 3709 2049 3784 Aeternus

19 3840 225 3923 peccatum,
248 3847 320 3893 non
343 3838 379 3892 ut
404 3824 589 3893 confirmet
614 3824 793 3893 licentiam
818 3827 947 3896 ruendi
971 3828 1009 3899 in
1059 3827 1163 3898 Pater
1180 3839 1230 3897 est
1246 3824 1354 3897 veluti
1372 3822 1498 3904 Mens,
1525 3819 1657 3903 Filius,
1685 3815 1805 3906 imago
1822 3811 1937 3883 Patris
1953 3814 2049 3903 cogi-

19 3933 167 4003 scelera.
219 3924 301 3995 Non
326 3925 405 3995 ideo
428 3926 599 4017 pependit
615 3926 652 3994 in
670 3949 772 3995 cruce
788 3927 826 3994 in
851 3923 1010 3998 horribi-
1059 3930 1193 4001 tatione
1218 3929 1354 4018 genita,
1390 3924 1546 4015 Spiritus
1566 3933 1727 4000 sanctus,
1756 3932 1798 3990 ut
1819 3928 1948 3986 motus.
1998 3910 2049 3987 Et

18 4032 118 4107 libus
134 4030 339 4106 doloribus,
366 4041 406 4096 ut
429 4041 467 4098 tu
491 4050 608 4096 sumas
634 4029 699 4097 tibi
722 4027 900 4100 licentiam
924 4055 1009 4100 con·
1059 4033 1116 4123 pie
1135 4056 1173 4100 ac
1193 4032 1387 4122 prudenter
1410 4026 1473 4096 ista
1490 4021 1796 4093 considerantibus
1813 4040 1886 4087 non
1910 4016 1976 4086 erit
1991 4016 2049 4086 in-

16 4132 223 4209 taminandi
250 4146 282 4202 te
310 4130 521 4198 libidinibus
542 4145 575 4201 et
596 4129 675 4197 aliis
696 4130 899 4205 sceleribus.
1058 4149 1156 4222 grata
1180 4127 1267 4202 haec
1289 4128 1451 4213 collatio,
1477 4126 1559 4219 quia
1578 4137 1669 4194 certe
1686 4122 1803 4193 anima
1821 4133 1871 4189 est
1889 4117 2048 4189 testimo-

124 4232 251 4304 Tertio
271 4232 456 4301 necessitas
475 4244 526 4301 est
550 4232 655 4301 etiam
682 4245 825 4322 propter
844 4234 1007 4304 ordinem
1058 4235 1158 4305 nium
1184 4236 1226 4302 de
1250 4233 1345 4318 Deo,
1381 4244 1416 4301 et
1438 4230 1515 4299 vult
1542 4251 1607 4295 nos
1634 4226 1734 4297 Deus
1761 4222 1977 4311 intelligere,
2011 4245 2047 4293 se

11 4361 146 4416 causae
163 4352 197 4408 et
220 4334 382 4414 effectus,
409 4334 491 4424 qrtia
513 4334 575 4402 ubi
602 4347 652 4403 est
675 4333 713 4401 in
732 4335 836 4402 corde
853 4332 1008 4423 Spiritus
1059 4360 1131 4406 esse
1146 4332 1343 4407 Essentiam
1362 4333 1642 4421 intelligentem,
1667 4326 1878 4416 cogitantem
1897 4346 1989 4402 sese,
2012 4338 2046 4395 et

11 4457 181 4525 tanetus,
213 4437 263 4506 ibi
288 4461 361 4504 non
389 4451 511 4520 regnat
534 4448 734 4526 peccatum,
768 4437 827 4504 sed
853 4433 1007 4529 Spiritus
1057 4440 1252 4508 matricem.
1312 4436 1381 4507 Sed
1407 4437 1448 4502 ad
1475 4429 1560 4502 haec
1582 4429 1773 4520 Augustini
1796 4426 1890 4499 dicta
1914 4426 1958 4493 de
1982 4449 2046 4517 po-

11 4557 182 4624 ianctus,
207 4539 301 4608 iuxta
325 4538 476 4606 dictum:
503 4534 542 4607 Si
567 4539 721 4607 actiones
740 4538 856 4607 carnis
879 4538 1006 4628 spiritu
1056 4541 1176 4611 tentiis
1195 4534 1262 4608 hoc
1278 4542 1387 4609 addo:
1415 4534 1596 4605 Potentius
1614 4532 1864 4619 intelligendas
1881 4549 1953 4597 esse
1971 4550 2044 4598 non

11 4642 298 4723 nortiticabitis,
329 4640 466 4712 vivetis.
533 4636 606 4708 Nec
639 4656 756 4710 tamen
791 4640 851 4709 illa
887 4634 1006 4730 phrasi
1028 4682 1032 4719 ι
1057 4654 1257 4729 corruptas,
1290 4644 1351 4710 sed
1376 4640 1431 4707 vel
1456 4640 1607 4724 integras
1625 4634 1680 4703 vel
1699 4644 1931 4702 renascentes.
1984 4628 2045 4701 Sic

11 4753 172 4826 rrimur:
204 4742 305 4811 Bona
331 4765 435 4832 opera
460 4754 543 4809 sum
567 4742 758 4810 necessaria
784 4743 828 4810 ad
847 4742 1006 4825 salutem,
1027 4726 1032 4840 Ι
1055 4745 1101 4815 ad
1111 4741 1244 4834 Ephes.
1259 4744 1429 4835 scriptum
1447 4755 1515 4809 est:
1544 4737 1686 4807 induite
1702 4759 1836 4805 novum
1852 4725 2045 4817 hominem,

11 4854 98 4954 {uia
132 4846 345 4932 intelligitur
370 4846 414 4912 de
440 4843 577 4914 merito.
638 4841 754 4912 Simul
777 4844 872 4911 enim
897 4845 1005 4933 gratis
1055 4847 1117 4939 qni
1144 4847 1338 4916 secundnm
1363 4843 1480 4912 Deum
1510 4854 1645 4911 creatus
1675 4851 1748 4925 est,
1786 4839 1824 4907 in
1851 4833 1985 4904 iustitia
2010 4847 2046 4904 et

11 4964 164 5043 ‚ropter
181 4948 428 5029 mediatorem,
444 4957 479 5013 et
497 4967 558 5033 per
574 4967 654 5011 eum
670 4945 862 5034 accipimus
880 4947 1004 5014 remis·
1054 4949 1237 5019 sanctitate
1261 4946 1428 5018 veritatis.

12 5065 154 5132 ionem
189 5062 432 5140 peccatorum,
475 5045 746 5136 imputationem
780 5047 937 5116 iusticiae
970 5060 1004 5118 et
1045 5090 1048 5095 ·
1155 5046 1523 5119 llicnoulittautum
1547 5042 1784 5135 potentiarum
1806 5036 1957 5121 mentio,
1981 5038 2042 5106 sed

12 5151 309 5234 vivificationem,
337 5174 376 5217 ac
397 5148 569 5216 efficimur
585 5141 753 5216 haeredes
778 5147 869 5216 vitae
892 5160 1003 5217 aeter·
1055 5149 1131 5221 vult
1152 5151 1190 5219 in
1208 5152 1375 5240 potentiis
1399 5172 1470 5219 esse
1493 5146 1665 5217 iusticiam
1688 5157 1722 5212 et
1740 5151 1895 5209 sanctam
1913 5137 2043 5209 verita·

11 5286 100 5343 ωε,
124 5255 217 5324 sicut
237 5248 494 5344 ipseDomiuus
511 5248 645 5339 inquit:
671 5245 747 5337 Ego
765 5249 872 5319 vitam
890 5264 1002 5320 aeter·
1054 5266 1146 5336 tem,
1181 5254 1315 5332 idest,
1349 5253 1425 5323 vult
1442 5251 1560 5319 lucere
1583 5248 1620 5315 in
1644 5243 1747 5313 uobis
1773 5263 1872 5309 veras
1893 5240 2043 5309 noticias

12 5388 93 5440 ,am
120 5359 168 5428 do
191 5355 251 5430 eis.
304 5352 416 5422 ltem:
460 5348 533 5439 Qui
552 5349 657 5423 habet
673 5346 872 5438 Christum,
894 5346 1002 5426 babet
1053 5352 1206 5440 deDeo,
1231 5354 1367 5425 firmam
1387 5352 1623 5424 assensionem
1650 5359 1683 5417 et
1706 5343 1902 5427 iusticiam,
1926 5343 2045 5427 idest,

1117 1148 1120 1153 “
1140 1128 1390 1234 Posteaquam
1407 1135 1566 1207 exuistis
1584 1145 1729 1206 veterem
1745 1130 1930 1205 dominam
1947 1143 2008 1211 elc.
