4522 5782
441 198 523 277 xu.
573 186 874 274 ausemano
899 186 951 267 ru
976 188 1162 268 avano.
1187 140 1402 264 roauuts.
1453 186 1560 264 car.
1586 188 1671 264 xrs.

41 410 51 419 ·
139 372 203 451 sie
216 373 321 467 impii
335 369 561 465 prophetant,
588 372 623 440 id
640 384 705 455 est,
729 368 863 438 malurn
879 380 1032 452 stratum,
1081 362 1261 435 mandata.
1328 359 1410 431 Non
1441 362 1551 451 igitur
1575 362 1735 431 facienda
1765 360 1844 431 luit.
1908 358 2072 432 Alterum

27 478 210 577 'quod-fit
242 476 372 546 modus
401 478 446 544 ad
475 474 670 564 gloriosum
701 471 854 549 exitum,
887 483 928 539 nt
950 493 1030 539 cum

1084 478 1152 534 est:
1188 462 1269 533 Non
1291 477 1373 532 sunt
1395 465 1575 533 faciendae
1598 465 1840 555 profusiones,
1865 466 2072 554 praesertim

43 572 259 670 hebitopbel
272 580 425 649 dedisset
438 576 630 647 consilium
644 572 928 655 utileAbsoloni,
954 572 1031 639 Ab·
1082 590 1163 636 cum
1191 564 1459 635 defraudatione
1485 588 1691 656 pauperum.
1743 562 1859 635 Maria
1885 565 2072 655 profundit

44 682 144 755 solon
167 693 288 751 tamen
304 680 491 749 consilium
509 677 703 767 speciosum
719 672 851 743 Chusai
869 672 1030 752 antefert,
1082 680 1324 757 unguentum,
1351 668 1445 758 qtrod
1469 666 1586 758 potuit
1600 667 1706 735 vendi
1723 666 1888 736 trecentis
1903 664 2073 749 denariis,

44 806 114 878 quo
140 782 297 874 spatium
321 779 492 850 concessit
513 779 606 867 patri
631 774 761 846 Davidi
783 777 825 842 ad
850 782 1029 862 receptum
1081 770 1118 836 id
1134 782 1202 851 est,
1228 767 1371 856 triginta
1388 768 1584 852 coronatis,
1609 769 1706 837 unde
1719 766 1846 837 melius
1861 778 1935 837 erat
1949 765 2070 836 iuvare

45 876 286 980 merendum
296 933 307 965 ,
335 882 551 969 colligendas
575 878 693 967 copias
708 890 739 945 et
756 877 950 967 parandam
968 877 1029 941 sle-

45 987 250 1058 tensionem.
304 982 354 1051 lta
373 980 534 1052 Absolon
558 1002 681 1049 errans
703 1001 745 1046 eo
768 978 845 1066 ipso
868 976 1030 1059 consilio,

45 1090 137 1183 quod
152 1099 254 1178 putat
271 1107 344 1152 esse
359 1083 572 1152 tutissimum
588 1084 631 1149 ad
650 1080 869 1171 perdendum
888 1093 1030 1168 patrem,

46 1203 156 1260 ml
175 1210 270 1258 eum.
323 1183 401 1254 Hoc
418 1184 614 1275 exemplum
631 1193 797 1262 testatur,
824 1179 938 1250 Deum
956 1202 1030 1245 me-

48 1304 95 1361 tss
114 1290 332 1359 constituere
356 1301 390 1356 et
415 1285 598 1363 saevitiae,
634 1297 666 1352 et
688 1280 848 1351 consiliis
874 1276 1029 1349 bostium

46 1390 238 1480 Ecclesiae,
264 1412 309 1457 ne
320 1390 460 1481 possint
476 1410 603 1456 nocere
619 1398 792 1479 qnantum
811 1383 950 1456 volunt.

402 1642 540 1752 Caput
585 1640 686 1726 ΧΠ.

298 1807 392 1881 Ante
413 1830 480 1878 sex
502 1801 580 1876 dies
601 1797 783 1878 Paschae.

144 1964 263 2039 Series
287 1960 532 2032 narrationum
555 1956 739 2027 manifeste
760 1952 932 2034 ostendit,
962 1950 1033 2022 La·

51 2096 124 2142 saro
147 2082 291 2138 mortuo
315 2062 509 2134 restitutam
527 2084 601 2130 esse
617 2060 726 2130 vitam
743 2071 824 2127 ante
841 2057 935 2126 diem
952 2052 1032 2122 Pal-

50 2194 197 2244 marum.
245 2165 351 2237 Nunc
372 2165 467 2232 enim
490 2160 647 2233 Sabbato
671 2171 754 2230 ante
776 2159 871 2229 diem
893 2155 1034 2224 Palma-

49 2299 124 2347 mm
152 2271 195 2340 in
216 2264 414 2351 Bethania,
447 2262 601 2335 Lazarus
631 2284 753 2331 recens
778 2270 963 2329 revocatus
993 2257 1031 2323 iu

50 2376 165 2456 eitam,
192 2369 368 2441 acctrmbit
385 2389 526 2435 mensae
540 2377 575 2433 et
589 2363 755 2433 convivio
763 2358 909 2438 Christi,
936 2360 1032 2450 quod

51 2502 88 2547 co
109 2485 298 2555 narratur,
323 2483 364 2538 ut
385 2466 628 2538 testimonium
654 2477 746 2535 extet
769 2465 813 2534 de
828 2486 910 2531 vera
928 2459 1030 2529 resti-

52 2579 183 2649 tutione
214 2574 308 2643 vitae
328 2568 472 2651 Lazari,
501 2590 548 2634 ne
581 2565 660 2659 quis
690 2564 865 2634 existimet
887 2585 967 2630 eum
993 2572 1032 2630 ut

51 2692 224 2781 spectrum
266 2671 375 2742 semel
412 2665 628 2753 exhibitum,
678 2680 798 2758 postea
835 2662 1032 2735 evanuisse.

52 2780 121 2852 lmo
141 2774 233 2851 haec
252 2775 343 2853 vita,
369 2794 450 2840 vera
467 2783 502 2839 et
515 2770 685 2839 diuturna
701 2781 779 2860 post
794 2763 1032 2837 resuscitatio-

10 2874 12 2879 ’
53 2906 126 2953 nem
152 2878 244 2960 luit,
272 2899 313 2946 ac
341 2885 490 2942 narrant
515 2867 685 2941 historiae
715 2882 795 2961 post
818 2866 1030 2937 divisionem

10 2960 14 2985 Ι
53 2980 317 3077 Apostolorum,
342 2999 421 3045 cum
437 2973 498 3043 alii
512 2971 675 3064 discipuli
690 2970 729 3039 in
744 2970 811 3038 alia
828 2964 1032 3037 locaEvan-

56 3087 176 3176 gelium
202 3080 390 3162 afferrent,
411 3074 585 3146 Lazarum
607 3072 745 3142 venisse
769 3068 966 3140 Massiliam
987 3068 1031 3136 ad

10 3266 18 3280 ι
57 3188 131 3259 litu's
145 3182 351 3263 Gallicum,
379 3190 412 3248 et
428 3177 480 3247 ibi
495 3174 731 3266 Evangelium
747 3171 918 3242 docuisse.

143 3304 333 3379 Caeterum
351 3314 386 3371 et
400 3292 469 3368 boc
485 3298 705 3388 disputatur,
731 3318 777 3364 an
793 3293 931 3363 diversa
946 3314 1033 3361 con-

10 3478 21 3496 ,
57 3409 138 3479 risis
160 3409 201 3477 in
223 3398 400 3474 Bethania
421 3399 569 3470 recitent
591 3394 856 3486 Evangelistae,
882 3393 946 3464 etsi
966 3389 1033 3463 bae

11 3500 21 3563 ·'
59 3510 269 3607 quaestiones
305 3503 415 3592 magis
451 3500 609 3571 curiosae
640 3510 741 3583 sunt,
778 3520 884 3590 quam
914 3493 1033 3583 utiles,

11 3633 23 3699 t
59 3628 161 3685 tamen
182 3624 226 3681 ut
248 3629 306 3676 eas
328 3603 483 3673 breviter
504 3602 732 3692 abrumpam,
756 3623 870 3668 meam
891 3596 1033 3689 opinio-

60 3736 129 3803 nem
156 3712 296 3798 dicam,
327 3705 489 3774 existimo
521 3705 660 3772 diversa
690 3701 854 3770 convivia
880 3696 1032 3782 recitari,

61 3812 198 3887 loannes
218 3821 339 3882 narrat
362 3804 568 3877 convivium
591 3801 679 3873 sexti
703 3803 774 3871 diei
791 3816 872 3872 ante
886 3796 1034 3884 Pascha,

11 3958 25 4003 ,
62 3911 252 3991 llattbaens
287 3908 490 3980 convivium
529 3906 626 3976 tertii
661 3904 732 3973 diei
771 3917 852 3973 ante
887 3895 1031 3974 Pascha.

11 4062 26 4105 ι
63 4012 250 4091 baecnibil
268 4008 402 4082 babent
418 4007 576 4082 absurdi.

146 4134 218 4209 Sed
237 4129 393 4200 olficium
402 4125 540 4196 Mariae
558 4123 690 4192 sororis
702 4119 845 4205 Lazari,
873 4134 907 4190 et
922 4119 1033 4208 signi-

64 4238 245 4309 lcstionem
268 4232 461 4299 rideamus.
513 4224 628 4295 Maria
652 4224 752 4312 ungit
771 4225 874 4314 pedes
887 4216 1033 4301 Christi,

64 4338 170 4411 iltuit
194 4336 364 4408 usitatum
390 4330 443 4397 illi
465 4328 578 4417 genti,
605 4327 643 4393 in
664 4349 732 4419 qua
750 4340 782 4395 et
798 4324 1033 4392 nascebantur

64 4455 200 4511 stomata
228 4432 527 4523 fragrantissima,
557 4442 590 4497 et
620 4450 768 4515 maguus
797 4448 919 4494 eorum
948 4447 1034 4493 usus

64 4558 131 4616 ent,
185 4538 311 4609 Voluit
328 4535 420 4602 enim
439 4532 534 4602 neus
550 4552 652 4599 sunm
668 4526 838 4621 populum
858 4526 1034 4596 instruere

12 4656 18 4669 '
64 4643 291 4733 praesentibus
304 4634 469 4706 remediis
485 4635 651 4702 adversus
667 4630 835 4712 vulnera,
861 4652 939 4697 cum
958 4627 1032 4694 vel-

62 4741 338 4822 lstessemilites,
364 4750 397 4806 et
411 4738 579 4806 adversus
592 4733 779 4821 languores
793 4730 922 4813 cordis,
943 4752 1032 4822 quos

1082 890 1272 961 pauperes,
1298 870 1375 938 iure
1390 868 1500 957 igitur
1513 865 1798 961 reprehenditur.

1184 1003 1241 1075 Ad
1266 1004 1421 1095 primum
1446 1006 1661 1097 respondeo,
1694 1030 1733 1076 ac
1753 1004 1909 1096 primurn
1933 1004 1978 1075 ad
2003 1004 2071 1074 mi·

1083 1131 1205 1176 norem
1236 1108 1333 1176 dico:
1366 1104 1444 1175 lloc
1472 1131 1561 1197 opus
1588 1108 1695 1177 luisse
1717 1131 1807 1198 opus
1831 1106 2074 1191 confessionis,

1083 1232 1154 1301 quo
1170 1204 1286 1277 Maria
1309 1208 1489 1281 testificata
1513 1220 1622 1278 estse
1645 1203 1741 1279 hunc
1764 1206 1945 1279 doctorem
1962 1232 2072 1280 vene-

1082 1310 1177 1395 rari,
1202 1322 1233 1377 et
1260 1309 1301 1389 ei
1316 1311 1477 1394 credere,
1503 1333 1581 1379 cum
1606 1310 1750 1404 quidem
1771 1312 1876 1380 toties
1890 1310 1959 1379 iam
1978 1312 2073 1381 asse·

1085 1425 1253 1495 verasset,
1278 1434 1315 1480 se
1332 1434 1405 1481 ease
1422 1410 1609 1495 Messium,
1633 1425 1666 1482 et
1685 1426 1869 1503 propterea
1883 1408 2073 1483 Pontifices

1085 1535 1164 1583 eum
1188 1512 1312 1582 tollere
1334 1530 1512 1604 cuperent.
1565 1507 1698 1581 Omnia
1723 1529 1839 1583 autern
1859 1536 1964 1604 opera
1985 1534 2072 1583 con-

1084 1614 1246 1684 sessionis
1262 1638 1335 1685 non
1350 1613 1534 1684 simulatae
1549 1608 1689 1705 placent
1701 1611 1799 1705 Deo,
1823 1626 1967 1708 propter
1983 1636 2073 1685 son·
2201 1628 2205 1637 “

1084 1716 1293 1802 sessionem,
1319 1731 1353 1788 et
1378 1717 1415 1786 in
1435 1734 1562 1807 genere
1585 1717 1750 1787 mandata
1773 1728 1868 1791 sunt.
1922 1712 1976 1787 lta
1992 1714 2071 1809 pls·

1086 1831 1140 1889 cet
1160 1814 1228 1889 boc
1249 1842 1358 1911 opus,
1381 1844 1455 1890 non
1472 1845 1512 1890 ex
1528 1840 1635 1911 opere
1651 1833 1818 1914 operato,
1843 1820 1903 1891 sed
1920 1818 2005 1913 quis
2019 1830 2072 1890 est

1086 1921 1328 1991 testimouium
1350 1923 1599 2008 confessionis,
1625 1925 1778 1994 ostendit
1797 1920 1892 1992 enim
1909 1919 2010 2001 aliis,
2035 1942 2073 1989 se

1084 2022 1225 2092 credere
1248 2017 1332 2093 buis
1357 2025 1512 2107 doctori,
1538 2038 1572 2095 et
1596 2025 1753 2117 profiteri
1775 2048 1856 2095 eum
1881 2046 1954 2094 esse
1973 2019 2073 2093 Mes·

1083 2124 1183 2193 siam.
1235 2122 1295 2194 Sic
1308 2123 1423 2195 David
1445 2124 1697 2217 faciebatopus
1711 2126 1965 2215 confessionis,
1989 2148 2072 2197 cum

1084 2238 1166 2295 ante
1188 2248 1304 2295 aream
1326 2228 1492 2297 incedens
1510 2227 1650 2299 luderet
1667 2224 1815 2300 cithara.
1865 2227 1939 2298 Nec
1952 2223 2073 2298 David

1083 2339 1145 2396 aut
1172 2321 1260 2396 baec
1285 2328 1416 2398 mulier
1442 2330 1580 2399 addunt
1609 2329 1837 2422 opinionem,
1875 2329 1973 2422 quod
2001 2321 2072 2401 boc

1083 2450 1173 2520 opus
1185 2442 1369 2499 externum
1385 2444 1564 2501 mereatur
1579 2431 2072 2523 remissionempeccatorum,

1084 2542 1146 2599 aut
1162 2554 1225 2620 per
1241 2554 1315 2601 sese
1329 2531 1374 2602 sit
1388 2532 1505 2603 cultus
1518 2530 1606 2619 Dei,
1631 2535 1691 2603 sed
1708 2535 1862 2603 animam
1881 2532 1998 2624 operis
2012 2530 2071 2600 in-

1083 2630 1250 2720 telligunt
1273 2655 1346 2703 esse
1366 2633 1638 2719 contessionem,
1661 2649 1698 2706 at
1719 2631 1811 2704 banc
1824 2630 1900 2705 Deo
1922 2633 2072 2733 placere,

1083 2732 1179 2803 iuxta
1199 2734 1307 2803 illud:
1335 2732 1409 2824 Qui
1427 2738 1605 2805 confessus
1622 2736 1729 2806 fuerit
1744 2759 1800 2804 me
1817 2758 1935 2805 coram
1953 2730 2071 2805 bomi-

1084 2834 1211 2919 nibus,
1234 2835 1339 2905 illurn
1353 2838 1549 2907 confitebor
1565 2861 1683 2907 coram
1698 2851 1796 2930 patre
1808 2861 1889 2909 meo
1904 2836 2057 2909 coelesti.

1185 2967 1378 3063 Nunquam
1401 2985 1518 3043 sutem
1540 2968 1726 3043 exhibetur
1741 2972 1916 3043 confessio
1930 2970 1970 3045 in
1984 2994 2072 3065 ops-

1083 3071 1184 3142 ribus
1217 3069 1427 3162 prohibitis,
1468 3074 1541 3142 imo
1573 3068 1706 3143 faciens
1741 3069 1921 3165 prohibita
1949 3096 2071 3164 opera,

1084 3172 1241 3244 ostendit
1263 3197 1299 3243 se
1322 3197 1397 3242 non
1419 3174 1581 3243 venerari
1599 3172 1734 3259 Deum,
1761 3177 1822 3245 sed
1840 3174 1958 3269 potius
1973 3174 2070 3245 iudi-

1084 3275 1178 3344 cium
1201 3275 1276 3344 eius
1295 3287 1539 3361 contemnere,
1564 3274 1655 3347 sicut
1679 3299 1754 3346 non
1770 3290 1854 3350 sunt
1867 3277 1966 3366 sigua
1982 3300 2071 3346 con-

1083 3375 1248 3447 fessionis
1283 3377 1506 3448 adorationes
1534 3390 1750 3463 statuarum,
1788 3378 2070 3469 circumgestatio

1084 3478 1208 3570 panis,
1239 3478 1407 3549 sacrificia
1436 3477 1646 3561 Missarum,
1679 3493 1719 3550 ut
1744 3502 1843 3550 nune
1871 3480 1932 3549 illa
1961 3502 2071 3578 opera

1084 3580 1231 3675 qnidam
1257 3594 1434 3653 excusant.
1500 3579 1594 3651 Sunt
1616 3581 1711 3651 enirn
1733 3582 1849 3671 reipsa
1870 3576 2072 3674 prohibitae

1083 3704 1158 3766 res,
1190 3706 1231 3751 ac
1259 3705 1306 3751 ne
1337 3682 1425 3750 liunt
1455 3682 1597 3775 quidem
1620 3679 1688 3752 bae
1713 3683 1901 3773 opinione,
1935 3696 1977 3755 ut
1998 3682 2073 3754 sint

1084 3782 1184 3872 signa
1212 3782 1442 3853 confessionis
1473 3806 1576 3852 verae
1603 3785 1786 3854 doctrinae
1812 3780 1964 3868 Christi,
2006 3784 2070 3853 sed

1083 3882 1177 3955 fiunt
1199 3883 1469 3975 superstitione,
1494 3880 1562 3953 boc
1583 3900 1653 3966 est,
1679 3888 1761 3980 quia
1786 3887 1861 3978 ipsa
1880 3908 1986 3977 opera
2005 3908 2071 3977 pet·

1084 4008 1159 4055 sese
1181 3997 1352 4077 putantur
1371 4010 1443 4056 esse
1461 3988 1584 4057 merita
1600 4000 1635 4058 et
1651 3992 1779 4059 cultus.
1830 3983 1927 4057 Haec
1944 4008 2071 4079 super,

1084 4087 1180 4156 stitio
1211 4112 1290 4158 eum
1321 4088 1452 4158 accedit
1482 4089 1586 4158 etiam
1620 4090 1713 4157 bona
1743 4088 1919 4178 exempla,
1951 4101 2070 4159 tamen

1084 4190 1174 4259 litant
1201 4188 1347 4273 vitiosa,
1380 4203 1420 4259 ut
1444 4190 1554 4259 multa
1579 4189 1670 4258 liunt
1694 4190 1828 4259 vitiosa.
1886 4189 1927 4259 si
1950 4185 2071 4259 Achss

1084 4304 1167 4359 ante
1190 4284 1306 4360 arcam
1330 4292 1486 4361 saltasset
1511 4292 1601 4359 sieut
1625 4286 1761 4370 David,
1793 4314 1832 4359 ae
1854 4282 2015 4382 putasset
2030 4314 2069 4359 se

1084 4387 1152 4463 hoc
1174 4416 1280 4482 opere
1303 4392 1475 4481 insignem
1500 4385 1671 4459 honorem
1690 4388 1766 4461 Deo
1788 4406 1983 4482 praestare,
2007 4404 2069 4462 ant

1083 4517 1174 4583 opus
1193 4494 1308 4583 ipsum
1329 4514 1496 4581 magnum
1521 4491 1685 4561 meritum
1707 4516 1801 4577 esse,
1824 4494 1946 4563 ferisset
1962 4495 2070 4563 inane

1084 4611 1118 4665 et
1134 4595 1416 4692 superstitiosum
1432 4593 1668 4683 spectaculum
1683 4590 1761 4665 Deo
1775 4594 1975 4686 displicens.

1185 4726 1336 4799 Econtra
1371 4750 1453 4794 vero
1485 4726 1598 4795 luceat
1628 4726 1801 4799 confessio
1833 4730 1871 4798 in
1899 4732 2069 4822 operibus

60 4850 220 4921 sustinent
249 4840 386 4911 onerati
411 4834 523 4909 curis.
598 4832 810 4925 Priusquam
836 4843 954 4901 autem
987 4829 1033 4899 de
1083 4829 1295 4921 praeceptis,
1333 4842 1373 4897 ut
1402 4823 1620 4921 Prophetae,
1658 4825 1842 4919 Apostoli,
1879 4828 2069 4927 Martyres,

51 4948 304 5045 *memmae
332 4941 466 5018 (liezan,
502 4937 600 5023 prius
628 4936 673 5003 de
697 4936 776 5025 ipso
798 4955 924 5021 genere
946 4932 1029 5022 ope·
1083 4929 1134 5020 pii
1158 4932 1317 4998 doctores
1339 4930 1377 4997 in
1400 4932 1552 4999 taxaudo
1574 4932 1672 4999 cultu
1694 4932 1893 5019 idolorum,
1919 4947 1953 5002 et
1975 4934 2066 5004 tole-

143 5048 344 5123 djemdwn
368 5054 430 5110 eat.
493 5031 758 5127 Reprehensum
783 5050 833 5107 est
854 5028 921 5102 boc
942 5055 1031 5124 opus
1082 5031 1197 5101 santia
1229 5031 1503 5119 suppliciorum,
1545 5033 1674 5119 singuli
1709 5033 1747 5101 in
1778 5058 1839 5103 strar
1872 5035 2068 5120 vocatione,

39 5142 201 5234 malae,
235 5162 270 5215 et
300 5124 564 5229 similia‘opera
592 5139 741 5205 aliarum
764 5132 904 5205 <luobus
925 5156 1031 5223 argu·
1083 5132 1338 5201 consessionem
1356 5154 1454 5200 suam
1470 5136 1712 5203 ostenderunt.
1765 5134 2068 5227 lclqneeratopns

13 5286 18 5297 .
47 5258 192 5335 mm,
217 5270 371 5343 qrrnrnm
388 5241 541 5333 priuutm
559 5254 630 5320 cst,
657 5250 792 5305 tautum
809 5259 915 5325 opera
929 5259 1031 5303 mau-
1082 5237 1334 5316 necessarium,
1360 5236 1454 5322 quart
1481 5234 1558 5299 sine
1580 5248 1718 5320 peccato
1735 5237 1895 5305 omittere
1913 5260 1986 5303 nnn
2004 5262 2070 5325 po-

46 5366 165 5433 ema
192 5352 273 5427 Deo
296 5348 454 5418 lacis-ude
482 5355 585 5425 sunt,
618 5335 703 5408 haec
727 5336 846 5405 unctio
868 5359 941 5403 uon
964 5335 1032 5406 fuit
1083 5350 1217 5421 terant,
1245 5360 1352 5427 «pltare
1375 5336 1411 5401 in
1430 5356 1469 5404 ea
1484 5357 1522 5404 re
1536 5336 1745 5404 cernebatur
1758 5361 1880 5407 coruus
1896 5338 2068 5407 obediu-
