4522 5782
90 171 196 285 saar
291 164 431 282 ''xtu
478 189 1301 281 s.uutuuar10uvssr.esuu1an
1327 190 1686 285 oeuossrusns.
1744 204 1900 289 cane
1976 210 2129 292 ¹sess

90 373 317 451 menonis
336 369 495 460 Christi,
529 371 591 446 aed
615 383 669 443 eat
692 369 866 446 correctio
889 371 1019 444 erroris
1040 372 1085 444 de
1134 369 1284 460 angelus
1304 368 1516 464 intelligitur
1533 399 1683 469 persona
1700 378 1824 454 missa:
1850 404 1999 474 persona
2013 385 2123 459 bene

89 478 286 553 omissione
309 490 451 549 nostrae
474 473 706 569 precationis,
739 496 802 545 seu
824 474 1022 546 admonitio
1044 489 1084 547 ut
1137 473 1260 543 diceus
1276 487 1336 544 aut
1352 475 1508 547 liberans
1521 502 1596 549 nou
1621 493 1672 550 est
1697 484 1852 574 angelus,
1878 487 1940 578 qui
1954 480 2006 559 est
2023 508 2122 563 cres·

89 581 310 672 adiungatur
343 594 464 653 nostra
499 575 667 671 precatio.
723 574 799 648 lam
829 577 944 667 cogita
975 599 1082 670 quam
1135 586 1239 660 tura,
1278 588 1313 647 et
1340 573 1473 649 Paulus
1502 603 1661 673 expresse
1689 585 1775 655 dicit
1797 581 1980 659 Christum
2012 588 2119 661 fuisse

89 683 200 755 duim
214 683 422 755 menmium
438 680 503 765 sit,
528 679 625 774 quod
642 677 832 771 praecipit,
856 693 897 749 ut
912 700 977 748 nos
990 701 1083 772 quo-
1133 678 1228 769 apud
1247 689 1360 769 patres
1375 679 1414 748 in
1428 682 1590 767 deserto,
1613 698 1646 755 et
1670 685 1744 776 ipse
1759 686 1892 780 inquit:
1917 688 2120 784 Antequam

89 807 165 880 que
180 785 386 855 accedamus
399 783 446 854 ad
462 780 598 867 Deum,
620 792 662 850 ut
684 802 750 850 nos
772 782 817 851 ad
839 779 950 872 ipsius
970 781 1083 851 inter·
1134 774 1317 848 Abraham
1331 794 1519 866 natusest,
1546 806 1609 874 ego
1626 808 1716 856 sum.
1749 782 1880 860 Etboe
1894 791 1972 862 ioco
1988 793 2033 862 ad
2048 789 2119 863 Co-

89 886 288 959 resaionem
303 884 537 975 adiungamus
555 893 675 952 nostra
698 895 779 954 vota
802 894 837 953 et
858 894 998 953 nostros
1022 904 1082 971 ge-
1132 878 1287 950 losseues
1321 880 1440 976 inquit
1475 882 1634 971 Paulus,
1678 911 1740 979 pen
1776 884 1958 962 Christum
1997 894 2118 965 omnia

89 986 225 1074 tuitus,
249 986 328 1059 vnit
341 999 376 1058 te
393 1008 535 1080 quoque
550 980 707 1078 precari,
726 1006 792 1053 nec
806 983 884 1057 vuit
898 1007 965 1054 nos
981 982 1082 1075 igna-
1133 982 1276 1053 condita
1291 1005 1365 1052 esse
1380 999 1414 1057 et
1428 988 1641 1063 conservari.
1689 987 1771 1059 Non
1793 1004 1876 1063 suut
1895 1007 2011 1065 autem
2032 1018 2119 1065 con·

89 1110 161 1163 vna
178 1100 241 1161 ant
256 1088 390 1160 otiosos
410 1087 647 1171 militenses,
674 1086 736 1155 sed
752 1085 829 1156 suit
843 1098 884 1156 ut
900 1084 968 1176 ipsi
992 1108 1083 1178 quo-
1133 1083 1227 1152 ditae
1243 1097 1424 1156 creaturae
1439 1111 1500 1177 per
1519 1099 1683 1160 naturam
1706 1087 1915 1185 humanam,
1942 1109 1977 1168 et
1998 1109 2118 1167 tamen

90 1213 167 1286 qne
190 1191 397 1262 accedamus
419 1192 464 1260 ad
482 1187 622 1278 Deum,
643 1186 738 1258 sicut
754 1187 827 1255 dux
851 1187 927 1259 vult
951 1186 1083 1257 milites
1133 1184 1172 1254 iu
1187 1179 1254 1254 hoc
1269 1180 1414 1257 bomine
1429 1184 1571 1261 Christo
1588 1205 1639 1262 est
1654 1208 1778 1264 natura
1795 1196 1982 1267 conditrix.
2023 1193 2120 1290 Ergo

89 1291 204 1365 simui
219 1291 387 1382 praeliari
403 1304 468 1366 etc.
526 1286 604 1361 Hac
627 1287 855 1378 grammatica
870 1301 904 1359 et
921 1311 1002 1359 vera
1024 1311 1081 1359 re-
1132 1281 1243 1383 lo'yoe
1259 1309 1332 1355 non
1350 1302 1402 1359 est
1415 1312 1524 1361 sonus
1543 1316 1764 1368 evanescens.

89 1392 286 1486 sponsione
311 1392 469 1465 conteuti
492 1391 624 1475 simus,
653 1402 689 1461 et
710 1389 978 1461 meminerimus
999 1389 1085 1473 dul-4
1234 1385 1468 1462 Confirmatio
1492 1405 1544 1462 est
1569 1394 1673 1465 etiam
1704 1396 1851 1469 illustris
1884 1397 1923 1468 iu
1947 1396 2050 1471 dictis
2073 1401 2118 1471 de

89 1494 270 1569 obtimam
296 1494 575 1565 consolationem
602 1488 707 1561 nobis
740 1490 960 1583 propositam
993 1513 1081 1575 esse,
1132 1482 1424 1580 omnipotentia,
1450 1486 1528 1563 cum
1548 1493 1681 1589 iuquit:
1709 1495 1786 1588 Ego
1811 1499 1919 1571 vitam
1939 1514 2118 1571 aeternam

89 1619 184 1693 qnae
205 1595 376 1682 affirmat,
409 1609 445 1666 et
464 1593 582 1665 audiri
605 1605 744 1664 nostras
771 1615 892 1692 preces
916 1607 951 1666 et
973 1592 1081 1663 simul
1132 1591 1255 1661 doeis.
1308 1591 1415 1662 item:
1440 1592 1517 1683 Ego
1534 1618 1611 1665 sum
1636 1598 1734 1682 vitis,
1759 1623 1820 1671 vos
1838 1601 2016 1693 palmites,
2041 1602 2119 1673 sine

89 1720 174 1771 rnna
195 1697 271 1768 filio
284 1696 389 1789 diligi
409 1709 554 1788 propter
577 1694 716 1787 ipsum,
741 1695 833 1765 sicut
854 1696 977 1765 eodem
999 1694 1079 1765 loco
1131 1715 1188 1762 me
1209 1687 1305 1761 nihil
1321 1696 1466 1785 potestis
1478 1696 1601 1772 lacere.
1653 1694 1700 1769 iit
1722 1703 1752 1776 1.
1769 1698 1894 1773 iohan.
1909 1700 1965 1775 4.:
1992 1699 2119 1791 tuboe

89 1799 239 1871 dicitur:
263 1795 342 1890 ipsc
357 1813 458 1891 pater
474 1796 593 1888 diligit
607 1817 682 1872 voa.
721 1792 824 1866 Hauc
838 1795 1079 1866 dulcissimam
1132 1794 1280 1878 scimus,
1309 1798 1403 1887 quod
1430 1797 1466 1866 iu
1492 1822 1533 1868 eo
1557 1823 1756 1884 manemus,
1782 1803 1912 1895 etipse
1939 1805 1977 1873 in
2002 1804 2118 1886 nobis,

89 1899 374 1975 consolationem
406 1923 480 1970 uon
512 1899 676 1972 sinamus
699 1898 881 1992 corrumpi
908 1908 1080 1969 venenata
1132 1895 1283 1987 quiade
1306 1896 1433 1985 spiritu
1458 1901 1727 1974 auodatnobis.
1778 1903 1912 1976 Natura
1927 1906 2027 1978 finita
2044 1929 2118 1976 non

88 1997 300 2097 sophistica.
1133 2009 1247 2088 potest
1262 1998 1346 2067 dare
1360 1995 1534 2089 Spiritum
1552 2016 1724 2079 sanctum.
1775 2002 1841 2078 Est
1858 2028 1939 2097 ergo
1962 2021 2044 2080 aute
2063 2030 2119 2078 as·

192 2101 391 2176 Exordium
422 2100 582 2176 continet
613 2100 807 2194 gratiarum
838 2099 1015 2172 actionem
1045 2112 1080 2172 et
1131 2099 1346 2169 sumtiouem
1361 2118 1509 2172 naturae
1520 2097 1697 2173 humanae
1712 2106 2005 2196 persona'missa,
2030 2132 2121 2202 quae

88 2205 355 2299 precationem,
391 2205 483 2276 sicut
513 2207 551 2276 in
574 2203 728 2276 exordiis
751 2201 901 2273 maxime
925 2214 1024 2292 grata
1045 2213 1088 2272 et·
1132 2193 1241 2298 λόγος
1262 2213 1297 2271 et
1313 2198 1433 2292 imago
1457 2206 1591 2275 aeterni
1614 2206 1723 2296 patris
1739 2208 1888 2299 dicitur,
1909 2222 1950 2281 ut
1964 2208 2074 2280 Hebr.
2086 2214 2119 2285 1.

88 2305 222 2381 seluta
236 2319 321 2383 snut
334 2308 444 2378 verba
461 2306 664 2387 affectuum,
682 2303 974 2394 gratulationum,
993 2326 1081 2396 que·
1132 2324 1291 2393 expresse
1311 2305 1518 2377 nominatur
1537 2301 1770 2405 ἀπαύγασμα
1792 2310 1945 2401 gloriae,
1972 2307 2039 2382 hoc
2054 2326 2117 2395 est,

88 2408 248 2481 πΙπσω
264 2421 332 2480 etc.
365 2406 499 2502 Estque
513 2431 650 2479 summa
668 2405 880 2477 sententiae:
906 2403 982 2477 Deo
999 2427 1081 2495 gra·
1132 2404 1222 2475 lucis
1244 2418 1429 2494 pateruae,
1459 2408 1652 2498 sapientiae
1679 2425 1713 2481 et
1736 2412 1911 2499 iusticiae,
1937 2426 1972 2485 et
1996 2410 2118 2505 imago

88 2509 159 2583 tias
181 2532 268 2601 ago,
291 2513 388 2604 quod
415 2533 478 2579 voa
501 2512 546 2580 ad
569 2508 786 2598 agnitionem
803 2506 869 2576 iiiii
885 2507 1024 2578 vocavit
1046 2519 1082 2578 et
1131 2504 1349 2577 substantiae
1376 2520 1551 2599 paternae.
1606 2508 1741 2582 ibidem
1773 2513 1878 2584 etiam
1910 2514 2119 2598 affirmatur,

88 2612 251 2695 accendit
266 2613 374 2683 corda
398 2627 531 2694 vestra,
562 2623 603 2681 ut
623 2607 819 2697 Evangelio
841 2609 1010 2690 credatis,
1045 2622 1079 2680 et
1132 2629 1196 2699 per
1218 2602 1335 2694 huuc,
1366 2608 1429 2703 qui
1451 2624 1503 2681 cst
1526 2611 1642 2702 imago
1666 2615 1800 2683 aeterni
1833 2617 1962 2705 patris,
1997 2618 2118 2688 omnia

88 2727 293 2787 montvos
314 2713 508 2786 confirmet.
559 2709 657 2783 Haec
672 2710 804 2783 Paulus
818 2709 979 2801 pluribus
1001 2732 1081 2778 ver·
1135 2707 1278 2780 condita
1290 2732 1367 2799 esse
1386 2725 1420 2782 et
1437 2715 1636 2784 sustentari.
1688 2712 1785 2786 Haec
1800 2731 1926 2789 natura
1942 2718 2119 2790 conditrix

88 2813 148 2887 bia
171 2814 280 2900 dicit,
314 2816 353 2885 in
375 2815 505 2907 quibus
526 2810 648 2906 phrasi
672 2813 891 2883 considerata
914 2806 1007 2882 nibil
1029 2822 1081 2882 est
1133 2833 1212 2881 cum
1240 2809 1286 2881 sit
1311 2811 1349 2880 in
1371 2806 1516 2885 homine
1532 2810 1694 2901 Christo,
1720 2839 1857 2888 necesse
1876 2833 1926 2891 est
1946 2842 2022 2890 nou
2045 2841 2120 2891 esse

88 2916 331 2988 obscuritatis.
369 2913 505 3009 Estque
520 2929 635 2986 sumta
652 2913 825 2984 sententia
842 2936 884 2982 ex
899 2911 1082 2983 communi
1133 2925 1399 2983 evanescentem
1427 2936 1566 2986 sonum.
1624 2913 1774 3011 Alioqui
1807 2920 1902 2989 cuim
1931 2944 2005 2991 nou
2030 2934 2118 2995 esset
2251 3014 2255 3019 Ι

88 3016 275 3103 doctriua,
297 3020 393 3111 qnod
409 3016 642 3108 Evangeiinm
659 3014 705 3086 sit
721 3013 891 3106 sapientia
906 3037 980 3084 uon
996 3026 1081 3085 uota
1132 3013 1172 3082 iu
1191 3007 1336 3082 homine
1351 3009 1514 3103 Christo,
1542 3018 1571 3087 si
1587 3033 1674 3091 esset
1690 3042 1799 3089 sonus
1814 3044 2035 3094 evanescens.

88 3116 245 3203 rationi,
276 3124 337 3190 sed
365 3119 536 3189 immensa
568 3117 809 3188 misericordia
831 3115 898 3187 Dei
928 3115 1080 3186 revelata
1233 3111 1376 3186 Dicitur
1387 3132 1504 3189 autem
1519 3119 1654 3210 imago,
1675 3123 1757 3215 quia
1775 3135 1875 3220 pater
1888 3146 1961 3193 sese
1975 3124 2117 3196 intuens

88 3242 156 3315 per
178 3220 304 3292 tilium.
363 3217 472 3301 item,
497 3220 593 3314 quod
616 3216 709 3289 hanc
724 3218 923 3288 mirandam
941 3214 1081 3309 sapien·
1132 3210 1200 3285 hae
1213 3214 1424 3304 cogitatione
1438 3219 1493 3289 sui
1509 3221 1621 3310 giguit
1635 3223 1821 3312 imaginem
1841 3247 1957 3310 stram,
1982 3238 2016 3296 et
2037 3248 2118 3296 cnm

88 3319 179 3397 tiam
200 3323 293 3395 ratio
318 3346 393 3393 non
416 3321 566 3414 accipiat
588 3323 677 3407 fide,
701 3320 771 3391 nisi
793 3319 867 3389 bilo
883 3318 960 3410 ipro
976 3342 1081 3390 mon·
1133 3314 1220 3388 baec
1242 3317 1359 3407 imago
1382 3320 1624 3392 substantialis
1645 3325 1773 3393 deinde
1791 3324 1922 3415 fulgeat
1936 3326 1977 3396 in
1991 3339 2118 3398 natura

87 3434 246 3506 mente,
288 3437 423 3496 meotes
449 3435 484 3495 et
513 3423 622 3493 corda
643 3423 856 3494 accendente
890 3433 924 3491 et
950 3419 1081 3491 coniic-
1132 3415 1288 3489 humana
1311 3415 1464 3503 Christi,
1497 3423 1560 3518 qui
1584 3425 1736 3516 perfecte
1754 3428 1911 3516 agnoscit
1936 3421 2118 3500 aeternum

87 3539 231 3611 manu,
254 3539 294 3597 ut
307 3525 543 3597 assentiamur
558 3538 594 3596 et
609 3523 825 3595 retineamus
839 3523 1078 3593 assensionem
1133 3533 1288 3613 patrem,
1320 3534 1355 3593 et
1385 3525 1537 3617 perfecte
1570 3526 1683 3598 iustus
1717 3540 1786 3614 est,
1818 3543 1852 3599 et
1886 3530 2012 3599 similis
2037 3527 2118 3600 ·Deo

87 3638 127 3701 at
160 3626 288 3716 fidem,
322 3627 414 3699 sicut
436 3625 569 3698 Paulus
600 3626 719 3720 inquit
757 3625 803 3696 ad
832 3621 992 3720 Galatas:
1032 3620 1082 3696 Ut
1132 3636 1279 3714 propter
1302 3624 1493 3713 imaginem
1519 3629 1784 3699 substantialem
1812 3630 1850 3699 in
1882 3632 1957 3722 ipso
1979 3632 2119 3722 fulgen·
2195 3691 2199 3698 .

87 3728 363 3825 promissionem
380 3729 526 3821 spiritus
540 3728 754 3821 accipiamus
770 3722 832 3820 per
846 3723 967 3800 fidem.
1112 3720 1117 3734 '
1132 3736 1222 3794 tem:
1246 3720 1377 3796 dicitur
1388 3722 1552 3799 Christus
1567 3726 1662 3801 Deus
1678 3743 1712 3802 et
1726 3726 1833 3801 bomo
1852 3732 1967 3823 imago
1984 3731 2118 3803 aeterni

1133 3824 1255 3916 patris.
1407 3895 1410 3899 ,

599 3998 618 4018 .
1112 4017 1115 4023 .
1233 3922 1738 4004 Cumautemdiciturl'ilius
1760 3933 1875 4025 imago
1897 3932 2031 4005 aeterni
2055 3956 2118 4026 pa·

107 4094 112 4101 .
197 4028 240 4104 in
255 4027 399 4106 Christo
415 4044 500 4103 nato
515 4056 557 4102 ex
574 4030 713 4122 virgine
728 4031 911 4100 esse'duas
928 4041 1087 4113 naturas,
1133 4026 1217 4112 tris,
1240 4028 1432 4117 cogitemus
1447 4052 1519 4103 non
1537 4033 1652 4104 solum
1670 4036 1714 4105 de
1731 4058 1857 4106 arcana
1874 4036 1983 4128 patris
2002 4048 2035 4104 et
2051 4034 2116 4103 iiiii

87 4129 227 4237 idym‘,
260 4146 294 4205 et
317 4148 483 4207 naturam
506 4128 720 4217 humanam,
752 4152 913 4223 expresse
932 4131 1085 4201 affirmat
1135 4128 1345 4215 collatione,
1371 4133 1431 4201 aed
1455 4136 1499 4205 de
1520 4135 1752 4226 patefactione
1774 4160 1855 4230 erga
1880 4160 1957 4214 nos.
2017 4134 2119 4206 Talis

87 4238 252 4315 narratio
281 4237 321 4305 iu
349 4232 533 4307 iohanne:
571 4228 619 4306 Et
644 4231 803 4303 Verbum
834 4255 916 4302 caro
950 4232 1081 4304 lactum
1136 4244 1316 4320 estpater,
1342 4235 1482 4330 qualem
1500 4238 1682 4307 esseiiiius
1704 4240 1915 4326 annunciat,
1942 4250 1977 4309 et
2003 4258 2118 4307 sermo

88 4353 165 4422 est,
190 4354 226 4410 et
240 4331 353 4437 λόγον
369 4361 442 4408 non
458 4360 532 4409 esse
547 4357 674 4407 sonum
688 4348 969 4415 evanescentem,
993 4333 1084 4405 sicut
1136 4346 1188 4404 est
1202 4333 1317 4423 imago
1332 4336 1471 4409 mentis.
1525 4336 1608 4407 ideo
1631 4340 1777 4410 dicitur:
1806 4340 1919 4412 Deum
1941 4362 2047 4409 nemo
2065 4337 2119 4408 vi·

328 3889 437 3992 Quid
448 3903 500 3967 est
517 3893 645 3991 imago
658 3890 755 3979 Dei,
781 3899 844 3968 cic.

87 4442 202 4515 multi
218 4454 331 4513 astute
344 4439 500 4511 caviliati
518 4451 623 4521 sunt,
648 4436 710 4506 sed
726 4457 805 4508 esse
816 4427 1085 4530 ὑφιστάμενον,
1137 4435 1191 4504 dit
1207 4459 1381 4527 unquam,
1406 4443 1466 4510 sed
1490 4439 1584 4509 filius
1600 4442 1660 4533 qui
1676 4455 1728 4511 est
1743 4447 1779 4510 iu
1794 4443 1876 4513 sinu
1892 4439 2019 4535 patria,
2043 4440 2119 4533 ipse
2237 4447 2243 4454 '

88 4544 159 4617 iiia
176 4543 251 4635 ipsa
266 4543 425 4613 namatio
444 4542 482 4611 in
503 4535 661 4610 iohanne
677 4538 843 4612 ostendit.
1137 4537 1316 4606 enarravit
1338 4540 1454 4615 nobis.
1505 4540 1609 4610 item:
1635 4541 1747 4612 Nemo
1769 4545 1871 4614 novit
1893 4558 2026 4635 patrem
2049 4542 2119 4612 nisi

199 4644 272 4717 Sed
287 4659 469 4716 teneamus
488 4642 644 4712 illustres
665 4637 970 4725 confirmationes,
995 4662 1087 4732 qnae
1137 4638 1249 4725 lilius,
1272 4653 1307 4708 et
1321 4641 1377 4710 cui
1394 4642 1486 4712 volet
1502 4642 1595 4712 lilius
1608 4645 1774 4715 revelare.
1815 4644 1875 4716 Sic
1889 4645 1997 4737 igitur
2010 4664 2120 4732 σεσο-

91 4746 351 4840 cogitenturin
367 4745 575 4838 quotidiana
592 4743 829 4818 invocatione.
880 4740 1004 4813 iudico
1025 4741 1086 4811 lir-
1138 4763 1275 4810 scamus
1297 4741 1434 4822 Deum,
1468 4742 1560 4814 sicut
1585 4768 1648 4837 per
1670 4740 1766 4816 huuc
1789 4748 1902 4818 lilium
1927 4747 2121 4841 patefactus
2163 4738 2167 4751 '

91 4846 457 4925 mnmtestimonium
478 4867 554 4916 esse
578 4844 859 4930 invocationem,
884 4866 953 4937 qna
972 4856 1088 4931 patres
1116 4855 1210 4939 test,
1237 4841 1386 4928 scilicet,
1418 4844 1631 4938 sapientem,
1660 4870 1838 4931 veracem,
1869 4851 2023 4930 bonum,
2056 4847 2120 4917 be-

94 4951 337 5044 alioquuntur
352 4945 449 5018 hunc
464 4945 681 5026 Dominum,
705 4958 746 5016 ut
761 4959 920 5038 agentem
941 4943 1088 5036 aliquid.
1139 4943 1310 5023 nehcum,
1335 4945 1484 5030 iustum,
1509 4947 1682 5031 iudicem,
1709 4964 1864 5034 castum,
1895 4948 2120 5039 omnipoten-

93 5052 272 5133 Sentiunt
289 5051 399 5140 igitur
412 5073 487 5120 esse
509 5039 769 5144 ὑφιστάμενον
785 5047 926 5128 vivum,
953 5044 1088 5119 iutelli—
1141 5057 1230 5131 tem,
1262 5047 1496 5143 liberrimum.
1561 5046 1609 5121 Et
1629 5073 1832 5146 quanquam
1855 5049 2123 5122 immutabiliter

96 5166 262 5249 gentem,
287 5166 322 5223 et
344 5175 424 5223 cnm
449 5165 548 5244 patre
572 5148 766 5231 efficacem,
785 5147 878 5221 sicut
897 5148 945 5219 ait
966 5145 1088 5216 iacob:
1141 5147 1254 5217 iustus
1266 5160 1337 5232 est,
1363 5161 1480 5220 tamen
1502 5149 1741 5223 remittentem
1757 5164 1897 5244 peccata
1916 5163 1950 5221 et
1971 5151 2122 5220 reddeu-

98 5254 298 5329 Bcnedicat
313 5249 370 5323 bis
385 5253 506 5345 pneris
521 5249 638 5331 Deus,
662 5264 699 5324 et
711 5249 858 5341 angelus
879 5249 941 5344 qui
959 5246 1092 5339 eripuit
1142 5262 1212 5321 tem
1227 5249 1403 5321 iusticiam
1417 5263 1450 5321 et
1467 5252 1575 5324 vitam
1591 5266 1768 5324 aeternam
1792 5264 1939 5343 propter
1962 5252 2074 5321 filium
2089 5263 2123 5321 et

99 5382 163 5441 me
179 5381 221 5429 ex
234 5355 404 5428 omnibus
417 5355 531 5426 malis.
581 5351 652 5423 llic
673 5353 750 5424 sinc
771 5351 846 5425 ulia
868 5348 1091 5424 dubitatione
1143 5372 1207 5444 per
1223 5374 1315 5422 eum.
1347 5351 1451 5426 lianc
1465 5353 1616 5525 scligsmua
1631 5376 1713 5424 vere
1727 5353 1947 5425 voluntatem
1961 5349 2029 5424 Dei
2042 5373 2127 5438 esse,
