<?xml version="1.0" encoding="UTF-8"?>
<!DOCTYPE html PUBLIC "-//W3C//DTD XHTML 1.0 Transitional//EN"
    "http://www.w3.org/TR/xhtml1/DTD/xhtml1-transitional.dtd">
<html xmlns="http://www.w3.org/1999/xhtml" xml:lang="en" lang="en">
 <head>
  <title>
</title>
<meta http-equiv="Content-Type" content="text/html;charset=utf-8" />
  <meta name='ocr-system' content='tesseract 3.04.00' />
  <meta name='ocr-capabilities' content='ocr_page ocr_carea ocr_par ocr_line ocrx_word'/>
</head>
<body>
  <div class='ocr_page' id='page_1' title='image "./corpusreformato01melagoog/corpusreformato01melagoog_0415.png"; bbox 0 0 4522 5782; ppageno 0'>
   <div class='ocr_carea' id='block_1_1' title="bbox 104 162 190 275">
    <p class='ocr_par' dir='ltr' id='par_1_1' title="bbox 104 162 392 275">
     <span class='ocr_line' id='line_1_1' title="bbox 104 162 190 275; baseline -0.007 -60"><span class='ocrx_word' id='word_1_1' title='bbox 104 162 190 275; x_wconf 49' lang='lat' dir='ltr'>q,</span> 
     </span>
    </p>
   </div>
   <div class='ocr_carea' id='block_1_2' title="bbox 697 176 1542 263">
    <p class='ocr_par' dir='ltr' id='par_1_2' title="bbox 697 176 1542 263">
     <span class='ocr_line' id='line_1_2' title="bbox 697 176 1542 263; baseline 0 0"><span class='ocrx_word' id='word_1_2' title='bbox 697 176 825 263; x_wconf 63' lang='grc' dir='ltr'>ΗΠΒ</span> <span class='ocrx_word' id='word_1_3' title='bbox 850 176 969 262; x_wconf 64' lang='grc' dir='ltr'>ΜΗ).</span> <span class='ocrx_word' id='word_1_4' title='bbox 994 176 1207 260; x_wconf 68' lang='lat' dir='ltr'>scatere</span> <span class='ocrx_word' id='word_1_5' title='bbox 1232 180 1542 263; x_wconf 69' lang='lat' dir='ltr'>uacuatos.</span> 
     </span>
    </p>
   </div>
   <div class='ocr_carea' id='block_1_3' title="bbox 1873 178 2134 265">
    <p class='ocr_par' dir='ltr' id='par_1_3' title="bbox 1873 178 2134 265">
     <span class='ocr_line' id='line_1_3' title="bbox 1873 178 2134 265; baseline -0.015 -30"><span class='ocrx_word' id='word_1_6' title='bbox 1873 178 2134 265; x_wconf 59' lang='lat' dir='ltr'>,Im</span> 
     </span>
    </p>
   </div>
   <div class='ocr_carea' id='block_1_4' title="bbox 107 316 2131 557">
    <p class='ocr_par' dir='ltr' id='par_1_4' title="bbox 107 316 2131 557">
     <span class='ocr_line' id='line_1_4' title="bbox 107 316 2131 455; baseline -0.03 24"><span class='ocrx_word' id='word_1_7' title='bbox 107 358 319 442; x_wconf 54' lang='grc' dir='ltr'><strong>(13ιᾶοωί</strong></span> <span class='ocrx_word' id='word_1_8' title='bbox 342 356 586 433; x_wconf 45' lang='lat' dir='ltr'>mmmm</span> <span class='ocrx_word' id='word_1_9' title='bbox 614 367 849 447; x_wconf 56' lang='lat' dir='ltr'><strong>mmmm·</strong></span> <span class='ocrx_word' id='word_1_10' title='bbox 910 353 1003 428; x_wconf 68' lang='lat' dir='ltr'>0¹¹¹ss</span> <span class='ocrx_word' id='word_1_11' title='bbox 1024 351 1092 426; x_wconf 62' lang='lat' dir='ltr'>hac</span> <span class='ocrx_word' id='word_1_12' title='bbox 1144 374 1217 455; x_wconf 88' lang='lat' dir='ltr'>cst,</span> <span class='ocrx_word' id='word_1_13' title='bbox 1242 360 1412 433; x_wconf 87' lang='lat' dir='ltr'>interiore</span> <span class='ocrx_word' id='word_1_14' title='bbox 1432 316 1553 444; x_wconf 75' lang='lat' dir='ltr'>cultu&#39;,</span> <span class='ocrx_word' id='word_1_15' title='bbox 1577 382 1653 432; x_wconf 85' lang='lat' dir='ltr'>non</span> <span class='ocrx_word' id='word_1_16' title='bbox 1676 352 1832 450; x_wconf 74' lang='lat' dir='ltr'>esternis</span> <span class='ocrx_word' id='word_1_17' title='bbox 1853 360 2028 454; x_wconf 83' lang='lat' dir='ltr'>operibus</span> <span class='ocrx_word' id='word_1_18' title='bbox 2052 354 2131 432; x_wconf 65' lang='lat' dir='ltr'>ini</span> 
     </span>
     <span class='ocr_line' id='line_1_5' title="bbox 108 456 1582 557; baseline -0.015 -15"><span class='ocrx_word' id='word_1_19' title='bbox 108 470 177 542; x_wconf 86' lang='lat' dir='ltr'>lide</span> <span class='ocrx_word' id='word_1_20' title='bbox 198 464 389 557; x_wconf 79' lang='lat' dir='ltr'>erigimur,</span> <span class='ocrx_word' id='word_1_21' title='bbox 410 460 539 544; x_wconf 89' lang='lat' dir='ltr'>simul,</span> <span class='ocrx_word' id='word_1_22' title='bbox 561 471 602 528; x_wconf 90' lang='grc' dir='ltr'>ιιι</span> <span class='ocrx_word' id='word_1_23' title='bbox 622 458 717 543; x_wconf 80' lang='lat' dir='ltr'>disi,</span> <span class='ocrx_word' id='word_1_24' title='bbox 743 456 917 530; x_wconf 80' lang='lat' dir='ltr'>hliusllei</span> <span class='ocrx_word' id='word_1_25' title='bbox 939 457 1094 528; x_wconf 86' lang='lat' dir='ltr'>vivificat</span> <span class='ocrx_word' id='word_1_26' title='bbox 1144 486 1276 534; x_wconf 83' lang='lat' dir='ltr'>snmus.</span> <span class='ocrx_word' id='word_1_27' title='bbox 1578 468 1582 474; x_wconf 84' lang='lat'><strong><em>‘</em></strong></span> 
     </span>
    </p>
   </div>
   <div class='ocr_carea' id='block_1_5' title="bbox 109 559 1098 1074">
    <p class='ocr_par' dir='ltr' id='par_1_5' title="bbox 109 559 1098 1074">
     <span class='ocr_line' id='line_1_6' title="bbox 110 559 1094 653; baseline -0.013 -10"><span class='ocrx_word' id='word_1_28' title='bbox 110 573 330 653; x_wconf 79' lang='lat' dir='ltr'>credentem,</span> <span class='ocrx_word' id='word_1_29' title='bbox 365 577 397 635; x_wconf 90' lang='lat' dir='ltr'>et</span> <span class='ocrx_word' id='word_1_30' title='bbox 421 565 530 633; x_wconf 89' lang='lat' dir='ltr'>donat</span> <span class='ocrx_word' id='word_1_31' title='bbox 552 559 725 652; x_wconf 89' lang='lat' dir='ltr'>Spiritum</span> <span class='ocrx_word' id='word_1_32' title='bbox 757 575 938 642; x_wconf 86' lang='lat' dir='ltr'>sanctum,</span> <span class='ocrx_word' id='word_1_33' title='bbox 972 573 1006 630; x_wconf 88' lang='lat' dir='ltr'>et</span> <span class='ocrx_word' id='word_1_34' title='bbox 1028 582 1094 631; x_wconf 88' lang='lat' dir='ltr'>nos</span> 
     </span>
     <span class='ocr_line' id='line_1_7' title="bbox 109 662 1096 765; baseline -0.014 -18"><span class='ocrx_word' id='word_1_35' title='bbox 109 671 300 765; x_wconf 72' lang='lat' dir='ltr'>accipimus</span> <span class='ocrx_word' id='word_1_36' title='bbox 314 665 557 738; x_wconf 77' lang='lat' dir='ltr'>remissionem</span> <span class='ocrx_word' id='word_1_37' title='bbox 574 675 815 754; x_wconf 89' lang='lat' dir='ltr'>peccatorum,</span> <span class='ocrx_word' id='word_1_38' title='bbox 836 676 871 733; x_wconf 92' lang='lat' dir='ltr'>et</span> <span class='ocrx_word' id='word_1_39' title='bbox 893 685 1016 733; x_wconf 90' lang='lat' dir='ltr'>sumus</span> <span class='ocrx_word' id='word_1_40' title='bbox 1038 662 1096 733; x_wconf 89' lang='lat' dir='ltr'>iu-</span> 
     </span>
     <span class='ocr_line' id='line_1_8' title="bbox 110 764 1097 865; baseline -0.015 -16"><span class='ocrx_word' id='word_1_41' title='bbox 110 776 175 865; x_wconf 88' lang='lat' dir='ltr'>sti,</span> <span class='ocrx_word' id='word_1_42' title='bbox 202 774 238 842; x_wconf 92' lang='lat' dir='ltr'>id</span> <span class='ocrx_word' id='word_1_43' title='bbox 264 785 333 852; x_wconf 85' lang='lat' dir='ltr'>est,</span> <span class='ocrx_word' id='word_1_44' title='bbox 359 767 491 861; x_wconf 91' lang='lat' dir='ltr'>accepti</span> <span class='ocrx_word' id='word_1_45' title='bbox 513 764 591 834; x_wconf 90' lang='lat' dir='ltr'>Deo</span> <span class='ocrx_word' id='word_1_46' title='bbox 615 766 660 834; x_wconf 92' lang='lat' dir='ltr'>ad</span> <span class='ocrx_word' id='word_1_47' title='bbox 683 764 793 835; x_wconf 89' lang='lat' dir='ltr'>vitam</span> <span class='ocrx_word' id='word_1_48' title='bbox 809 777 987 835; x_wconf 90' lang='lat' dir='ltr'>aeternam</span> <span class='ocrx_word' id='word_1_49' title='bbox 1013 787 1097 857; x_wconf 92' lang='lat' dir='ltr'>pro·</span> 
     </span>
     <span class='ocr_line' id='line_1_9' title="bbox 112 863 1098 971; baseline -0.013 -23"><span class='ocrx_word' id='word_1_50' title='bbox 112 893 191 971; x_wconf 92' lang='lat' dir='ltr'>pter</span> <span class='ocrx_word' id='word_1_51' title='bbox 204 873 455 956; x_wconf 73' lang='lat' dir='ltr'>mediatorem,</span> <span class='ocrx_word' id='word_1_52' title='bbox 481 867 617 938; x_wconf 88' lang='lat' dir='ltr'>etiamsi</span> <span class='ocrx_word' id='word_1_53' title='bbox 633 880 716 936; x_wconf 88' lang='lat' dir='ltr'>sunt</span> <span class='ocrx_word' id='word_1_54' title='bbox 733 866 770 934; x_wconf 92' lang='lat' dir='ltr'>in</span> <span class='ocrx_word' id='word_1_55' title='bbox 787 866 892 937; x_wconf 89' lang='lat' dir='ltr'>uobis</span> <span class='ocrx_word' id='word_1_56' title='bbox 909 863 1026 938; x_wconf 89' lang='lat' dir='ltr'>adhuc</span> <span class='ocrx_word' id='word_1_57' title='bbox 1040 890 1098 936; x_wconf 89' lang='lat' dir='ltr'>re-</span> 
     </span>
     <span class='ocr_line' id='line_1_10' title="bbox 111 968 841 1074; baseline -0.011 -26"><span class='ocrx_word' id='word_1_58' title='bbox 111 978 244 1074; x_wconf 88' lang='lat' dir='ltr'>liquiae</span> <span class='ocrx_word' id='word_1_59' title='bbox 265 972 418 1067; x_wconf 90' lang='lat' dir='ltr'>peccati,</span> <span class='ocrx_word' id='word_1_60' title='bbox 442 983 477 1042; x_wconf 90' lang='lat' dir='ltr'>et</span> <span class='ocrx_word' id='word_1_61' title='bbox 494 987 621 1058; x_wconf 80' lang='lat' dir='ltr'>magna</span> <span class='ocrx_word' id='word_1_62' title='bbox 640 968 841 1040; x_wconf 81' lang='lat' dir='ltr'>infirmitas.</span> 
     </span>
    </p>
   </div>
   <div class='ocr_carea' id='block_1_6' title="bbox 113 1120 1102 2034">
    <p class='ocr_par' dir='ltr' id='par_1_6' title="bbox 113 1120 1102 2034">
     <span class='ocr_line' id='line_1_11' title="bbox 215 1120 1097 1214; baseline -0.011 -15"><span class='ocrx_word' id='word_1_63' title='bbox 215 1126 319 1199; x_wconf 86' lang='lat' dir='ltr'>Hanc</span> <span class='ocrx_word' id='word_1_64' title='bbox 345 1147 422 1193; x_wconf 87' lang='lat' dir='ltr'>esse</span> <span class='ocrx_word' id='word_1_65' title='bbox 451 1123 592 1214; x_wconf 77' lang='lat' dir='ltr'>planam</span> <span class='ocrx_word' id='word_1_66' title='bbox 630 1132 665 1191; x_wconf 89' lang='lat' dir='ltr'>et</span> <span class='ocrx_word' id='word_1_67' title='bbox 697 1122 856 1192; x_wconf 89' lang='lat' dir='ltr'>nativam</span> <span class='ocrx_word' id='word_1_68' title='bbox 887 1120 1097 1193; x_wconf 90' lang='lat' dir='ltr'>sententiam</span> 
     </span>
     <span class='ocr_line' id='line_1_12' title="bbox 113 1223 1096 1315; baseline -0.012 -12"><span class='ocrx_word' id='word_1_69' title='bbox 113 1231 217 1304; x_wconf 90' lang='lat' dir='ltr'>Pauli</span> <span class='ocrx_word' id='word_1_70' title='bbox 236 1253 308 1298; x_wconf 93' lang='lat' dir='ltr'>non</span> <span class='ocrx_word' id='word_1_71' title='bbox 328 1225 476 1296; x_wconf 89' lang='lat' dir='ltr'>dubium</span> <span class='ocrx_word' id='word_1_72' title='bbox 494 1237 566 1307; x_wconf 90' lang='lat' dir='ltr'>est,</span> <span class='ocrx_word' id='word_1_73' title='bbox 591 1234 631 1294; x_wconf 90' lang='lat' dir='ltr'>ut</span> <span class='ocrx_word' id='word_1_74' title='bbox 649 1236 768 1312; x_wconf 85' lang='lat' dir='ltr'>postea</span> <span class='ocrx_word' id='word_1_75' title='bbox 785 1224 963 1315; x_wconf 71' lang='lat' dir='ltr'>copiosius</span> <span class='ocrx_word' id='word_1_76' title='bbox 978 1223 1096 1293; x_wconf 90' lang='lat' dir='ltr'>decla·</span> 
     </span>
     <span class='ocr_line' id='line_1_13' title="bbox 113 1321 1101 1416; baseline -0.012 -12"><span class='ocrx_word' id='word_1_77' title='bbox 113 1335 282 1405; x_wconf 89' lang='lat' dir='ltr'>rahimus.</span> <span class='ocrx_word' id='word_1_78' title='bbox 340 1328 394 1397; x_wconf 82' lang='lat' dir='ltr'>Ac</span> <span class='ocrx_word' id='word_1_79' title='bbox 423 1326 615 1395; x_wconf 70' lang='lat' dir='ltr'>retinemus</span> <span class='ocrx_word' id='word_1_80' title='bbox 646 1347 710 1394; x_wconf 93' lang='lat' dir='ltr'>nos</span> <span class='ocrx_word' id='word_1_81' title='bbox 739 1326 778 1393; x_wconf 93' lang='lat' dir='ltr'>in</span> <span class='ocrx_word' id='word_1_82' title='bbox 799 1321 865 1396; x_wconf 95' lang='lat' dir='ltr'>hac</span> <span class='ocrx_word' id='word_1_83' title='bbox 889 1327 1101 1416; x_wconf 87' lang='lat' dir='ltr'>interpreta-</span> 
     </span>
     <span class='ocr_line' id='line_1_14' title="bbox 115 1426 1100 1524; baseline -0.011 -17"><span class='ocrx_word' id='word_1_84' title='bbox 115 1437 212 1508; x_wconf 87' lang='lat' dir='ltr'>tione</span> <span class='ocrx_word' id='word_1_85' title='bbox 228 1430 475 1524; x_wconf 75' lang='lat' dir='ltr'>proprietatem</span> <span class='ocrx_word' id='word_1_86' title='bbox 507 1427 696 1496; x_wconf 84' lang='lat' dir='ltr'>verborum</span> <span class='ocrx_word' id='word_1_87' title='bbox 718 1426 839 1512; x_wconf 91' lang='lat' dir='ltr'>Pauli,</span> <span class='ocrx_word' id='word_1_88' title='bbox 865 1441 898 1499; x_wconf 85' lang='lat' dir='ltr'>et</span> <span class='ocrx_word' id='word_1_89' title='bbox 920 1427 1100 1498; x_wconf 83' lang='lat' dir='ltr'>auditores</span> 
     </span>
     <span class='ocr_line' id='line_1_15' title="bbox 115 1528 1100 1618; baseline -0.011 -10"><span class='ocrx_word' id='word_1_90' title='bbox 115 1559 236 1609; x_wconf 89' lang='lat' dir='ltr'>snmus</span> <span class='ocrx_word' id='word_1_91' title='bbox 252 1532 375 1615; x_wconf 91' lang='lat' dir='ltr'>Pauli,</span> <span class='ocrx_word' id='word_1_92' title='bbox 396 1553 471 1598; x_wconf 91' lang='lat' dir='ltr'>non</span> <span class='ocrx_word' id='word_1_93' title='bbox 491 1528 692 1618; x_wconf 78' lang='lat' dir='ltr'>affingimus</span> <span class='ocrx_word' id='word_1_94' title='bbox 717 1530 785 1599; x_wconf 87' lang='lat' dir='ltr'>alia</span> <span class='ocrx_word' id='word_1_95' title='bbox 807 1531 1001 1618; x_wconf 78' lang='lat' dir='ltr'>significata</span> <span class='ocrx_word' id='word_1_96' title='bbox 1022 1552 1100 1598; x_wconf 89' lang='lat' dir='ltr'>ser-</span> 
     </span>
     <span class='ocr_line' id='line_1_16' title="bbox 115 1625 1100 1723; baseline -0.011 -14"><span class='ocrx_word' id='word_1_97' title='bbox 115 1639 214 1709; x_wconf 90' lang='lat' dir='ltr'>moni</span> <span class='ocrx_word' id='word_1_98' title='bbox 231 1634 404 1716; x_wconf 91' lang='lat' dir='ltr'>Paulino,</span> <span class='ocrx_word' id='word_1_99' title='bbox 435 1645 469 1702; x_wconf 88' lang='lat' dir='ltr'>et</span> <span class='ocrx_word' id='word_1_100' title='bbox 482 1625 574 1700; x_wconf 88' lang='lat' dir='ltr'>hanc</span> <span class='ocrx_word' id='word_1_101' title='bbox 592 1643 747 1700; x_wconf 91' lang='lat' dir='ltr'>nostram</span> <span class='ocrx_word' id='word_1_102' title='bbox 771 1631 1100 1723; x_wconf 85' lang='lat' dir='ltr'>interpretationem</span> 
     </span>
     <span class='ocr_line' id='line_1_17' title="bbox 115 1734 1102 1825; baseline -0.01 -15"><span class='ocrx_word' id='word_1_103' title='bbox 115 1740 271 1813; x_wconf 83' lang='lat' dir='ltr'>nativam</span> <span class='ocrx_word' id='word_1_104' title='bbox 292 1749 325 1806; x_wconf 90' lang='lat' dir='ltr'>et</span> <span class='ocrx_word' id='word_1_105' title='bbox 348 1756 465 1804; x_wconf 90' lang='lat' dir='ltr'>veram</span> <span class='ocrx_word' id='word_1_106' title='bbox 490 1755 564 1802; x_wconf 87' lang='lat' dir='ltr'>esse</span> <span class='ocrx_word' id='word_1_107' title='bbox 584 1745 750 1825; x_wconf 89' lang='lat' dir='ltr'>apparet,</span> <span class='ocrx_word' id='word_1_108' title='bbox 774 1735 912 1804; x_wconf 87' lang='lat' dir='ltr'>collatis</span> <span class='ocrx_word' id='word_1_109' title='bbox 934 1734 1102 1803; x_wconf 92' lang='lat' dir='ltr'>omnibus</span> 
     </span>
     <span class='ocr_line' id='line_1_18' title="bbox 113 1833 1102 1925; baseline -0.009 -13"><span class='ocrx_word' id='word_1_110' title='bbox 113 1841 284 1912; x_wconf 88' lang='lat' dir='ltr'>membris</span> <span class='ocrx_word' id='word_1_111' title='bbox 308 1835 477 1906; x_wconf 87' lang='lat' dir='ltr'>Paulinae</span> <span class='ocrx_word' id='word_1_112' title='bbox 507 1833 769 1925; x_wconf 86' lang='lat' dir='ltr'>disputationis.</span> <span class='ocrx_word' id='word_1_113' title='bbox 816 1833 925 1922; x_wconf 91' lang='lat' dir='ltr'>ltem,</span> <span class='ocrx_word' id='word_1_114' title='bbox 963 1835 1102 1904; x_wconf 88' lang='lat' dir='ltr'>collatis</span> 
     </span>
     <span class='ocr_line' id='line_1_19' title="bbox 115 1931 1101 2034; baseline -0.01 -19"><span class='ocrx_word' id='word_1_115' title='bbox 115 1937 375 2034; x_wconf 83' lang='lat' dir='ltr'>Prophetarum</span> <span class='ocrx_word' id='word_1_116' title='bbox 397 1948 433 2008; x_wconf 91' lang='lat' dir='ltr'>et</span> <span class='ocrx_word' id='word_1_117' title='bbox 453 1931 586 2005; x_wconf 86' lang='lat' dir='ltr'>Christi</span> <span class='ocrx_word' id='word_1_118' title='bbox 609 1936 853 2010; x_wconf 88' lang='lat' dir='ltr'>concionibus.</span> <span class='ocrx_word' id='word_1_119' title='bbox 894 1935 1002 2022; x_wconf 88' lang='lat' dir='ltr'>ltem,</span> <span class='ocrx_word' id='word_1_120' title='bbox 1026 1936 1101 2006; x_wconf 91' lang='lat' dir='ltr'>col-</span> 
     </span>
    </p>
   </div>
   <div class='ocr_carea' id='block_1_7' title="bbox 3 2033 1103 2123">
    <p class='ocr_par' dir='ltr' id='par_1_7' title="bbox 3 2033 1103 2123">
     <span class='ocr_line' id='line_1_20' title="bbox 3 2033 1103 2123; baseline -0.008 -6"><span class='ocrx_word' id='word_1_121' title='bbox 3 2034 6 2039; x_wconf 50' lang='grc'><strong>’</strong></span> <span class='ocrx_word' id='word_1_122' title='bbox 116 2047 188 2116; x_wconf 89' lang='lat' dir='ltr'>lato</span> <span class='ocrx_word' id='word_1_123' title='bbox 213 2039 414 2113; x_wconf 90' lang='lat' dir='ltr'>testimonio</span> <span class='ocrx_word' id='word_1_124' title='bbox 434 2036 612 2107; x_wconf 83' lang='lat' dir='ltr'>Ecclesiae</span> <span class='ocrx_word' id='word_1_125' title='bbox 639 2033 831 2109; x_wconf 88' lang='lat' dir='ltr'>catholicae</span> <span class='ocrx_word' id='word_1_126' title='bbox 859 2037 945 2122; x_wconf 85' lang='lat' dir='ltr'>Dei,</span> <span class='ocrx_word' id='word_1_127' title='bbox 978 2042 1103 2123; x_wconf 90' lang='lat' dir='ltr'>idest,</span> 
     </span>
    </p>
   </div>
   <div class='ocr_carea' id='block_1_8' title="bbox 116 2137 1103 2539">
    <p class='ocr_par' dir='ltr' id='par_1_8' title="bbox 116 2137 1103 2539">
     <span class='ocr_line' id='line_1_21' title="bbox 116 2137 1102 2232; baseline -0.009 -15"><span class='ocrx_word' id='word_1_128' title='bbox 116 2146 278 2217; x_wconf 90' lang='lat' dir='ltr'>omnium</span> <span class='ocrx_word' id='word_1_129' title='bbox 293 2137 500 2224; x_wconf 90' lang='lat' dir='ltr'>hominum,</span> <span class='ocrx_word' id='word_1_130' title='bbox 525 2139 586 2232; x_wconf 93' lang='lat' dir='ltr'>qui</span> <span class='ocrx_word' id='word_1_131' title='bbox 609 2139 812 2231; x_wconf 84' lang='lat' dir='ltr'>intelligunt</span> <span class='ocrx_word' id='word_1_132' title='bbox 828 2141 991 2211; x_wconf 88' lang='lat' dir='ltr'>exercitia</span> <span class='ocrx_word' id='word_1_133' title='bbox 1016 2165 1102 2230; x_wconf 91' lang='lat' dir='ltr'>poe·</span> 
     </span>
     <span class='ocr_line' id='line_1_22' title="bbox 117 2240 1102 2336; baseline -0.009 -17"><span class='ocrx_word' id='word_1_134' title='bbox 117 2247 286 2319; x_wconf 90' lang='lat' dir='ltr'>nitentiae</span> <span class='ocrx_word' id='word_1_135' title='bbox 320 2257 353 2313; x_wconf 91' lang='lat' dir='ltr'>et</span> <span class='ocrx_word' id='word_1_136' title='bbox 381 2240 636 2327; x_wconf 86' lang='lat' dir='ltr'>invocationis,</span> <span class='ocrx_word' id='word_1_137' title='bbox 664 2256 699 2312; x_wconf 91' lang='lat' dir='ltr'>et</span> <span class='ocrx_word' id='word_1_138' title='bbox 730 2243 933 2315; x_wconf 90' lang='lat' dir='ltr'>didicerunt</span> <span class='ocrx_word' id='word_1_139' title='bbox 959 2243 1102 2336; x_wconf 87' lang='lat' dir='ltr'>acquie-</span> 
     </span>
     <span class='ocr_line' id='line_1_23' title="bbox 116 2340 1103 2436; baseline -0.011 -14"><span class='ocrx_word' id='word_1_140' title='bbox 116 2352 285 2422; x_wconf 86' lang='lat' dir='ltr'>scendum</span> <span class='ocrx_word' id='word_1_141' title='bbox 304 2368 377 2414; x_wconf 88' lang='lat' dir='ltr'>esse</span> <span class='ocrx_word' id='word_1_142' title='bbox 391 2343 460 2412; x_wconf 83' lang='lat' dir='ltr'>fide</span> <span class='ocrx_word' id='word_1_143' title='bbox 475 2343 513 2411; x_wconf 96' lang='lat' dir='ltr'>in</span> <span class='ocrx_word' id='word_1_144' title='bbox 529 2340 603 2413; x_wconf 86' lang='lat' dir='ltr'>lilio</span> <span class='ocrx_word' id='word_1_145' title='bbox 620 2341 698 2413; x_wconf 88' lang='lat' dir='ltr'>Dei.</span> <span class='ocrx_word' id='word_1_146' title='bbox 750 2343 856 2415; x_wconf 80' lang='lat' dir='ltr'>&#39;Pales</span> <span class='ocrx_word' id='word_1_147' title='bbox 873 2368 1011 2436; x_wconf 84' lang='lat' dir='ltr'>semper</span> <span class='ocrx_word' id='word_1_148' title='bbox 1024 2345 1103 2414; x_wconf 86' lang='lat' dir='ltr'>lue-</span> 
     </span>
     <span class='ocr_line' id='line_1_24' title="bbox 118 2442 1103 2539; baseline -0.007 -16"><span class='ocrx_word' id='word_1_149' title='bbox 118 2464 221 2531; x_wconf 91' lang='lat' dir='ltr'>runt,</span> <span class='ocrx_word' id='word_1_150' title='bbox 237 2462 322 2519; x_wconf 91' lang='lat' dir='ltr'>sunt</span> <span class='ocrx_word' id='word_1_151' title='bbox 345 2459 377 2514; x_wconf 86' lang='lat' dir='ltr'>ct</span> <span class='ocrx_word' id='word_1_152' title='bbox 394 2457 498 2516; x_wconf 89' lang='lat' dir='ltr'>erunt</span> <span class='ocrx_word' id='word_1_153' title='bbox 525 2444 631 2515; x_wconf 91' lang='lat' dir='ltr'>multi</span> <span class='ocrx_word' id='word_1_154' title='bbox 654 2445 690 2513; x_wconf 95' lang='lat' dir='ltr'>in</span> <span class='ocrx_word' id='word_1_155' title='bbox 706 2442 879 2532; x_wconf 84' lang='lat' dir='ltr'>Ecclesia,</span> <span class='ocrx_word' id='word_1_156' title='bbox 912 2446 950 2516; x_wconf 93' lang='lat' dir='ltr'>in</span> <span class='ocrx_word' id='word_1_157' title='bbox 973 2448 1103 2539; x_wconf 88' lang='lat' dir='ltr'>quibus</span> 
     </span>
    </p>
   </div>
   <div class='ocr_carea' id='block_1_9' title="bbox 5 2544 1103 2642">
    <p class='ocr_par' dir='ltr' id='par_1_9' title="bbox 5 2544 1103 2642">
     <span class='ocr_line' id='line_1_25' title="bbox 5 2544 1103 2642; baseline -0.008 -17"><span class='ocrx_word' id='word_1_158' title='bbox 5 2582 13 2590; x_wconf 94' lang='lat'>·</span> <span class='ocrx_word' id='word_1_159' title='bbox 118 2557 212 2624; x_wconf 89' lang='lat' dir='ltr'>lucet</span> <span class='ocrx_word' id='word_1_160' title='bbox 239 2575 320 2619; x_wconf 88' lang='lat' dir='ltr'>vera</span> <span class='ocrx_word' id='word_1_161' title='bbox 350 2544 538 2636; x_wconf 80' lang='lat' dir='ltr'>Evangelii</span> <span class='ocrx_word' id='word_1_162' title='bbox 566 2548 751 2618; x_wconf 83' lang='lat' dir='ltr'>sententia.</span> <span class='ocrx_word' id='word_1_163' title='bbox 819 2545 864 2620; x_wconf 90' lang='lat' dir='ltr'>Et</span> <span class='ocrx_word' id='word_1_164' title='bbox 898 2573 1103 2642; x_wconf 84' lang='lat' dir='ltr'>quanquam</span> 
     </span>
    </p>
   </div>
   <div class='ocr_carea' id='block_1_10' title="bbox 19 2648 1106 3352">
    <p class='ocr_par' dir='ltr' id='par_1_10' title="bbox 19 2648 1106 3352">
     <span class='ocr_line' id='line_1_26' title="bbox 118 2648 1104 2744; baseline -0.004 -19"><span class='ocrx_word' id='word_1_165' title='bbox 118 2655 307 2744; x_wconf 84' lang='lat' dir='ltr'>scriptores</span> <span class='ocrx_word' id='word_1_166' title='bbox 321 2652 500 2719; x_wconf 91' lang='lat' dir='ltr'>interdum</span> <span class='ocrx_word' id='word_1_167' title='bbox 514 2648 708 2740; x_wconf 90' lang='lat' dir='ltr'>improprie</span> <span class='ocrx_word' id='word_1_168' title='bbox 723 2649 864 2741; x_wconf 84' lang='lat' dir='ltr'>loquuti</span> <span class='ocrx_word' id='word_1_169' title='bbox 879 2665 975 2737; x_wconf 89' lang='lat' dir='ltr'>sunt,</span> <span class='ocrx_word' id='word_1_170' title='bbox 988 2665 1104 2721; x_wconf 84' lang='lat' dir='ltr'>tamen</span> 
     </span>
     <span class='ocr_line' id='line_1_27' title="bbox 19 2747 1104 2845; baseline 0 -22"><span class='ocrx_word' id='word_1_171' title='bbox 19 2818 22 2823; x_wconf 88' lang='lat'>.</span> <span class='ocrx_word' id='word_1_172' title='bbox 118 2777 293 2845; x_wconf 78' lang='lat' dir='ltr'>congerere</span> <span class='ocrx_word' id='word_1_173' title='bbox 316 2775 395 2822; x_wconf 92' lang='lat' dir='ltr'>cum</span> <span class='ocrx_word' id='word_1_174' title='bbox 419 2747 485 2820; x_wconf 89' lang='lat' dir='ltr'>bac</span> <span class='ocrx_word' id='word_1_175' title='bbox 503 2751 674 2821; x_wconf 84' lang='lat' dir='ltr'>sententia</span> <span class='ocrx_word' id='word_1_176' title='bbox 694 2753 827 2822; x_wconf 90' lang='lat' dir='ltr'>multos</span> <span class='ocrx_word' id='word_1_177' title='bbox 857 2753 1038 2842; x_wconf 88' lang='lat' dir='ltr'>videmus,</span> <span class='ocrx_word' id='word_1_178' title='bbox 1064 2766 1104 2823; x_wconf 90' lang='lat' dir='ltr'>ut</span> 
     </span>
     <span class='ocr_line' id='line_1_28' title="bbox 118 2849 1105 2952; baseline -0.006 -23"><span class='ocrx_word' id='word_1_179' title='bbox 118 2857 377 2947; x_wconf 83' lang='lat' dir='ltr'>Augustinum,</span> <span class='ocrx_word' id='word_1_180' title='bbox 404 2851 637 2944; x_wconf 86' lang='lat' dir='ltr'>Prosperum,</span> <span class='ocrx_word' id='word_1_181' title='bbox 652 2849 904 2952; x_wconf 76' lang='lat' dir='ltr'>Ambrosium,</span> <span class='ocrx_word' id='word_1_182' title='bbox 919 2853 1105 2939; x_wconf 82' lang='lat' dir='ltr'>Basiliam,</span> 
     </span>
     <span class='ocr_line' id='line_1_29' title="bbox 117 2953 1102 3050; baseline -0.007 -20"><span class='ocrx_word' id='word_1_183' title='bbox 117 2959 362 3039; x_wconf 86' lang='lat' dir='ltr'>Bernardum,</span> <span class='ocrx_word' id='word_1_184' title='bbox 388 2953 603 3039; x_wconf 74' lang='lat' dir='ltr'>l‘aulenrm,</span> <span class='ocrx_word' id='word_1_185' title='bbox 628 2969 662 3025; x_wconf 90' lang='lat' dir='ltr'>et</span> <span class='ocrx_word' id='word_1_186' title='bbox 683 2956 785 3031; x_wconf 86' lang='lat' dir='ltr'>alios.</span> <span class='ocrx_word' id='word_1_187' title='bbox 838 2957 1009 3050; x_wconf 85' lang='lat' dir='ltr'>Adeoque</span> <span class='ocrx_word' id='word_1_188' title='bbox 1029 2981 1102 3025; x_wconf 93' lang='lat' dir='ltr'>non</span> 
     </span>
     <span class='ocr_line' id='line_1_30' title="bbox 118 3053 1106 3143; baseline -0.007 -10"><span class='ocrx_word' id='word_1_189' title='bbox 118 3060 376 3133; x_wconf 89' lang='lat' dir='ltr'>contemnimus</span> <span class='ocrx_word' id='word_1_190' title='bbox 392 3053 570 3128; x_wconf 85' lang='lat' dir='ltr'>Ecclesiae</span> <span class='ocrx_word' id='word_1_191' title='bbox 593 3057 827 3143; x_wconf 78' lang='lat' dir='ltr'>iudiciumne</span> <span class='ocrx_word' id='word_1_192' title='bbox 850 3059 1106 3143; x_wconf 88' lang='lat' dir='ltr'>testimonium,</span> 
     </span>
     <span class='ocr_line' id='line_1_31' title="bbox 117 3161 1105 3254; baseline -0.003 -21"><span class='ocrx_word' id='word_1_193' title='bbox 117 3179 157 3233; x_wconf 94' lang='lat' dir='ltr'>ut</span> <span class='ocrx_word' id='word_1_194' title='bbox 183 3166 225 3233; x_wconf 92' lang='lat' dir='ltr'>ad</span> <span class='ocrx_word' id='word_1_195' title='bbox 244 3163 319 3254; x_wconf 91' lang='lat' dir='ltr'>pias</span> <span class='ocrx_word' id='word_1_196' title='bbox 334 3173 466 3227; x_wconf 91' lang='lat' dir='ltr'>mentes</span> <span class='ocrx_word' id='word_1_197' title='bbox 481 3172 555 3228; x_wconf 92' lang='lat' dir='ltr'>toto</span> <span class='ocrx_word' id='word_1_198' title='bbox 572 3161 658 3228; x_wconf 92' lang='lat' dir='ltr'>orbe</span> <span class='ocrx_word' id='word_1_199' title='bbox 683 3173 880 3246; x_wconf 91' lang='lat' dir='ltr'>terrarum,</span> <span class='ocrx_word' id='word_1_200' title='bbox 902 3163 1105 3251; x_wconf 82' lang='lat' dir='ltr'>intelligen-</span> 
     </span>
     <span class='ocr_line' id='line_1_32' title="bbox 118 3261 891 3352; baseline -0.003 -15"><span class='ocrx_word' id='word_1_201' title='bbox 118 3280 170 3339; x_wconf 85' lang='lat' dir='ltr'>tes</span> <span class='ocrx_word' id='word_1_202' title='bbox 186 3263 346 3335; x_wconf 83' lang='lat' dir='ltr'>esercitia</span> <span class='ocrx_word' id='word_1_203' title='bbox 363 3261 621 3352; x_wconf 86' lang='lat' dir='ltr'>poenitentiae,</span> <span class='ocrx_word' id='word_1_204' title='bbox 649 3286 891 3352; x_wconf 89' lang='lat' dir='ltr'>provocemus.</span> 
     </span>
    </p>
   </div>
   <div class='ocr_carea' id='block_1_11' title="bbox 18 3406 1111 5138">
    <p class='ocr_par' dir='ltr' id='par_1_11' title="bbox 120 3406 1109 4825">
     <span class='ocr_line' id='line_1_33' title="bbox 221 3406 1105 3501; baseline -0.001 -18"><span class='ocrx_word' id='word_1_205' title='bbox 221 3409 298 3499; x_wconf 85' lang='lat' dir='ltr'>Etsi</span> <span class='ocrx_word' id='word_1_206' title='bbox 320 3423 436 3479; x_wconf 90' lang='lat' dir='ltr'>autem</span> <span class='ocrx_word' id='word_1_207' title='bbox 462 3411 499 3477; x_wconf 96' lang='lat' dir='ltr'>in</span> <span class='ocrx_word' id='word_1_208' title='bbox 522 3411 732 3501; x_wconf 85' lang='lat' dir='ltr'>corruptelis</span> <span class='ocrx_word' id='word_1_209' title='bbox 757 3406 863 3482; x_wconf 90' lang='lat' dir='ltr'>huius</span> <span class='ocrx_word' id='word_1_210' title='bbox 887 3413 988 3484; x_wconf 90' lang='lat' dir='ltr'>dieti:</span> <span class='ocrx_word' id='word_1_211' title='bbox 1016 3410 1105 3482; x_wconf 87' lang='lat' dir='ltr'>Fide</span> 
     </span>
     <span class='ocr_line' id='line_1_34' title="bbox 120 3511 1105 3604; baseline -0.002 -18"><span class='ocrx_word' id='word_1_212' title='bbox 120 3514 367 3594; x_wconf 87' lang='lat' dir='ltr'>iustificamnr,</span> <span class='ocrx_word' id='word_1_213' title='bbox 394 3511 455 3578; x_wconf 92' lang='lat' dir='ltr'>alii</span> <span class='ocrx_word' id='word_1_214' title='bbox 487 3512 589 3581; x_wconf 89' lang='lat' dir='ltr'>aliter</span> <span class='ocrx_word' id='word_1_215' title='bbox 610 3512 750 3604; x_wconf 89' lang='lat' dir='ltr'>loquuti</span> <span class='ocrx_word' id='word_1_216' title='bbox 774 3529 874 3599; x_wconf 92' lang='lat' dir='ltr'>sunt,</span> <span class='ocrx_word' id='word_1_217' title='bbox 908 3529 1025 3585; x_wconf 85' lang='lat' dir='ltr'>tamen</span> <span class='ocrx_word' id='word_1_218' title='bbox 1048 3540 1105 3584; x_wconf 91' lang='lat' dir='ltr'>ea·</span> 
     </span>
     <span class='ocr_line' id='line_1_35' title="bbox 120 3615 1105 3700; baseline -0.001 -13"><span class='ocrx_word' id='word_1_219' title='bbox 120 3623 200 3687; x_wconf 86' lang='lat' dir='ltr'>dem</span> <span class='ocrx_word' id='word_1_220' title='bbox 225 3630 275 3685; x_wconf 89' lang='lat' dir='ltr'>est</span> <span class='ocrx_word' id='word_1_221' title='bbox 306 3636 408 3682; x_wconf 90' lang='lat' dir='ltr'>causa</span> <span class='ocrx_word' id='word_1_222' title='bbox 436 3615 567 3683; x_wconf 89' lang='lat' dir='ltr'>erroris</span> <span class='ocrx_word' id='word_1_223' title='bbox 591 3616 778 3700; x_wconf 90' lang='lat' dir='ltr'>omnibus,</span> <span class='ocrx_word' id='word_1_224' title='bbox 805 3632 838 3686; x_wconf 92' lang='lat' dir='ltr'>et</span> <span class='ocrx_word' id='word_1_225' title='bbox 859 3621 1007 3686; x_wconf 84' lang='lat' dir='ltr'>eandem</span> <span class='ocrx_word' id='word_1_226' title='bbox 1024 3640 1105 3686; x_wconf 89' lang='lat' dir='ltr'>sen-</span> 
     </span>
     <span class='ocr_line' id='line_1_36' title="bbox 120 3714 1106 3791; baseline -0.002 -1"><span class='ocrx_word' id='word_1_227' title='bbox 120 3720 267 3790; x_wconf 88' lang='lat' dir='ltr'>tentiam</span> <span class='ocrx_word' id='word_1_228' title='bbox 292 3717 415 3785; x_wconf 88' lang='lat' dir='ltr'>falsam</span> <span class='ocrx_word' id='word_1_229' title='bbox 445 3740 568 3784; x_wconf 86' lang='lat' dir='ltr'>omnes</span> <span class='ocrx_word' id='word_1_230' title='bbox 590 3730 769 3791; x_wconf 84' lang='lat' dir='ltr'>extruunt.</span> <span class='ocrx_word' id='word_1_231' title='bbox 834 3714 972 3790; x_wconf 87' lang='lat' dir='ltr'>Omnes</span> <span class='ocrx_word' id='word_1_232' title='bbox 998 3718 1106 3790; x_wconf 91' lang='lat' dir='ltr'>intel·</span> 
     </span>
     <span class='ocr_line' id='line_1_37' title="bbox 120 3816 1107 3913; baseline -0.004 -20"><span class='ocrx_word' id='word_1_233' title='bbox 120 3823 235 3913; x_wconf 86' lang='lat' dir='ltr'>ligant</span> <span class='ocrx_word' id='word_1_234' title='bbox 257 3821 486 3888; x_wconf 79' lang='lat' dir='ltr'>litle‘tantnm</span> <span class='ocrx_word' id='word_1_235' title='bbox 516 3818 704 3908; x_wconf 82' lang='lat' dir='ltr'>significari</span> <span class='ocrx_word' id='word_1_236' title='bbox 729 3820 894 3890; x_wconf 86' lang='lat' dir='ltr'>noticiam</span> <span class='ocrx_word' id='word_1_237' title='bbox 926 3816 1107 3905; x_wconf 83' lang='lat' dir='ltr'>historiae,</span> 
     </span>
     <span class='ocr_line' id='line_1_38' title="bbox 120 3916 1106 4012; baseline -0.004 -17"><span class='ocrx_word' id='word_1_238' title='bbox 120 3940 155 3995; x_wconf 86' lang='lat' dir='ltr'>et</span> <span class='ocrx_word' id='word_1_239' title='bbox 193 3924 324 3992; x_wconf 89' lang='lat' dir='ltr'>iustum</span> <span class='ocrx_word' id='word_1_240' title='bbox 362 3920 566 4008; x_wconf 79' lang='lat' dir='ltr'>intelligunt</span> <span class='ocrx_word' id='word_1_241' title='bbox 600 3916 870 4012; x_wconf 90' lang='lat' dir='ltr'>philosophice,</span> <span class='ocrx_word' id='word_1_242' title='bbox 916 3919 1106 3993; x_wconf 85' lang='lat' dir='ltr'>habentem</span> 
     </span>
     <span class='ocr_line' id='line_1_39' title="bbox 123 4024 1107 4119; baseline -0.001 -23"><span class='ocrx_word' id='word_1_243' title='bbox 123 4029 216 4119; x_wconf 88' lang='lat' dir='ltr'>ipsas</span> <span class='ocrx_word' id='word_1_244' title='bbox 247 4025 411 4100; x_wconf 88' lang='lat' dir='ltr'>virtutes,</span> <span class='ocrx_word' id='word_1_245' title='bbox 444 4037 483 4092; x_wconf 87' lang='lat' dir='ltr'>nt</span> <span class='ocrx_word' id='word_1_246' title='bbox 514 4046 594 4091; x_wconf 92' lang='lat' dir='ltr'>cum</span> <span class='ocrx_word' id='word_1_247' title='bbox 617 4024 787 4108; x_wconf 88' lang='lat' dir='ltr'>dicimus,</span> <span class='ocrx_word' id='word_1_248' title='bbox 822 4049 912 4117; x_wconf 93' lang='lat' dir='ltr'>aqua</span> <span class='ocrx_word' id='word_1_249' title='bbox 944 4026 1107 4095; x_wconf 87' lang='lat' dir='ltr'>calefacta</span> 
     </span>
     <span class='ocr_line' id='line_1_40' title="bbox 123 4118 1108 4219; baseline -0.003 -21"><span class='ocrx_word' id='word_1_250' title='bbox 123 4143 192 4208; x_wconf 88' lang='lat' dir='ltr'>est,</span> <span class='ocrx_word' id='word_1_251' title='bbox 218 4127 340 4208; x_wconf 88' lang='lat' dir='ltr'>idest,</span> <span class='ocrx_word' id='word_1_252' title='bbox 367 4125 462 4192; x_wconf 90' lang='lat' dir='ltr'>calor</span> <span class='ocrx_word' id='word_1_253' title='bbox 484 4118 681 4194; x_wconf 85' lang='lat' dir='ltr'>transfusus</span> <span class='ocrx_word' id='word_1_254' title='bbox 704 4141 753 4195; x_wconf 91' lang='lat' dir='ltr'>est</span> <span class='ocrx_word' id='word_1_255' title='bbox 776 4126 813 4194; x_wconf 92' lang='lat' dir='ltr'>in</span> <span class='ocrx_word' id='word_1_256' title='bbox 841 4150 978 4219; x_wconf 91' lang='lat' dir='ltr'>aquam.</span> <span class='ocrx_word' id='word_1_257' title='bbox 1030 4125 1108 4197; x_wconf 90' lang='lat' dir='ltr'>Hoc</span> 
     </span>
     <span class='ocr_line' id='line_1_41' title="bbox 124 4227 1109 4319; baseline 0 -21"><span class='ocrx_word' id='word_1_258' title='bbox 124 4231 232 4298; x_wconf 75' lang='lat' dir='ltr'>mersio</span> <span class='ocrx_word' id='word_1_259' title='bbox 247 4251 326 4296; x_wconf 93' lang='lat' dir='ltr'>cnm</span> <span class='ocrx_word' id='word_1_260' title='bbox 350 4229 394 4294; x_wconf 93' lang='lat' dir='ltr'>de</span> <span class='ocrx_word' id='word_1_261' title='bbox 410 4227 589 4294; x_wconf 74' lang='lat' dir='ltr'>vocabulis</span> <span class='ocrx_word' id='word_1_262' title='bbox 613 4239 751 4310; x_wconf 87' lang='lat' dir='ltr'>errent,</span> <span class='ocrx_word' id='word_1_263' title='bbox 785 4228 957 4319; x_wconf 82' lang='lat' dir='ltr'>affingunt</span> <span class='ocrx_word' id='word_1_264' title='bbox 980 4229 1109 4298; x_wconf 88' lang='lat' dir='ltr'>deinde</span> 
     </span>
     <span class='ocr_line' id='line_1_42' title="bbox 124 4329 1109 4421; baseline -0.002 -20"><span class='ocrx_word' id='word_1_265' title='bbox 124 4333 256 4401; x_wconf 89' lang='lat' dir='ltr'>alienas</span> <span class='ocrx_word' id='word_1_266' title='bbox 286 4329 611 4419; x_wconf 85' lang='lat' dir='ltr'>interpretationes,</span> <span class='ocrx_word' id='word_1_267' title='bbox 646 4352 734 4421; x_wconf 89' lang='lat' dir='ltr'>qnae</span> <span class='ocrx_word' id='word_1_268' title='bbox 758 4344 876 4399; x_wconf 89' lang='lat' dir='ltr'>tamen</span> <span class='ocrx_word' id='word_1_269' title='bbox 914 4354 1037 4400; x_wconf 90' lang='lat' dir='ltr'>omnes</span> <span class='ocrx_word' id='word_1_270' title='bbox 1071 4332 1109 4399; x_wconf 95' lang='lat' dir='ltr'>in</span> 
     </span>
     <span class='ocr_line' id='line_1_43' title="bbox 125 4425 1109 4526; baseline 0.001 -24"><span class='ocrx_word' id='word_1_271' title='bbox 125 4455 261 4502; x_wconf 79' lang='lat' dir='ltr'>ssrnrma</span> <span class='ocrx_word' id='word_1_272' title='bbox 280 4426 347 4497; x_wconf 93' lang='lat' dir='ltr'>hoc</span> <span class='ocrx_word' id='word_1_273' title='bbox 366 4431 512 4513; x_wconf 87' lang='lat' dir='ltr'>volunt,</span> <span class='ocrx_word' id='word_1_274' title='bbox 539 4430 575 4496; x_wconf 93' lang='lat' dir='ltr'>in</span> <span class='ocrx_word' id='word_1_275' title='bbox 594 4425 660 4499; x_wconf 89' lang='lat' dir='ltr'>hac</span> <span class='ocrx_word' id='word_1_276' title='bbox 677 4431 918 4519; x_wconf 89' lang='lat' dir='ltr'>propositione</span> <span class='ocrx_word' id='word_1_277' title='bbox 935 4435 1109 4526; x_wconf 89' lang='lat' dir='ltr'>synecdo-</span> 
     </span>
     <span class='ocr_line' id='line_1_44' title="bbox 128 4529 1109 4617; baseline 0 -13"><span class='ocrx_word' id='word_1_278' title='bbox 128 4529 218 4605; x_wconf 90' lang='lat' dir='ltr'>chen</span> <span class='ocrx_word' id='word_1_279' title='bbox 244 4555 335 4608; x_wconf 87' lang='lat' dir='ltr'>csse,</span> <span class='ocrx_word' id='word_1_280' title='bbox 363 4531 430 4599; x_wconf 82' lang='lat' dir='ltr'>fide</span> <span class='ocrx_word' id='word_1_281' title='bbox 452 4530 697 4615; x_wconf 86' lang='lat' dir='ltr'>iustificamnr,</span> <span class='ocrx_word' id='word_1_282' title='bbox 724 4532 759 4601; x_wconf 90' lang='lat' dir='ltr'>id</span> <span class='ocrx_word' id='word_1_283' title='bbox 786 4547 854 4617; x_wconf 85' lang='lat' dir='ltr'>est,</span> <span class='ocrx_word' id='word_1_284' title='bbox 880 4535 948 4604; x_wconf 88' lang='lat' dir='ltr'>fide</span> <span class='ocrx_word' id='word_1_285' title='bbox 972 4547 1006 4606; x_wconf 88' lang='lat' dir='ltr'>ct</span> <span class='ocrx_word' id='word_1_286' title='bbox 1031 4559 1109 4605; x_wconf 85' lang='lat' dir='ltr'>cae·</span> 
     </span>
     <span class='ocr_line' id='line_1_45' title="bbox 129 4633 1109 4729; baseline -0.001 -22"><span class='ocrx_word' id='word_1_287' title='bbox 129 4635 212 4707; x_wconf 90' lang='lat' dir='ltr'>teris</span> <span class='ocrx_word' id='word_1_288' title='bbox 239 4633 431 4702; x_wconf 87' lang='lat' dir='ltr'>virtutihus</span> <span class='ocrx_word' id='word_1_289' title='bbox 459 4633 709 4718; x_wconf 83' lang='lat' dir='ltr'>iustificantur,</span> <span class='ocrx_word' id='word_1_290' title='bbox 743 4657 802 4704; x_wconf 89' lang='lat' dir='ltr'>seu</span> <span class='ocrx_word' id='word_1_291' title='bbox 828 4633 898 4707; x_wconf 88' lang='lat' dir='ltr'>fide</span> <span class='ocrx_word' id='word_1_292' title='bbox 922 4661 1109 4729; x_wconf 88' lang='lat' dir='ltr'>praepara-</span> 
     </span>
     <span class='ocr_line' id='line_1_46' title="bbox 130 4734 1109 4825; baseline 0.002 -18"><span class='ocrx_word' id='word_1_293' title='bbox 130 4762 228 4819; x_wconf 86' lang='lat' dir='ltr'>mur,</span> <span class='ocrx_word' id='word_1_294' title='bbox 254 4749 294 4806; x_wconf 86' lang='grc' dir='ltr'>ιιι</span> <span class='ocrx_word' id='word_1_295' title='bbox 313 4748 428 4825; x_wconf 87' lang='lat' dir='ltr'>postea</span> <span class='ocrx_word' id='word_1_296' title='bbox 444 4734 523 4802; x_wconf 89' lang='lat' dir='ltr'>aliis</span> <span class='ocrx_word' id='word_1_297' title='bbox 540 4736 730 4805; x_wconf 87' lang='lat' dir='ltr'>virtutibus</span> <span class='ocrx_word' id='word_1_298' title='bbox 746 4737 827 4808; x_wconf 90' lang='lat' dir='ltr'>insti</span> <span class='ocrx_word' id='word_1_299' title='bbox 851 4741 972 4809; x_wconf 88' lang='lat' dir='ltr'>simus.</span> <span class='ocrx_word' id='word_1_300' title='bbox 1028 4739 1109 4809; x_wconf 87' lang='lat' dir='ltr'>Mo-</span> 
     </span>
    </p>

    <p class='ocr_par' dir='ltr' id='par_1_12' title="bbox 18 4834 1111 5138">
     <span class='ocr_line' id='line_1_47' title="bbox 131 4834 1111 4929; baseline 0 -19"><span class='ocrx_word' id='word_1_301' title='bbox 131 4834 237 4910; x_wconf 92' lang='lat' dir='ltr'>nachi</span> <span class='ocrx_word' id='word_1_302' title='bbox 258 4837 308 4908; x_wconf 89' lang='lat' dir='ltr'>sic</span> <span class='ocrx_word' id='word_1_303' title='bbox 326 4837 463 4929; x_wconf 89' lang='lat' dir='ltr'>loquuti</span> <span class='ocrx_word' id='word_1_304' title='bbox 479 4850 579 4915; x_wconf 79' lang='lat' dir='ltr'>stant,</span> <span class='ocrx_word' id='word_1_305' title='bbox 606 4838 673 4907; x_wconf 87' lang='lat' dir='ltr'>fide</span> <span class='ocrx_word' id='word_1_306' title='bbox 695 4837 861 4926; x_wconf 85' lang='lat' dir='ltr'>formata,</span> <span class='ocrx_word' id='word_1_307' title='bbox 879 4842 1028 4921; x_wconf 89' lang='lat' dir='ltr'>scilicet,</span> <span class='ocrx_word' id='word_1_308' title='bbox 1055 4843 1111 4910; x_wconf 84' lang='lat' dir='ltr'>di-</span> 
     </span>
     <span class='ocr_line' id='line_1_48' title="bbox 18 4928 1110 5035; baseline 0.002 -25"><span class='ocrx_word' id='word_1_309' title='bbox 18 4928 28 4943; x_wconf 49' lang='lat'><em>*</em></span> <span class='ocrx_word' id='word_1_310' title='bbox 130 4943 282 5013; x_wconf 89' lang='lat' dir='ltr'>lectione</span> <span class='ocrx_word' id='word_1_311' title='bbox 298 4940 382 5008; x_wconf 90' lang='lat' dir='ltr'>iusti</span> <span class='ocrx_word' id='word_1_312' title='bbox 407 4961 546 5024; x_wconf 83' lang='lat' dir='ltr'>snnms,</span> <span class='ocrx_word' id='word_1_313' title='bbox 562 4944 655 5031; x_wconf 90' lang='lat' dir='ltr'>qnod</span> <span class='ocrx_word' id='word_1_314' title='bbox 675 4941 723 5010; x_wconf 88' lang='lat' dir='ltr'>sic</span> <span class='ocrx_word' id='word_1_315' title='bbox 738 4942 1007 5028; x_wconf 83' lang='lat' dir='ltr'>intellexerunt,</span> <span class='ocrx_word' id='word_1_316' title='bbox 1029 4968 1110 5035; x_wconf 89' lang='lat' dir='ltr'>pro-</span> 
     </span>
     <span class='ocr_line' id='line_1_49' title="bbox 131 5040 1111 5138; baseline 0 -23"><span class='ocrx_word' id='word_1_317' title='bbox 131 5060 210 5138; x_wconf 90' lang='lat' dir='ltr'>pter</span> <span class='ocrx_word' id='word_1_318' title='bbox 232 5040 457 5113; x_wconf 87' lang='lat' dir='ltr'>dilectionem</span> <span class='ocrx_word' id='word_1_319' title='bbox 481 5042 563 5112; x_wconf 88' lang='lat' dir='ltr'>iusti</span> <span class='ocrx_word' id='word_1_320' title='bbox 591 5064 721 5112; x_wconf 87' lang='lat' dir='ltr'>sumus.</span> <span class='ocrx_word' id='word_1_321' title='bbox 775 5041 850 5114; x_wconf 83' lang='lat' dir='ltr'>Alii</span> <span class='ocrx_word' id='word_1_322' title='bbox 875 5046 1111 5137; x_wconf 88' lang='lat' dir='ltr'>sicinterpre·</span> 
     </span>
    </p>
   </div>
   <div class='ocr_carea' id='block_1_12' title="bbox 1147 559 2175 5146">
    <p class='ocr_par' dir='ltr' id='par_1_13' title="bbox 1147 559 2133 2066">
     <span class='ocr_line' id='line_1_50' title="bbox 1248 559 2128 657; baseline -0.001 -23"><span class='ocrx_word' id='word_1_323' title='bbox 1248 564 1325 636; x_wconf 87' lang='lat' dir='ltr'>Hae</span> <span class='ocrx_word' id='word_1_324' title='bbox 1341 565 1648 657; x_wconf 86' lang='lat' dir='ltr'>interpretationes</span> <span class='ocrx_word' id='word_1_325' title='bbox 1665 559 1868 635; x_wconf 88' lang='lat' dir='ltr'>omneshoe</span> <span class='ocrx_word' id='word_1_326' title='bbox 1882 564 2033 635; x_wconf 76' lang='lat' dir='ltr'>solunte</span> <span class='ocrx_word' id='word_1_327' title='bbox 2058 559 2128 633; x_wconf 84' lang='lat' dir='ltr'>llo-</span> 
     </span>
     <span class='ocr_line' id='line_1_51' title="bbox 1147 663 2128 759; baseline 0 -22"><span class='ocrx_word' id='word_1_328' title='bbox 1147 676 1205 738; x_wconf 87' lang='lat' dir='ltr'>mo</span> <span class='ocrx_word' id='word_1_329' title='bbox 1221 681 1274 738; x_wconf 84' lang='lat' dir='ltr'>est</span> <span class='ocrx_word' id='word_1_330' title='bbox 1289 668 1423 750; x_wconf 87' lang='lat' dir='ltr'>iustus,</span> <span class='ocrx_word' id='word_1_331' title='bbox 1447 669 1573 752; x_wconf 89' lang='lat' dir='ltr'>idest,</span> <span class='ocrx_word' id='word_1_332' title='bbox 1597 663 1674 737; x_wconf 84' lang='lat' dir='ltr'>Deo</span> <span class='ocrx_word' id='word_1_333' title='bbox 1697 682 1859 759; x_wconf 86' lang='lat' dir='ltr'>acceptus</span> <span class='ocrx_word' id='word_1_334' title='bbox 1881 669 1928 736; x_wconf 91' lang='lat' dir='ltr'>ad</span> <span class='ocrx_word' id='word_1_335' title='bbox 1952 666 2128 737; x_wconf 68' lang='lat' dir='ltr'>vitatum·</span> 
     </span>
     <span class='ocr_line' id='line_1_52' title="bbox 1147 763 2131 862; baseline -0.001 -22"><span class='ocrx_word' id='word_1_336' title='bbox 1147 785 1284 842; x_wconf 87' lang='lat' dir='ltr'>ternam</span> <span class='ocrx_word' id='word_1_337' title='bbox 1317 784 1462 862; x_wconf 89' lang='lat' dir='ltr'>propter</span> <span class='ocrx_word' id='word_1_338' title='bbox 1489 770 1649 862; x_wconf 89' lang='lat' dir='ltr'>proprias</span> <span class='ocrx_word' id='word_1_339' title='bbox 1674 769 1823 840; x_wconf 87' lang='lat' dir='ltr'>virtutes</span> <span class='ocrx_word' id='word_1_340' title='bbox 1851 781 1885 840; x_wconf 87' lang='lat' dir='ltr'>et</span> <span class='ocrx_word' id='word_1_341' title='bbox 1907 790 2032 861; x_wconf 84' lang='lat' dir='ltr'>opera.</span> <span class='ocrx_word' id='word_1_342' title='bbox 2088 763 2131 839; x_wconf 86' lang='lat' dir='ltr'>Et</span> 
     </span>
     <span class='ocr_line' id='line_1_53' title="bbox 1148 866 2130 965; baseline 0.002 -26"><span class='ocrx_word' id='word_1_343' title='bbox 1148 866 1217 943; x_wconf 91' lang='lat' dir='ltr'>hoc</span> <span class='ocrx_word' id='word_1_344' title='bbox 1233 870 1294 942; x_wconf 91' lang='lat' dir='ltr'>alii</span> <span class='ocrx_word' id='word_1_345' title='bbox 1310 887 1476 943; x_wconf 85' lang='lat' dir='ltr'>enarrant</span> <span class='ocrx_word' id='word_1_346' title='bbox 1491 871 1700 952; x_wconf 85' lang='lat' dir='ltr'>absurdius,</span> <span class='ocrx_word' id='word_1_347' title='bbox 1716 872 1778 940; x_wconf 92' lang='lat' dir='ltr'>alii</span> <span class='ocrx_word' id='word_1_348' title='bbox 1794 872 1969 965; x_wconf 84' lang='lat' dir='ltr'>quaedam</span> <span class='ocrx_word' id='word_1_349' title='bbox 1984 871 2130 941; x_wconf 84' lang='lat' dir='ltr'>absurda</span> 
     </span>
     <span class='ocr_line' id='line_1_54' title="bbox 1149 968 2130 1058; baseline -0.002 -15"><span class='ocrx_word' id='word_1_350' title='bbox 1149 974 1332 1045; x_wconf 88' lang='lat' dir='ltr'>omittunt.</span> <span class='ocrx_word' id='word_1_351' title='bbox 1413 970 1584 1045; x_wconf 89' lang='lat' dir='ltr'>Monachi</span> <span class='ocrx_word' id='word_1_352' title='bbox 1621 975 1766 1058; x_wconf 88' lang='lat' dir='ltr'>dieunt,</span> <span class='ocrx_word' id='word_1_353' title='bbox 1810 968 1978 1043; x_wconf 84' lang='lat' dir='ltr'>homiues</span> <span class='ocrx_word' id='word_1_354' title='bbox 2009 972 2130 1042; x_wconf 86' lang='lat' dir='ltr'>mereri</span> 
     </span>
     <span class='ocr_line' id='line_1_55' title="bbox 1150 1074 2131 1167; baseline 0 -23"><span class='ocrx_word' id='word_1_355' title='bbox 1150 1076 1391 1146; x_wconf 88' lang='lat' dir='ltr'>remissionem</span> <span class='ocrx_word' id='word_1_356' title='bbox 1417 1091 1639 1167; x_wconf 90' lang='lat' dir='ltr'>peccatorum</span> <span class='ocrx_word' id='word_1_357' title='bbox 1661 1077 1735 1144; x_wconf 89' lang='lat' dir='ltr'>suis</span> <span class='ocrx_word' id='word_1_358' title='bbox 1751 1074 1945 1147; x_wconf 85' lang='lat' dir='ltr'>virtutibus</span> <span class='ocrx_word' id='word_1_359' title='bbox 1966 1086 2004 1144; x_wconf 89' lang='lat' dir='ltr'>et</span> <span class='ocrx_word' id='word_1_360' title='bbox 2019 1074 2131 1165; x_wconf 87' lang='lat' dir='ltr'>operi·</span> 
     </span>
     <span class='ocr_line' id='line_1_56' title="bbox 1152 1174 2130 1267; baseline -0.002 -20"><span class='ocrx_word' id='word_1_361' title='bbox 1152 1181 1236 1262; x_wconf 91' lang='lat' dir='ltr'>bus,</span> <span class='ocrx_word' id='word_1_362' title='bbox 1261 1179 1385 1249; x_wconf 90' lang='lat' dir='ltr'>dicunt</span> <span class='ocrx_word' id='word_1_363' title='bbox 1410 1179 1519 1249; x_wconf 90' lang='lat' dir='ltr'>iustos</span> <span class='ocrx_word' id='word_1_364' title='bbox 1541 1178 1739 1248; x_wconf 77' lang='lat' dir='ltr'>satisfacere</span> <span class='ocrx_word' id='word_1_365' title='bbox 1762 1177 1850 1267; x_wconf 80' lang='lat' dir='ltr'>legi,</span> <span class='ocrx_word' id='word_1_366' title='bbox 1877 1191 1919 1248; x_wconf 91' lang='lat' dir='ltr'>ut</span> <span class='ocrx_word' id='word_1_367' title='bbox 1942 1174 2130 1246; x_wconf 82' lang='lat' dir='ltr'>Malvendr</span> 
     </span>
     <span class='ocr_line' id='line_1_57' title="bbox 1152 1274 2131 1373; baseline 0 -24"><span class='ocrx_word' id='word_1_368' title='bbox 1152 1280 1286 1373; x_wconf 85' lang='lat' dir='ltr'>iuquit,</span> <span class='ocrx_word' id='word_1_369' title='bbox 1311 1281 1391 1349; x_wconf 90' lang='lat' dir='ltr'>idco</span> <span class='ocrx_word' id='word_1_370' title='bbox 1406 1274 1588 1349; x_wconf 91' lang='lat' dir='ltr'>hominem</span> <span class='ocrx_word' id='word_1_371' title='bbox 1605 1281 1676 1349; x_wconf 91' lang='lat' dir='ltr'>dici</span> <span class='ocrx_word' id='word_1_372' title='bbox 1693 1281 1845 1359; x_wconf 84' lang='lat' dir='ltr'>iustum,</span> <span class='ocrx_word' id='word_1_373' title='bbox 1861 1280 1945 1372; x_wconf 88' lang='lat' dir='ltr'>quia</span> <span class='ocrx_word' id='word_1_374' title='bbox 1960 1276 2041 1349; x_wconf 84' lang='lat' dir='ltr'>Deo</span> <span class='ocrx_word' id='word_1_375' title='bbox 2058 1301 2131 1371; x_wconf 83' lang='lat' dir='ltr'>per·</span> 
     </span>
     <span class='ocr_line' id='line_1_58' title="bbox 1150 1378 2132 1474; baseline -0.003 -22"><span class='ocrx_word' id='word_1_376' title='bbox 1150 1384 1266 1452; x_wconf 87' lang='lat' dir='ltr'>solvat</span> <span class='ocrx_word' id='word_1_377' title='bbox 1279 1382 1450 1456; x_wconf 90' lang='lat' dir='ltr'>debitum.</span> <span class='ocrx_word' id='word_1_378' title='bbox 1502 1381 1547 1452; x_wconf 87' lang='lat' dir='ltr'>Et</span> <span class='ocrx_word' id='word_1_379' title='bbox 1570 1385 1705 1452; x_wconf 91' lang='lat' dir='ltr'>addunt</span> <span class='ocrx_word' id='word_1_380' title='bbox 1724 1382 1894 1474; x_wconf 90' lang='lat' dir='ltr'>amplius:</span> <span class='ocrx_word' id='word_1_381' title='bbox 1922 1378 2019 1451; x_wconf 87' lang='lat' dir='ltr'>Cum</span> <span class='ocrx_word' id='word_1_382' title='bbox 2035 1403 2132 1449; x_wconf 91' lang='lat' dir='ltr'>nemo</span> 
     </span>
     <span class='ocr_line' id='line_1_59' title="bbox 1152 1479 2132 1576; baseline -0.003 -23"><span class='ocrx_word' id='word_1_383' title='bbox 1152 1484 1254 1568; x_wconf 91' lang='lat' dir='ltr'>sciat,</span> <span class='ocrx_word' id='word_1_384' title='bbox 1279 1487 1422 1576; x_wconf 91' lang='lat' dir='ltr'>quando</span> <span class='ocrx_word' id='word_1_385' title='bbox 1442 1486 1525 1555; x_wconf 87' lang='lat' dir='ltr'>satis</span> <span class='ocrx_word' id='word_1_386' title='bbox 1549 1508 1697 1575; x_wconf 92' lang='lat' dir='ltr'>operum</span> <span class='ocrx_word' id='word_1_387' title='bbox 1719 1479 1865 1563; x_wconf 87' lang='lat' dir='ltr'>habeat,</span> <span class='ocrx_word' id='word_1_388' title='bbox 1893 1482 2028 1553; x_wconf 86' lang='lat' dir='ltr'>iubent</span> <span class='ocrx_word' id='word_1_389' title='bbox 2049 1506 2132 1552; x_wconf 89' lang='lat' dir='ltr'>sem·</span> 
     </span>
     <span class='ocr_line' id='line_1_60' title="bbox 1151 1580 2133 1678; baseline -0.001 -25"><span class='ocrx_word' id='word_1_390' title='bbox 1151 1611 1215 1678; x_wconf 90' lang='lat' dir='ltr'>per</span> <span class='ocrx_word' id='word_1_391' title='bbox 1229 1587 1393 1656; x_wconf 89' lang='lat' dir='ltr'>dubitare</span> <span class='ocrx_word' id='word_1_392' title='bbox 1414 1610 1458 1654; x_wconf 92' lang='lat' dir='ltr'>an</span> <span class='ocrx_word' id='word_1_393' title='bbox 1485 1589 1533 1656; x_wconf 89' lang='lat' dir='ltr'>sis</span> <span class='ocrx_word' id='word_1_394' title='bbox 1555 1587 1592 1654; x_wconf 93' lang='lat' dir='ltr'>in</span> <span class='ocrx_word' id='word_1_395' title='bbox 1617 1587 1746 1677; x_wconf 78' lang='lat' dir='ltr'>gratia,</span> <span class='ocrx_word' id='word_1_396' title='bbox 1773 1600 1808 1655; x_wconf 88' lang='lat' dir='ltr'>et</span> <span class='ocrx_word' id='word_1_397' title='bbox 1832 1580 1927 1654; x_wconf 87' lang='lat' dir='ltr'>hanc</span> <span class='ocrx_word' id='word_1_398' title='bbox 1941 1584 2133 1655; x_wconf 85' lang='lat' dir='ltr'>dubitatio·</span> 
     </span>
     <span class='ocr_line' id='line_1_61' title="bbox 1153 1689 2131 1779; baseline 0.001 -23"><span class='ocrx_word' id='word_1_399' title='bbox 1153 1713 1232 1757; x_wconf 92' lang='lat' dir='ltr'>nem</span> <span class='ocrx_word' id='word_1_400' title='bbox 1268 1690 1393 1759; x_wconf 89' lang='lat' dir='ltr'>dicunt</span> <span class='ocrx_word' id='word_1_401' title='bbox 1427 1689 1521 1779; x_wconf 88' lang='lat' dir='ltr'>piam</span> <span class='ocrx_word' id='word_1_402' title='bbox 1554 1710 1639 1759; x_wconf 87' lang='lat' dir='ltr'>csse.</span> <span class='ocrx_word' id='word_1_403' title='bbox 1699 1690 1750 1757; x_wconf 89' lang='lat' dir='ltr'>lta</span> <span class='ocrx_word' id='word_1_404' title='bbox 1780 1709 1925 1778; x_wconf 88' lang='lat' dir='ltr'>prorsus</span> <span class='ocrx_word' id='word_1_405' title='bbox 1954 1698 2131 1757; x_wconf 81' lang='lat' dir='ltr'>removent</span> 
     </span>
     <span class='ocr_line' id='line_1_62' title="bbox 1152 1778 2132 1881; baseline -0.003 -22"><span class='ocrx_word' id='word_1_406' title='bbox 1152 1791 1276 1881; x_wconf 87' lang='lat' dir='ltr'>fidem,</span> <span class='ocrx_word' id='word_1_407' title='bbox 1304 1804 1339 1860; x_wconf 92' lang='lat' dir='ltr'>ct</span> <span class='ocrx_word' id='word_1_408' title='bbox 1361 1793 1480 1860; x_wconf 89' lang='lat' dir='ltr'>delent</span> <span class='ocrx_word' id='word_1_409' title='bbox 1497 1814 1616 1859; x_wconf 90' lang='lat' dir='ltr'>vocem</span> <span class='ocrx_word' id='word_1_410' title='bbox 1635 1786 1840 1878; x_wconf 80' lang='lat' dir='ltr'>Evangelii,</span> <span class='ocrx_word' id='word_1_411' title='bbox 1866 1802 1902 1859; x_wconf 92' lang='lat' dir='ltr'>et</span> <span class='ocrx_word' id='word_1_412' title='bbox 1924 1778 2132 1858; x_wconf 82' lang='lat' dir='ltr'>consolatio-</span> 
     </span>
     <span class='ocr_line' id='line_1_63' title="bbox 1154 1891 2131 1985; baseline 0 -25"><span class='ocrx_word' id='word_1_413' title='bbox 1154 1915 1254 1975; x_wconf 90' lang='lat' dir='ltr'>nem,</span> <span class='ocrx_word' id='word_1_414' title='bbox 1281 1917 1387 1985; x_wconf 92' lang='lat' dir='ltr'>quam</span> <span class='ocrx_word' id='word_1_415' title='bbox 1410 1893 1505 1964; x_wconf 87' lang='lat' dir='ltr'>Deus</span> <span class='ocrx_word' id='word_1_416' title='bbox 1527 1893 1697 1961; x_wconf 86' lang='lat' dir='ltr'>immensa</span> <span class='ocrx_word' id='word_1_417' title='bbox 1718 1892 1878 1962; x_wconf 88' lang='lat' dir='ltr'>bonitate</span> <span class='ocrx_word' id='word_1_418' title='bbox 1899 1891 2081 1983; x_wconf 80' lang='lat' dir='ltr'>patefecit,</span> <span class='ocrx_word' id='word_1_419' title='bbox 2103 1902 2131 1960; x_wconf 88' lang='lat' dir='ltr'>et</span> 
     </span>
     <span class='ocr_line' id='line_1_64' title="bbox 1153 1993 1601 2066; baseline 0.009 -4"><span class='ocrx_word' id='word_1_420' title='bbox 1153 1994 1231 2064; x_wconf 89' lang='lat' dir='ltr'>vult</span> <span class='ocrx_word' id='word_1_421' title='bbox 1248 1996 1284 2064; x_wconf 90' lang='lat' dir='ltr'>in</span> <span class='ocrx_word' id='word_1_422' title='bbox 1299 1993 1455 2064; x_wconf 87' lang='lat' dir='ltr'>Ecclesia</span> <span class='ocrx_word' id='word_1_423' title='bbox 1473 2009 1601 2066; x_wconf 87' lang='lat' dir='ltr'>extare.</span> 
     </span>
    </p>

    <p class='ocr_par' dir='ltr' id='par_1_14' title="bbox 1153 2088 2170 3289">
     <span class='ocr_line' id='line_1_65' title="bbox 1255 2088 2131 2184; baseline -0.006 -17"><span class='ocrx_word' id='word_1_424' title='bbox 1255 2095 1359 2167; x_wconf 85' lang='lat' dir='ltr'>Nunc</span> <span class='ocrx_word' id='word_1_425' title='bbox 1375 2098 1517 2165; x_wconf 89' lang='lat' dir='ltr'>videant</span> <span class='ocrx_word' id='word_1_426' title='bbox 1534 2094 1704 2178; x_wconf 88' lang='lat' dir='ltr'>studiosi,</span> <span class='ocrx_word' id='word_1_427' title='bbox 1727 2116 1775 2162; x_wconf 91' lang='lat' dir='ltr'>an</span> <span class='ocrx_word' id='word_1_428' title='bbox 1794 2088 1861 2163; x_wconf 87' lang='lat' dir='ltr'>hae</span> <span class='ocrx_word' id='word_1_429' title='bbox 1877 2091 2131 2184; x_wconf 83' lang='lat' dir='ltr'>interpretatio-</span> 
     </span>
     <span class='ocr_line' id='line_1_66' title="bbox 1153 2192 2128 2292; baseline -0.005 -25"><span class='ocrx_word' id='word_1_430' title='bbox 1153 2220 1217 2267; x_wconf 86' lang='lat' dir='ltr'>nes</span> <span class='ocrx_word' id='word_1_431' title='bbox 1249 2211 1447 2287; x_wconf 83' lang='lat' dir='ltr'>congrnant</span> <span class='ocrx_word' id='word_1_432' title='bbox 1479 2222 1560 2266; x_wconf 90' lang='lat' dir='ltr'>cum</span> <span class='ocrx_word' id='word_1_433' title='bbox 1591 2198 1728 2292; x_wconf 87' lang='lat' dir='ltr'>integra</span> <span class='ocrx_word' id='word_1_434' title='bbox 1760 2195 2007 2286; x_wconf 86' lang='lat' dir='ltr'>disputatione</span> <span class='ocrx_word' id='word_1_435' title='bbox 2030 2192 2128 2265; x_wconf 88' lang='lat' dir='ltr'>Pauli.</span> 
     </span>
     <span class='ocr_line' id='line_1_67' title="bbox 1157 2298 2128 2390; baseline -0.001 -22"><span class='ocrx_word' id='word_1_436' title='bbox 1157 2299 1265 2386; x_wconf 88' lang='lat' dir='ltr'>ltem,</span> <span class='ocrx_word' id='word_1_437' title='bbox 1298 2326 1343 2370; x_wconf 91' lang='lat' dir='ltr'>an</span> <span class='ocrx_word' id='word_1_438' title='bbox 1367 2313 1565 2390; x_wconf 82' lang='lat' dir='ltr'>congruant</span> <span class='ocrx_word' id='word_1_439' title='bbox 1582 2324 1660 2370; x_wconf 92' lang='lat' dir='ltr'>cnm</span> <span class='ocrx_word' id='word_1_440' title='bbox 1685 2311 1851 2388; x_wconf 92' lang='lat' dir='ltr'>perpetua</span> <span class='ocrx_word' id='word_1_441' title='bbox 1867 2298 2045 2367; x_wconf 83' lang='lat' dir='ltr'>sententia</span> <span class='ocrx_word' id='word_1_442' title='bbox 2059 2320 2128 2389; x_wconf 85' lang='lat' dir='ltr'>pro-</span> 
     </span>
     <span class='ocr_line' id='line_1_68' title="bbox 1154 2398 2127 2495; baseline -0.002 -24"><span class='ocrx_word' id='word_1_443' title='bbox 1154 2398 1292 2494; x_wconf 88' lang='lat' dir='ltr'>phetica</span> <span class='ocrx_word' id='word_1_444' title='bbox 1317 2417 1351 2473; x_wconf 89' lang='lat' dir='ltr'>et</span> <span class='ocrx_word' id='word_1_445' title='bbox 1375 2403 1580 2495; x_wconf 87' lang='lat' dir='ltr'>apostolica.</span> <span class='ocrx_word' id='word_1_446' title='bbox 1652 2401 1882 2471; x_wconf 87' lang='lat' dir='ltr'>lllanifcstnm</span> <span class='ocrx_word' id='word_1_447' title='bbox 1921 2412 1977 2469; x_wconf 89' lang='lat' dir='ltr'>est</span> <span class='ocrx_word' id='word_1_448' title='bbox 2013 2413 2127 2480; x_wconf 82' lang='lat' dir='ltr'>autern,</span> 
     </span>
     <span class='ocr_line' id='line_1_69' title="bbox 1154 2499 2170 2595; baseline -0.004 -22"><span class='ocrx_word' id='word_1_449' title='bbox 1154 2499 1240 2573; x_wconf 89' lang='lat' dir='ltr'>haec</span> <span class='ocrx_word' id='word_1_450' title='bbox 1257 2506 1323 2575; x_wconf 88' lang='lat' dir='ltr'>tria</span> <span class='ocrx_word' id='word_1_451' title='bbox 1347 2506 1504 2573; x_wconf 90' lang='lat' dir='ltr'>membra</span> <span class='ocrx_word' id='word_1_452' title='bbox 1523 2504 1707 2595; x_wconf 89' lang='lat' dir='ltr'>praecipua</span> <span class='ocrx_word' id='word_1_453' title='bbox 1732 2526 1805 2571; x_wconf 88' lang='lat' dir='ltr'>esse</span> <span class='ocrx_word' id='word_1_454' title='bbox 1821 2499 2000 2570; x_wconf 89' lang='lat' dir='ltr'>Paulinae</span> <span class='ocrx_word' id='word_1_455' title='bbox 2020 2503 2128 2592; x_wconf 88' lang='lat' dir='ltr'>dispu-</span> <span class='ocrx_word' id='word_1_456' title='bbox 2168 2528 2170 2593; x_wconf 76' lang='lat'>3</span> 
     </span>
     <span class='ocr_line' id='line_1_70' title="bbox 1156 2601 2170 2697; baseline -0.003 -21"><span class='ocrx_word' id='word_1_457' title='bbox 1156 2606 1312 2679; x_wconf 87' lang='lat' dir='ltr'>tationis.</span> <span class='ocrx_word' id='word_1_458' title='bbox 1375 2606 1535 2677; x_wconf 88' lang='lat' dir='ltr'>Primum</span> <span class='ocrx_word' id='word_1_459' title='bbox 1560 2607 1742 2697; x_wconf 88' lang='lat' dir='ltr'>perspicue</span> <span class='ocrx_word' id='word_1_460' title='bbox 1766 2619 1800 2674; x_wconf 87' lang='lat' dir='ltr'>et</span> <span class='ocrx_word' id='word_1_461' title='bbox 1824 2605 1900 2672; x_wconf 89' lang='lat' dir='ltr'>sine</span> <span class='ocrx_word' id='word_1_462' title='bbox 1922 2601 1999 2672; x_wconf 90' lang='lat' dir='ltr'>ulla</span> <span class='ocrx_word' id='word_1_463' title='bbox 2028 2601 2129 2674; x_wconf 83' lang='lat' dir='ltr'>emhi-</span> <span class='ocrx_word' id='word_1_464' title='bbox 2168 2608 2170 2613; x_wconf 80' lang='grc'><strong>’</strong></span> 
     </span>
     <span class='ocr_line' id='line_1_71' title="bbox 1155 2703 2128 2798; baseline -0.002 -23"><span class='ocrx_word' id='word_1_465' title='bbox 1155 2708 1287 2798; x_wconf 76' lang='lat' dir='ltr'>gnitate</span> <span class='ocrx_word' id='word_1_466' title='bbox 1302 2709 1471 2792; x_wconf 81' lang='lat' dir='ltr'>affirmat,</span> <span class='ocrx_word' id='word_1_467' title='bbox 1498 2703 1658 2777; x_wconf 90' lang='lat' dir='ltr'>homines</span> <span class='ocrx_word' id='word_1_468' title='bbox 1674 2731 1745 2776; x_wconf 93' lang='lat' dir='ltr'>non</span> <span class='ocrx_word' id='word_1_469' title='bbox 1763 2707 1964 2777; x_wconf 78' lang='lat' dir='ltr'>satisfacere</span> <span class='ocrx_word' id='word_1_470' title='bbox 1978 2706 2049 2795; x_wconf 75' lang='lat' dir='ltr'>legi</span> <span class='ocrx_word' id='word_1_471' title='bbox 2064 2703 2128 2784; x_wconf 83' lang='lat' dir='ltr'>Dei,</span> 
     </span>
     <span class='ocr_line' id='line_1_72' title="bbox 1156 2810 2129 2901; baseline -0.003 -22"><span class='ocrx_word' id='word_1_472' title='bbox 1156 2810 1220 2879; x_wconf 84' lang='lat' dir='ltr'>nec</span> <span class='ocrx_word' id='word_1_473' title='bbox 1242 2811 1318 2901; x_wconf 82' lang='lat' dir='ltr'>lege</span> <span class='ocrx_word' id='word_1_474' title='bbox 1338 2813 1448 2880; x_wconf 90' lang='lat' dir='ltr'>iustos</span> <span class='ocrx_word' id='word_1_475' title='bbox 1470 2833 1561 2894; x_wconf 89' lang='lat' dir='ltr'>esse,</span> <span class='ocrx_word' id='word_1_476' title='bbox 1587 2811 1647 2879; x_wconf 91' lang='lat' dir='ltr'>scd</span> <span class='ocrx_word' id='word_1_477' title='bbox 1673 2831 1796 2878; x_wconf 88' lang='lat' dir='ltr'>omnes</span> <span class='ocrx_word' id='word_1_478' title='bbox 1820 2830 1899 2876; x_wconf 91' lang='lat' dir='ltr'>reos</span> <span class='ocrx_word' id='word_1_479' title='bbox 1920 2820 1956 2874; x_wconf 91' lang='lat' dir='ltr'>et</span> <span class='ocrx_word' id='word_1_480' title='bbox 1977 2810 2047 2877; x_wconf 86' lang='lat' dir='ltr'>sub</span> <span class='ocrx_word' id='word_1_481' title='bbox 2064 2829 2129 2898; x_wconf 77' lang='lat' dir='ltr'>pec»</span> 
     </span>
     <span class='ocr_line' id='line_1_73' title="bbox 1156 2907 2130 3003; baseline -0.007 -21"><span class='ocrx_word' id='word_1_482' title='bbox 1156 2926 1233 2982; x_wconf 90' lang='lat' dir='ltr'>cato</span> <span class='ocrx_word' id='word_1_483' title='bbox 1250 2936 1341 2994; x_wconf 89' lang='lat' dir='ltr'>esse,</span> <span class='ocrx_word' id='word_1_484' title='bbox 1362 2929 1401 2984; x_wconf 93' lang='lat' dir='ltr'>ut</span> <span class='ocrx_word' id='word_1_485' title='bbox 1417 2910 1542 3003; x_wconf 87' lang='lat' dir='ltr'>Capite</span> <span class='ocrx_word' id='word_1_486' title='bbox 1559 2913 1592 2984; x_wconf 82' lang='grc'>3.</span> <span class='ocrx_word' id='word_1_487' title='bbox 1612 2912 1793 3002; x_wconf 84' lang='lat' dir='ltr'>perspicue</span> <span class='ocrx_word' id='word_1_488' title='bbox 1807 2911 1958 2981; x_wconf 83' lang='lat' dir='ltr'>dicitur:</span> <span class='ocrx_word' id='word_1_489' title='bbox 1975 2907 2130 2981; x_wconf 82' lang='lat' dir='ltr'>Utamur</span> 
     </span>
     <span class='ocr_line' id='line_1_74' title="bbox 1156 3010 2130 3101; baseline 0.001 -17"><span class='ocrx_word' id='word_1_490' title='bbox 1156 3039 1195 3084; x_wconf 89' lang='lat' dir='ltr'>os</span> <span class='ocrx_word' id='word_1_491' title='bbox 1209 3016 1407 3101; x_wconf 89' lang='lat' dir='ltr'>obturetur,</span> <span class='ocrx_word' id='word_1_492' title='bbox 1424 3029 1457 3085; x_wconf 92' lang='lat' dir='ltr'>et</span> <span class='ocrx_word' id='word_1_493' title='bbox 1472 3026 1566 3083; x_wconf 91' lang='lat' dir='ltr'>totus</span> <span class='ocrx_word' id='word_1_494' title='bbox 1583 3017 1737 3082; x_wconf 86' lang='lat' dir='ltr'>rnrrndus</span> <span class='ocrx_word' id='word_1_495' title='bbox 1755 3036 1834 3081; x_wconf 88' lang='lat' dir='ltr'>reus</span> <span class='ocrx_word' id='word_1_496' title='bbox 1850 3013 1896 3082; x_wconf 90' lang='lat' dir='ltr'>sit</span> <span class='ocrx_word' id='word_1_497' title='bbox 1912 3034 2036 3081; x_wconf 88' lang='lat' dir='ltr'>coram</span> <span class='ocrx_word' id='word_1_498' title='bbox 2056 3010 2130 3085; x_wconf 78' lang='lat' dir='ltr'>Dee.</span> 
     </span>
     <span class='ocr_line' id='line_1_75' title="bbox 1155 3110 2131 3215; baseline -0.003 -29"><span class='ocrx_word' id='word_1_499' title='bbox 1155 3115 1339 3187; x_wconf 86' lang='lat' dir='ltr'>Conclusis</span> <span class='ocrx_word' id='word_1_500' title='bbox 1361 3140 1486 3187; x_wconf 91' lang='lat' dir='ltr'>omnes</span> <span class='ocrx_word' id='word_1_501' title='bbox 1508 3117 1576 3185; x_wconf 91' lang='lat' dir='ltr'>snb</span> <span class='ocrx_word' id='word_1_502' title='bbox 1598 3130 1798 3215; x_wconf 88' lang='lat' dir='ltr'>peccatum,</span> <span class='ocrx_word' id='word_1_503' title='bbox 1826 3129 1865 3186; x_wconf 84' lang='grc' dir='ltr'>ιιι</span> <span class='ocrx_word' id='word_1_504' title='bbox 1879 3110 2131 3186; x_wconf 85' lang='lat' dir='ltr'>Omninenmi·</span> 
     </span>
     <span class='ocr_line' id='line_1_76' title="bbox 1158 3233 1329 3289; baseline 0.006 -2"><span class='ocrx_word' id='word_1_505' title='bbox 1158 3233 1329 3289; x_wconf 81' lang='lat' dir='ltr'>screatus.</span> 
     </span>
    </p>

    <p class='ocr_par' dir='ltr' id='par_1_15' title="bbox 1158 3313 2134 3901">
     <span class='ocr_line' id='line_1_77' title="bbox 1258 3313 2132 3409; baseline -0.008 -18"><span class='ocrx_word' id='word_1_506' title='bbox 1258 3319 1425 3391; x_wconf 89' lang='lat' dir='ltr'>Secundo</span> <span class='ocrx_word' id='word_1_507' title='bbox 1457 3320 1626 3405; x_wconf 89' lang='lat' dir='ltr'>affirmat,</span> <span class='ocrx_word' id='word_1_508' title='bbox 1666 3318 1775 3409; x_wconf 91' lang='lat' dir='ltr'>recipi</span> <span class='ocrx_word' id='word_1_509' title='bbox 1804 3313 1971 3388; x_wconf 88' lang='lat' dir='ltr'>homines</span> <span class='ocrx_word' id='word_1_510' title='bbox 2001 3328 2132 3408; x_wconf 87' lang='lat' dir='ltr'>propter</span> 
     </span>
     <span class='ocr_line' id='line_1_78' title="bbox 1158 3420 2134 3513; baseline -0.005 -23"><span class='ocrx_word' id='word_1_511' title='bbox 1158 3422 1406 3508; x_wconf 89' lang='lat' dir='ltr'>mediatorem,</span> <span class='ocrx_word' id='word_1_512' title='bbox 1437 3423 1562 3513; x_wconf 79' lang='lat' dir='ltr'>gratis,</span> <span class='ocrx_word' id='word_1_513' title='bbox 1611 3433 1646 3491; x_wconf 90' lang='lat' dir='ltr'>et</span> <span class='ocrx_word' id='word_1_514' title='bbox 1679 3422 1753 3491; x_wconf 86' lang='lat' dir='ltr'>vult</span> <span class='ocrx_word' id='word_1_515' title='bbox 1787 3420 1960 3507; x_wconf 74' lang='lat' dir='ltr'>intelligi,</span> <span class='ocrx_word' id='word_1_516' title='bbox 2003 3431 2134 3512; x_wconf 85' lang='lat' dir='ltr'>propter</span> 
     </span>
     <span class='ocr_line' id='line_1_79' title="bbox 1158 3517 2133 3614; baseline -0.005 -22"><span class='ocrx_word' id='word_1_517' title='bbox 1158 3520 1250 3593; x_wconf 91' lang='lat' dir='ltr'>hanc</span> <span class='ocrx_word' id='word_1_518' title='bbox 1272 3525 1382 3614; x_wconf 89' lang='lat' dir='ltr'>ipsam</span> <span class='ocrx_word' id='word_1_519' title='bbox 1407 3548 1548 3596; x_wconf 90' lang='lat' dir='ltr'>causam</span> <span class='ocrx_word' id='word_1_520' title='bbox 1569 3523 1714 3592; x_wconf 83' lang='lat' dir='ltr'>missum</span> <span class='ocrx_word' id='word_1_521' title='bbox 1740 3547 1812 3591; x_wconf 88' lang='lat' dir='ltr'>esse</span> <span class='ocrx_word' id='word_1_522' title='bbox 1828 3522 2021 3607; x_wconf 88' lang='lat' dir='ltr'>Messiam,</span> <span class='ocrx_word' id='word_1_523' title='bbox 2046 3535 2083 3592; x_wconf 91' lang='lat' dir='ltr'>ut</span> <span class='ocrx_word' id='word_1_524' title='bbox 2098 3517 2133 3588; x_wconf 88' lang='lat' dir='ltr'>sit</span> 
     </span>
     <span class='ocr_line' id='line_1_80' title="bbox 1159 3626 2132 3717; baseline -0.002 -24"><span class='ocrx_word' id='word_1_525' title='bbox 1159 3626 1334 3716; x_wconf 90' lang='lat' dir='ltr'>placator,</span> <span class='ocrx_word' id='word_1_526' title='bbox 1374 3640 1409 3696; x_wconf 91' lang='lat' dir='ltr'>et</span> <span class='ocrx_word' id='word_1_527' title='bbox 1441 3628 1544 3698; x_wconf 91' lang='lat' dir='ltr'>tollat</span> <span class='ocrx_word' id='word_1_528' title='bbox 1576 3639 1757 3717; x_wconf 90' lang='lat' dir='ltr'>peccatum</span> <span class='ocrx_word' id='word_1_529' title='bbox 1794 3639 1829 3695; x_wconf 93' lang='lat' dir='ltr'>et</span> <span class='ocrx_word' id='word_1_530' title='bbox 1856 3636 2032 3705; x_wconf 86' lang='lat' dir='ltr'>mortem,</span> <span class='ocrx_word' id='word_1_531' title='bbox 2068 3642 2132 3691; x_wconf 84' lang='lat' dir='ltr'>-uou</span> 
     </span>
     <span class='ocr_line' id='line_1_81' title="bbox 1159 3724 2133 3814; baseline -0.005 -20"><span class='ocrx_word' id='word_1_532' title='bbox 1159 3742 1199 3801; x_wconf 91' lang='lat' dir='ltr'>nt</span> <span class='ocrx_word' id='word_1_533' title='bbox 1232 3728 1380 3814; x_wconf 90' lang='lat' dir='ltr'>imperia</span> <span class='ocrx_word' id='word_1_534' title='bbox 1413 3728 1537 3800; x_wconf 92' lang='lat' dir='ltr'>mundi</span> <span class='ocrx_word' id='word_1_535' title='bbox 1564 3729 1776 3813; x_wconf 88' lang='lat' dir='ltr'>constituat,</span> <span class='ocrx_word' id='word_1_536' title='bbox 1807 3728 1898 3799; x_wconf 86' lang='lat' dir='ltr'>sicut</span> <span class='ocrx_word' id='word_1_537' title='bbox 1919 3724 2133 3796; x_wconf 85' lang='lat' dir='ltr'>somniabant</span> 
     </span>
     <span class='ocr_line' id='line_1_82' title="bbox 1160 3825 1352 3901; baseline 0.016 -3"><span class='ocrx_word' id='word_1_538' title='bbox 1160 3825 1352 3901; x_wconf 84' lang='lat' dir='ltr'>Pharisaei.</span> 
     </span>
    </p>

    <p class='ocr_par' dir='ltr' id='par_1_16' title="bbox 1160 3929 2134 4308">
     <span class='ocr_line' id='line_1_83' title="bbox 1263 3929 2133 4023; baseline -0.002 -24"><span class='ocrx_word' id='word_1_539' title='bbox 1263 3930 1388 4001; x_wconf 88' lang='lat' dir='ltr'>Tertio</span> <span class='ocrx_word' id='word_1_540' title='bbox 1409 3930 1579 4010; x_wconf 84' lang='lat' dir='ltr'>affirmat,</span> <span class='ocrx_word' id='word_1_541' title='bbox 1614 3944 1777 4022; x_wconf 92' lang='lat' dir='ltr'>oportere</span> <span class='ocrx_word' id='word_1_542' title='bbox 1800 3929 1870 3997; x_wconf 86' lang='lat' dir='ltr'>fide</span> <span class='ocrx_word' id='word_1_543' title='bbox 1892 3931 2007 4023; x_wconf 89' lang='lat' dir='ltr'>accipi</span> <span class='ocrx_word' id='word_1_544' title='bbox 2024 3951 2133 4000; x_wconf 89' lang='lat' dir='ltr'>recon-</span> 
     </span>
     <span class='ocr_line' id='line_1_84' title="bbox 1161 4032 2134 4127; baseline -0.004 -25"><span class='ocrx_word' id='word_1_545' title='bbox 1161 4032 1400 4127; x_wconf 89' lang='lat' dir='ltr'>ciliationem,</span> <span class='ocrx_word' id='word_1_546' title='bbox 1424 4046 1458 4102; x_wconf 88' lang='lat' dir='ltr'>et</span> <span class='ocrx_word' id='word_1_547' title='bbox 1485 4034 1552 4101; x_wconf 86' lang='lat' dir='ltr'>fide</span> <span class='ocrx_word' id='word_1_548' title='bbox 1577 4037 1803 4103; x_wconf 88' lang='lat' dir='ltr'>statuendum</span> <span class='ocrx_word' id='word_1_549' title='bbox 1829 4055 1918 4117; x_wconf 90' lang='lat' dir='ltr'>esse,</span> <span class='ocrx_word' id='word_1_550' title='bbox 1952 4058 2028 4103; x_wconf 90' lang='lat' dir='ltr'>non</span> <span class='ocrx_word' id='word_1_551' title='bbox 2056 4054 2134 4102; x_wconf 85' lang='lat' dir='ltr'>rece·</span> 
     </span>
     <span class='ocr_line' id='line_1_85' title="bbox 1160 4135 2134 4234; baseline 0.001 -31"><span class='ocrx_word' id='word_1_552' title='bbox 1160 4148 1240 4227; x_wconf 93' lang='lat' dir='ltr'>ptos</span> <span class='ocrx_word' id='word_1_553' title='bbox 1263 4159 1353 4219; x_wconf 90' lang='lat' dir='ltr'>esse,</span> <span class='ocrx_word' id='word_1_554' title='bbox 1384 4150 1417 4203; x_wconf 90' lang='lat' dir='ltr'>et</span> <span class='ocrx_word' id='word_1_555' title='bbox 1449 4136 1585 4226; x_wconf 89' lang='lat' dir='ltr'>placere</span> <span class='ocrx_word' id='word_1_556' title='bbox 1618 4135 1692 4206; x_wconf 87' lang='lat' dir='ltr'>Deo</span> <span class='ocrx_word' id='word_1_557' title='bbox 1722 4148 1870 4234; x_wconf 90' lang='lat' dir='ltr'>propter</span> <span class='ocrx_word' id='word_1_558' title='bbox 1906 4138 2134 4212; x_wconf 83' lang='lat' dir='ltr'>mediatorem,</span> 
     </span>
     <span class='ocr_line' id='line_1_86' title="bbox 1162 4237 1852 4308; baseline 0.007 -5"><span class='ocrx_word' id='word_1_559' title='bbox 1162 4260 1225 4305; x_wconf 90' lang='lat' dir='ltr'>nec</span> <span class='ocrx_word' id='word_1_560' title='bbox 1241 4240 1457 4306; x_wconf 88' lang='lat' dir='ltr'>manendum</span> <span class='ocrx_word' id='word_1_561' title='bbox 1477 4260 1548 4306; x_wconf 89' lang='lat' dir='ltr'>esse</span> <span class='ocrx_word' id='word_1_562' title='bbox 1565 4237 1602 4304; x_wconf 90' lang='lat' dir='ltr'>in</span> <span class='ocrx_word' id='word_1_563' title='bbox 1618 4239 1852 4308; x_wconf 83' lang='lat' dir='ltr'>dubitatione.</span> 
     </span>
    </p>

    <p class='ocr_par' dir='ltr' id='par_1_17' title="bbox 1162 4335 2175 5146">
     <span class='ocr_line' id='line_1_87' title="bbox 1264 4335 2134 4421; baseline -0.003 -15"><span class='ocrx_word' id='word_1_564' title='bbox 1264 4338 1336 4407; x_wconf 88' lang='lat' dir='ltr'>lam</span> <span class='ocrx_word' id='word_1_565' title='bbox 1359 4364 1438 4407; x_wconf 91' lang='lat' dir='ltr'>cum</span> <span class='ocrx_word' id='word_1_566' title='bbox 1465 4340 1692 4408; x_wconf 86' lang='lat' dir='ltr'>manifestum</span> <span class='ocrx_word' id='word_1_567' title='bbox 1715 4341 1778 4421; x_wconf 89' lang='lat' dir='ltr'>sit,</span> <span class='ocrx_word' id='word_1_568' title='bbox 1806 4335 1892 4407; x_wconf 89' lang='lat' dir='ltr'>hacc</span> <span class='ocrx_word' id='word_1_569' title='bbox 1906 4342 1976 4409; x_wconf 88' lang='lat' dir='ltr'>tria</span> <span class='ocrx_word' id='word_1_570' title='bbox 1992 4338 2134 4408; x_wconf 82' lang='lat' dir='ltr'>membre</span> 
     </span>
     <span class='ocr_line' id='line_1_88' title="bbox 1162 4436 2134 4530; baseline 0.002 -22"><span class='ocrx_word' id='word_1_571' title='bbox 1162 4436 1308 4509; x_wconf 89' lang='lat' dir='ltr'>aPanlo</span> <span class='ocrx_word' id='word_1_572' title='bbox 1330 4441 1456 4512; x_wconf 85' lang='lat' dir='ltr'>tradita</span> <span class='ocrx_word' id='word_1_573' title='bbox 1473 4465 1564 4525; x_wconf 87' lang='lat' dir='ltr'>esse,</span> <span class='ocrx_word' id='word_1_574' title='bbox 1590 4457 1726 4513; x_wconf 87' lang='lat' dir='ltr'>constat</span> <span class='ocrx_word' id='word_1_575' title='bbox 1749 4442 2063 4530; x_wconf 89' lang='lat' dir='ltr'>interpretationes</span> <span class='ocrx_word' id='word_1_576' title='bbox 2084 4461 2134 4527; x_wconf 79' lang='lat' dir='ltr'>pu·</span> 
     </span>
     <span class='ocr_line' id='line_1_89' title="bbox 1162 4538 2134 4629; baseline 0.002 -20"><span class='ocrx_word' id='word_1_577' title='bbox 1162 4557 1308 4629; x_wconf 78' lang='lat' dir='ltr'>gnantes</span> <span class='ocrx_word' id='word_1_578' title='bbox 1324 4567 1403 4610; x_wconf 92' lang='lat' dir='ltr'>cum</span> <span class='ocrx_word' id='word_1_579' title='bbox 1423 4539 1477 4612; x_wconf 91' lang='lat' dir='ltr'>his</span> <span class='ocrx_word' id='word_1_580' title='bbox 1495 4542 1608 4614; x_wconf 87' lang='lat' dir='ltr'>tribus</span> <span class='ocrx_word' id='word_1_581' title='bbox 1633 4545 1802 4613; x_wconf 86' lang='lat' dir='ltr'>membris</span> <span class='ocrx_word' id='word_1_582' title='bbox 1817 4544 1923 4612; x_wconf 85' lang='lat' dir='ltr'>falsas</span> <span class='ocrx_word' id='word_1_583' title='bbox 1940 4567 2028 4614; x_wconf 89' lang='lat' dir='ltr'>esse.</span> <span class='ocrx_word' id='word_1_584' title='bbox 2078 4538 2134 4611; x_wconf 75' lang='lat' dir='ltr'>Nes</span> 
     </span>
     <span class='ocr_line' id='line_1_90' title="bbox 1163 4642 2133 4729; baseline 0 -18"><span class='ocrx_word' id='word_1_585' title='bbox 1163 4643 1318 4713; x_wconf 87' lang='lat' dir='ltr'>difficilis</span> <span class='ocrx_word' id='word_1_586' title='bbox 1334 4659 1384 4714; x_wconf 84' lang='lat' dir='ltr'>est</span> <span class='ocrx_word' id='word_1_587' title='bbox 1403 4646 1586 4729; x_wconf 90' lang='lat' dir='ltr'>refutatio,</span> <span class='ocrx_word' id='word_1_588' title='bbox 1612 4649 1816 4717; x_wconf 84' lang='lat' dir='ltr'>tenentibus</span> <span class='ocrx_word' id='word_1_589' title='bbox 1837 4642 1923 4714; x_wconf 83' lang='lat' dir='ltr'>lsaec</span> <span class='ocrx_word' id='word_1_590' title='bbox 1937 4647 2133 4717; x_wconf 86' lang='lat' dir='ltr'>fundamen·</span> 
     </span>
     <span class='ocr_line' id='line_1_91' title="bbox 1164 4747 2135 4840; baseline 0 -26"><span class='ocrx_word' id='word_1_591' title='bbox 1164 4759 1209 4827; x_wconf 90' lang='lat' dir='ltr'>ta,</span> <span class='ocrx_word' id='word_1_592' title='bbox 1226 4770 1316 4838; x_wconf 88' lang='lat' dir='ltr'>qnae</span> <span class='ocrx_word' id='word_1_593' title='bbox 1335 4750 1504 4817; x_wconf 88' lang='lat' dir='ltr'>recensui.</span> <span class='ocrx_word' id='word_1_594' title='bbox 1559 4747 1652 4838; x_wconf 88' lang='lat' dir='ltr'>Quia</span> <span class='ocrx_word' id='word_1_595' title='bbox 1672 4747 1977 4840; x_wconf 87' lang='lat' dir='ltr'>particulaGratis</span> <span class='ocrx_word' id='word_1_596' title='bbox 1992 4762 2135 4838; x_wconf 74' lang='lat' dir='ltr'>expresse</span> 
     </span>
     <span class='ocr_line' id='line_1_92' title="bbox 1164 4841 2175 4932; baseline -0.005 -16"><span class='ocrx_word' id='word_1_597' title='bbox 1164 4847 1259 4918; x_wconf 85' lang='lat' dir='ltr'>tollit</span> <span class='ocrx_word' id='word_1_598' title='bbox 1282 4862 1401 4918; x_wconf 91' lang='lat' dir='ltr'>nostra</span> <span class='ocrx_word' id='word_1_599' title='bbox 1421 4851 1564 4932; x_wconf 88' lang='lat' dir='ltr'>merita,</span> <span class='ocrx_word' id='word_1_600' title='bbox 1590 4865 1624 4920; x_wconf 90' lang='lat' dir='ltr'>et</span> <span class='ocrx_word' id='word_1_601' title='bbox 1640 4851 1784 4920; x_wconf 90' lang='lat' dir='ltr'>deducit</span> <span class='ocrx_word' id='word_1_602' title='bbox 1797 4874 1865 4919; x_wconf 91' lang='lat' dir='ltr'>nos</span> <span class='ocrx_word' id='word_1_603' title='bbox 1879 4852 1922 4919; x_wconf 83' lang='lat' dir='ltr'>ael</span> <span class='ocrx_word' id='word_1_604' title='bbox 1944 4851 2069 4919; x_wconf 90' lang='lat' dir='ltr'>merita</span> <span class='ocrx_word' id='word_1_605' title='bbox 2084 4841 2135 4915; x_wconf 79' lang='lat' dir='ltr'>atii</span> <span class='ocrx_word' id='word_1_606' title='bbox 2172 4878 2175 4911; x_wconf 71' lang='grc' dir='ltr'>ι</span> 
     </span>
     <span class='ocr_line' id='line_1_93' title="bbox 1164 4946 2175 5037; baseline -0.004 -19"><span class='ocrx_word' id='word_1_607' title='bbox 1164 4946 1249 5033; x_wconf 89' lang='lat' dir='ltr'>Dei,</span> <span class='ocrx_word' id='word_1_608' title='bbox 1275 4964 1309 5020; x_wconf 91' lang='lat' dir='ltr'>et</span> <span class='ocrx_word' id='word_1_609' title='bbox 1327 4953 1402 5021; x_wconf 89' lang='lat' dir='ltr'>vult</span> <span class='ocrx_word' id='word_1_610' title='bbox 1419 4948 1516 5020; x_wconf 89' lang='lat' dir='ltr'>Deus</span> <span class='ocrx_word' id='word_1_611' title='bbox 1541 4954 1683 5037; x_wconf 74' lang='lat' dir='ltr'>agnosci</span> <span class='ocrx_word' id='word_1_612' title='bbox 1701 4953 1834 5037; x_wconf 89' lang='lat' dir='ltr'>lilium,</span> <span class='ocrx_word' id='word_1_613' title='bbox 1861 4966 1896 5022; x_wconf 85' lang='lat' dir='ltr'>et</span> <span class='ocrx_word' id='word_1_614' title='bbox 1920 4947 2019 5022; x_wconf 94' lang='lat' dir='ltr'>hunc</span> <span class='ocrx_word' id='word_1_615' title='bbox 2038 4952 2070 5020; x_wconf 86' lang='lat' dir='ltr'>ci</span> <span class='ocrx_word' id='word_1_616' title='bbox 2085 4946 2135 5017; x_wconf 90' lang='lat' dir='ltr'>bo-</span> <span class='ocrx_word' id='word_1_617' title='bbox 2172 4956 2175 4975; x_wconf 80' lang='lat'><strong>⁴</strong></span> 
     </span>
     <span class='ocr_line' id='line_1_94' title="bbox 1164 5053 2136 5146; baseline 0.001 -26"><span class='ocrx_word' id='word_1_618' title='bbox 1164 5074 1287 5120; x_wconf 91' lang='lat' dir='ltr'>norem</span> <span class='ocrx_word' id='word_1_619' title='bbox 1318 5053 1448 5138; x_wconf 87' lang='lat' dir='ltr'>tribui,</span> <span class='ocrx_word' id='word_1_620' title='bbox 1481 5068 1519 5124; x_wconf 89' lang='lat' dir='ltr'>ut</span> <span class='ocrx_word' id='word_1_621' title='bbox 1550 5057 1740 5134; x_wconf 83' lang='lat' dir='ltr'>fateamur,</span> <span class='ocrx_word' id='word_1_622' title='bbox 1773 5077 1848 5123; x_wconf 89' lang='lat' dir='ltr'>esse</span> <span class='ocrx_word' id='word_1_623' title='bbox 1870 5053 2136 5146; x_wconf 83' lang='lat' dir='ltr'>Propiciatorrm</span> 
     </span>
    </p>
   </div>
   <div class='ocr_carea' id='block_1_13' title="bbox 131 5144 2176 5457">
    <p class='ocr_par' dir='ltr' id='par_1_18' title="bbox 131 5144 2176 5457">
     <span class='ocr_line' id='line_1_95' title="bbox 132 5144 2176 5246; baseline 0.001 -29"><span class='ocrx_word' id='word_1_624' title='bbox 132 5147 193 5218; x_wconf 93' lang='lat' dir='ltr'>tati</span> <span class='ocrx_word' id='word_1_625' title='bbox 211 5160 312 5225; x_wconf 92' lang='lat' dir='ltr'>sunt,</span> <span class='ocrx_word' id='word_1_626' title='bbox 338 5144 427 5232; x_wconf 87' lang='lat' dir='ltr'>fide,</span> <span class='ocrx_word' id='word_1_627' title='bbox 454 5144 489 5212; x_wconf 88' lang='lat' dir='ltr'>id</span> <span class='ocrx_word' id='word_1_628' title='bbox 514 5158 584 5227; x_wconf 89' lang='lat' dir='ltr'>est,</span> <span class='ocrx_word' id='word_1_629' title='bbox 608 5144 907 5233; x_wconf 88' lang='lat' dir='ltr'>operibusaDeo</span> <span class='ocrx_word' id='word_1_630' title='bbox 923 5149 1112 5229; x_wconf 87' lang='lat' dir='ltr'>mandatis,</span> <span class='ocrx_word' id='word_1_631' title='bbox 1164 5168 1198 5225; x_wconf 92' lang='lat' dir='ltr'>et</span> <span class='ocrx_word' id='word_1_632' title='bbox 1222 5153 1470 5224; x_wconf 88' lang='lat' dir='ltr'>Mediatorem.</span> <span class='ocrx_word' id='word_1_633' title='bbox 1529 5155 1650 5246; x_wconf 85' lang='lat' dir='ltr'>Quare</span> <span class='ocrx_word' id='word_1_634' title='bbox 1674 5158 1900 5228; x_wconf 89' lang='lat' dir='ltr'>manifestum</span> <span class='ocrx_word' id='word_1_635' title='bbox 1926 5170 1998 5241; x_wconf 91' lang='lat' dir='ltr'>est,</span> <span class='ocrx_word' id='word_1_636' title='bbox 2036 5171 2138 5225; x_wconf 84' lang='lat' dir='ltr'>errare</span> <span class='ocrx_word' id='word_1_637' title='bbox 2172 5156 2176 5211; x_wconf 74' lang='grc' dir='ltr'>ἑ</span> 
     </span>
     <span class='ocr_line' id='line_1_96' title="bbox 131 5242 2176 5349; baseline 0.001 -35"><span class='ocrx_word' id='word_1_638' title='bbox 131 5248 213 5316; x_wconf 92' lang='lat' dir='ltr'>insti</span> <span class='ocrx_word' id='word_1_639' title='bbox 244 5270 384 5327; x_wconf 89' lang='lat' dir='ltr'>sumus,</span> <span class='ocrx_word' id='word_1_640' title='bbox 422 5269 496 5313; x_wconf 90' lang='lat' dir='ltr'>non</span> <span class='ocrx_word' id='word_1_641' title='bbox 527 5245 693 5335; x_wconf 89' lang='lat' dir='ltr'>operibus</span> <span class='ocrx_word' id='word_1_642' title='bbox 721 5247 955 5319; x_wconf 86' lang='lat' dir='ltr'>traditionum</span> <span class='ocrx_word' id='word_1_643' title='bbox 987 5245 1112 5320; x_wconf 86' lang='lat' dir='ltr'>huma-</span> <span class='ocrx_word' id='word_1_644' title='bbox 1164 5252 1373 5339; x_wconf 89' lang='lat' dir='ltr'>monachos,</span> <span class='ocrx_word' id='word_1_645' title='bbox 1405 5282 1483 5326; x_wconf 92' lang='lat' dir='ltr'>cum</span> <span class='ocrx_word' id='word_1_646' title='bbox 1506 5260 1655 5345; x_wconf 87' lang='lat' dir='ltr'>docent,</span> <span class='ocrx_word' id='word_1_647' title='bbox 1690 5254 1853 5329; x_wconf 86' lang='lat' dir='ltr'>homines</span> <span class='ocrx_word' id='word_1_648' title='bbox 1885 5259 1961 5328; x_wconf 88' lang='lat' dir='ltr'>suis</span> <span class='ocrx_word' id='word_1_649' title='bbox 1985 5253 2139 5349; x_wconf 89' lang='lat' dir='ltr'>operilnu</span> <span class='ocrx_word' id='word_1_650' title='bbox 2173 5242 2176 5281; x_wconf 70' lang='lat'>³</span> 
     </span>
     <span class='ocr_line' id='line_1_97' title="bbox 131 5342 2176 5457; baseline 0.008 -43"><span class='ocrx_word' id='word_1_651' title='bbox 131 5369 271 5420; x_wconf 85' lang='lat' dir='ltr'>uarum.</span> <span class='ocrx_word' id='word_1_652' title='bbox 335 5343 411 5417; x_wconf 84' lang='lat' dir='ltr'>Alii</span> <span class='ocrx_word' id='word_1_653' title='bbox 445 5342 512 5416; x_wconf 89' lang='lat' dir='ltr'>boc</span> <span class='ocrx_word' id='word_1_654' title='bbox 548 5348 655 5418; x_wconf 91' lang='lat' dir='ltr'>modo</span> <span class='ocrx_word' id='word_1_655' title='bbox 685 5349 902 5441; x_wconf 83' lang='lat' dir='ltr'>depravant,</span> <span class='ocrx_word' id='word_1_656' title='bbox 944 5352 1034 5434; x_wconf 86' lang='lat' dir='ltr'>fide,</span> <span class='ocrx_word' id='word_1_657' title='bbox 1075 5355 1112 5425; x_wconf 91' lang='lat' dir='ltr'>id</span> <span class='ocrx_word' id='word_1_658' title='bbox 1162 5373 1225 5430; x_wconf 91' lang='lat' dir='ltr'>ant</span> <span class='ocrx_word' id='word_1_659' title='bbox 1256 5359 1446 5431; x_wconf 84' lang='lat' dir='ltr'>virtutibus</span> <span class='ocrx_word' id='word_1_660' title='bbox 1477 5364 1605 5432; x_wconf 89' lang='lat' dir='ltr'>mereri</span> <span class='ocrx_word' id='word_1_661' title='bbox 1639 5361 1885 5433; x_wconf 89' lang='lat' dir='ltr'>remissionem</span> <span class='ocrx_word' id='word_1_662' title='bbox 1916 5373 2138 5457; x_wconf 85' lang='lat' dir='ltr'>peccatoram·</span> <span class='ocrx_word' id='word_1_663' title='bbox 2174 5378 2176 5391; x_wconf 90' lang='grc'><strong><em>·</em></strong></span> 
     </span>
    </p>
   </div>
   <div class='ocr_carea' id='block_1_14' title="bbox 0 0 2282 5780">
    <p class='ocr_par' dir='ltr' id='par_1_19' title="bbox 0 0 2282 5780">
     <span class='ocr_line' id='line_1_98' title="bbox 0 0 2282 5780; baseline 0 0"><span class='ocrx_word' id='word_1_664' title='bbox 0 0 2282 5780; x_wconf 95' lang='lat' dir='ltr'> </span> 
     </span>
    </p>
   </div>
  </div>
 </body>
</html>
