4530 5776
67 212 114 294 25
480 214 564 290 ΧΠ.
624 209 1459 289 uuauuat’totunvauu.1oatttus.
1509 208 1615 287 CAP.
1642 210 1669 285 l.
2052 214 2118 291 Μ

67 399 182 480 postes
196 385 417 459 refellemus.
469 385 577 458 Prius
598 389 696 459 enim
711 389 909 480 simplicem
926 402 961 463 ct
978 408 1061 478 per·
1110 387 1285 457 abiectum
1305 397 1341 457 ει
1361 382 1736 470 maledictumaDeo,
1763 384 1945 476 intelligit.
1981 379 2103 457 vChri·

66 503 206 586 panem
228 484 415 560 Ecclesiae
440 490 650 560 sententiam
672 491 849 576 recitabo,
876 505 911 561 et
925 487 1063 561 adhnr-·
1110 505 1185 560 stus
1201 504 1319 561 auteur
1334 489 1509 559 intellexit
1524 502 1560 560 et
1574 489 1731 560 sentiens
1746 484 1838 559 hauc
1850 500 1986 559 tantam
2001 488 2103 574 iram,

67 611 117 664 tor
135 591 242 683 pios,
277 604 319 661 nt
348 592 525 664 retineant
552 589 700 684 phrasin
726 607 903 673 veterum,
931 594 993 687 qui
1010 593 1061 662 sic
1113 618 1175 683 pro
1194 592 1299 662 nobis
1314 615 1391 661 eam
1407 592 1589 668 sustinuit.

66 695 167 766 locuti
201 706 314 765 sunt:
358 693 516 767 Verbum
550 697 715 766 assumsit
735 709 898 766 naturam
931 690 1062 767 huma-
1216 692 1312 765 ldem
1329 696 1430 764 docet
1445 692 1578 764 Paulus
1596 695 1638 762 ad
1656 687 1789 785 Philip.
1801 694 1855 763 2:
1881 688 1961 763 Hoc
1976 695 2103 763 sentite

68 820 163 875 nam,
193 799 245 867 ita
263 810 307 867 ut
325 797 371 866 sit
385 812 457 867 uua
480 822 631 888 persona
647 796 744 868 lesus
758 793 933 872 Christus.
987 796 1060 866 Nec
1110 799 1303 881 intervos,
1330 790 1693 891 quodletiuChristo
1713 793 1811 875 lesu,
1837 794 2104 889 quicumesset

66 899 334 989 imaginandum
349 914 399 970 est
415 895 607 970 humanam
622 914 785 970 naturam
804 913 942 971 tantum
953 899 1060 970 fuisse
1111 900 1150 969 in
1167 900 1280 968 forma
1297 896 1382 982 Dei,
1412 922 1486 968 non
1501 900 1663 989 rapinam
1680 897 1783 969 duxit
1797 921 1833 967 εε
1849 921 2001 991 aequare
2016 896 2104 987 [lep.

66 999 259 1093 hospitium
282 1002 428 1073 divinae
454 1015 611 1077 naturae.
663 1003 764 1074 Sicut
791 998 927 1073 habitat
943 1001 1061 1093 Spiri-
1110 1003 1170 1071 sed
1196 1002 1349 1093 seipsum
1372 1001 1588 1082 exinanivit,
1629 1000 1781 1071 formam
1804 1000 1896 1069 servi
1916 996 2104 1093 accipiens,

65 1117 283 1175 tussanctus
297 1103 337 1172 in
361 1106 513 1187 renatis,
538 1119 637 1176 etest
661 1104 700 1175 in
729 1107 779 1174 cis
803 1106 934 1176 efficax.
987 1103 1059 1174 Sed
1111 1104 1400 1173 insimilitudine
1423 1097 1756 1185 hominumfactus‚
1781 1099 2106 1173 ethahituiuven³

63 1212 145 1277 duae
161 1220 324 1277 naturae
334 1207 456 1276 divina
472 1220 508 1277 et
521 1202 676 1277 humana
691 1221 775 1278 sunt
787 1206 908 1279 unitae
925 1206 1060 1277 unione
1112 1221 1168 1295 tus
1185 1220 1225 1278 ut
1243 1202 1363 1290 homo,
1387 1201 1590 1276 humiliavit
1604 1206 1779 1298 seipsum,
1807 1205 1919 1275 iactus
1936 1205 2105 1275 obediens

62 1306 304 1404 hypostatica,
329 1323 371 1379 ut
396 1323 530 1379 veteres
556 1309 793 1394 leontianus,
820 1303 888 1380 hoc
914 1320 983 1391 est,
1010 1308 1060 1380 ita
1110 1332 1222 1403 usque
1247 1313 1290 1378 ad
1315 1323 1484 1394 mortem,
1522 1324 1672 1378 mortem
1697 1322 1814 1377 autem
1841 1306 1967 1381 crocis.
2027 1303 2106 1377 Etsi

60 1426 94 1482 nt
114 1434 192 1480 una
217 1410 270 1481 sit
296 1435 458 1503 persona.
511 1410 596 1482 Ideo
616 1408 845 1501 Evangelista
870 1406 930 1481 hic
955 1410 1058 1482 dicit:
1111 1412 1173 1481 alii
1188 1410 1275 1481 alias
1300 1410 1607 1502 interpretationes
1630 1412 1790 1495 addunt,
1816 1423 1935 1479 tamen
1964 1410 2106 1500 simpli-

57 1510 222 1584 Verbum
258 1537 343 1582 caro
367 1516 591 1599 factumest,
628 1515 731 1607 quasi
754 1514 866 1585 dicat:
898 1508 1059 1583 Verbum
1111 1513 1251 1585 cissima
1283 1527 1334 1583 est
1357 1514 1395 1582 iu
1421 1538 1462 1583 eo
1485 1504 1589 1582 Pauli
1614 1512 1691 1584 loco
1724 1512 1910 1585 sententia.
1980 1510 2106 1581 Forma

53 1640 125 1684 non
150 1629 302 1687 tantum
326 1616 532 1686 adiunctum
549 1631 618 1706 est,
651 1631 820 1687 utcomes
842 1616 1060 1707 separabilis,
1111 1615 1283 1706 significat
1307 1630 1457 1707 utroque
1484 1614 1562 1685 loco
1586 1613 1868 1685 similitudinem.
1929 1611 2106 1703 Quicum

50 1720 109 1788 sed
126 1718 274 1789 sactum
298 1733 351 1788 est
372 1711 502 1803 homo,
534 1718 656 1788 lucens
679 1719 718 1788 iu
746 1733 819 1791 tota
842 1734 968 1789 natura
990 1714 1059 1789 hu·
1112 1734 1200 1789 esset
1217 1720 1254 1788 in
1274 1720 1386 1787 forma
1401 1716 1490 1797 Dei,
1517 1717 1553 1788 id
1578 1731 1650 1802 cst,
1675 1731 1763 1787 esset
1780 1712 1908 1785 similis
1926 1712 2024 1801 Deo,
2051 1740 2105 1789 εει,

48 1844 187 1904 mana,
215 1834 379 1913 quaeest
396 1820 563 1903 eiunita,
590 1821 637 1892 ita
664 1836 704 1892 ut
727 1821 773 1891 sit
800 1843 871 1891 una
896 1844 1057 1913 persona.
1112 1824 1230 1913 picus,
1264 1820 1395 1905 iustus,
1428 1820 1547 1905 fortis,
1579 1818 1742 1910 superior
1766 1832 1899 1903 morte,
1932 1819 2106 1888 datorvi-

48 1920 234 1992 Arbitror
267 1936 300 1991 et
323 1919 476 1994 Paulum
503 1922 656 1994 voluisse
682 1924 776 1993 idem
801 1923 936 2008 dicere,
977 1948 1057 1993 cum
1113 1941 1184 2007 tae,
1217 1922 1373 2020 denique
1393 1923 1552 1992 divinam
1579 1918 1714 1994 hahens
1739 1921 1951 2012 potentiam,
1986 1935 2106 2007 tamen

45 2028 116 2094 ait:
155 2022 207 2093 ln
223 2018 368 2096 Christo
386 2024 651 2115 plenitudinem
674 2023 873 2096 divinitatis
899 2018 1060 2095 habitare
1112 2051 1185 2095 non
1207 2025 1385 2115 arrogavit
1399 2026 1473 2095 sibi
1494 2022 1743 2118 aequalitatem
1761 2018 1850 2107 Ilei,
1876 2023 1912 2091 id
1936 2036 2006 2107 est,
2033 2030 2106 2092 uoti

46 2128 316 2218 corporaliter,
349 2128 383 2195 id
409 2140 482 2211 est,
508 2128 750 2217 personaliter.
802 2125 891 2196 Nam
908 2143 946 2198 ut
962 2152 1059 2197 nunc
1112 2128 1217 2219 gessit
1236 2151 1273 2198 se
1297 2141 1464 2221 tanquam
1486 2126 1670 2222 aequalem
1694 2116 1792 2209 Deo',
1831 2138 1870 2194 ιιι
1893 2149 1965 2194 uon
1990 2138 2108 2216 posset

45 2230 188 2300 usitate
203 2230 358 2297 dicimus
382 2253 588 2320 personam,
613 2230 662 2300 ita
679 2229 807 2302 Graeci
834 2228 1059 2301 usitatissime
1113 2230 1187 2321 pati
1201 2243 1234 2300 et
1253 2229 1356 2313 mori,
1382 2231 1441 2298 sed
1457 2230 1611 2321 seipsum
1627 2226 1842 2312 exinanivit,
1871 2227 1985 2313 idest,
2010 2228 2107 2297 exuit

46 2332 232 2401 dixerunt
248 2321 420 2421 σώματα.
1112 2335 1211 2403 illam
1238 2330 1307 2402 Dei
1329 2330 1624 2413 similitudinem,
1656 2355 1730 2401 non
1760 2352 1862 2422 posse
1894 2330 1989 2421 pati,
2032 2354 2106 2397 uou

156 2432 332 2504 Secundo
350 2456 431 2503 cum
454 2430 601 2502 dicitur:
636 2430 796 2505 Verbum
819 2457 901 2503 caro
926 2433 1058 2504 iactum
1113 2460 1213 2529 posse
1229 2435 1340 2514 mori,
1367 2449 1401 2504 et
1417 2434 1529 2505 sactus
1544 2449 1595 2504 est
1610 2433 1738 2503 similis
1751 2426 1961 2523 homiuum,
1991 2433 2024 2499 id
2044 2447 2107 2510 est,

49 2548 121 2605 est.
182 2532 272 2605 Non
300 2536 476 2625 cogitetur
504 2537 751 2607 transmutatio
783 2559 845 2606 seu
874 2537 1060 2607 conversio
1114 2563 1194 2607 vere
1210 2532 1319 2605 homo
1340 2537 1522 2622 mortalis,
1547 2551 1582 2606 ει
1600 2530 1724 2631 habitu
1746 2532 1914 2604 inventus
1931 2551 1970 2604 ut
1986 2529 2107 2609 horuo',

49 2635 158 2707 verbi
179 2637 223 2705 in
237 2650 403 2708 naturam
428 2632 642 2717 humanam,
668 2652 708 2709 ιιι
724 2662 804 2708 cum
821 2639 927 2708 dicis:
954 2637 1058 2733 Aqua
1113 2642 1149 2710 id
1169 2653 1238 2724 est,
1270 2638 1456 2711 affectibus
1476 2639 1700 2710 naturalibus
1723 2637 1891 2708 omuibus
1912 2636 2107 2728 praeditus.

51 2740 382 2811 estfactavinum.
432 2735 524 2809 Cera
549 2740 711 2811 estfacta
735 2741 839 2830 ignis.
892 2740 982 2810 Nam
999 2766 1059 2811 su·
1112 2734 1257 2828 esuriit,
1288 2740 1394 2831 sitiit,
1429 2740 1641 2831 defatigatus
1664 2754 1733 2824 est,
1764 2739 1908 2831 metuit,
1940 2737 2108 2830 speravit,

54 2842 294 2932 pradictum
327 2855 380 2911 est
412 2838 528 2939 λόγον
561 2863 637 2912 esse
668 2866 854 2934 personam
888 2844 1059 2915 divinam.
1112 2844 1247 2929 doluit,
1272 2845 1420 2914 laetatus
1436 2856 1505 2929 est,
1530 2843 1756 2938 lacrymavit,
1780 2842 1890 2911 iratus
1905 2857 1969 2927 est,
1996 2838 2107 2910 sensit
2180 2850 2183 2856 '

52 2942 140 3013 Non
157 2942 273 3034 igitur
287 2942 507 3032 extinguitur
530 2967 646 3037 neque
660 2945 881 3016 convertitur
896 2945 934 3014 in
952 2946 1058 3016 aliam
1112 2961 1245 3019 tantam
1261 2945 1498 3028 moesticiam,
1523 2959 1563 3016 ut
1580 2947 1723 3015 sudaret
1745 2944 1964 3035 sanguinem.
2014 2938 2107 3023 Cum

55 3069 152 3129 reru,
187 3046 253 3115 sed
279 3058 434 3119 assumta
461 3041 616 3116 humana
634 3061 762 3119 natura
786 3064 925 3129 manet,
960 3064 995 3122 et
1019 3050 1057 3118 iu
1112 3050 1206 3119 enim
1226 3062 1315 3118 esset
1328 3047 1469 3116 victima
1494 3072 1559 3137 pro
1584 3070 1712 3136 genere
1736 3040 1914 3130 humano,
1940 3058 2105 3136 expertus

55 3170 97 3216 ea
114 3147 228 3218 lucet.
1112 3168 1163 3225 est
1179 3174 1321 3222 sensum
1337 3151 1411 3219 irae
1427 3148 1496 3220 Dei
1516 3151 1684 3219 adversus
1707 3161 1889 3240 peccatum
1911 3148 1950 3215 iu
1977 3168 2106 3236 genere

159 3248 292 3319 Tertio
318 3273 401 3319 caro
423 3250 644 3339 intelligatur
667 3266 896 3322 nontantum
918 3276 1060 3344 corpus,
1112 3251 1282 3325 humano.
1333 3249 1430 3321 Haec
1445 3252 1574 3321 deinde
1588 3251 1826 3324 declarantur.
1871 3246 2000 3319 Pactus
2020 3250 2107 3318 ohe-
2152 3288 2157 3295 ,

57 3352 118 3420 sed
143 3364 248 3423 totus
269 3344 390 3426 homo.
447 3350 539 3421 Nam
562 3345 672 3450 λόγος
694 3355 860 3424 assumsit
882 3371 1059 3447 corpuset
1112 3357 1214 3427 diens
1243 3356 1424 3450 usquead
1449 3368 1618 3438 mortem,
1653 3364 1803 3422 mortem
1833 3365 1952 3423 autem
1979 3350 2105 3423 crucis.

57 3453 219 3525 animem
242 3448 449 3525 humanam.
508 3452 580 3525 Sed
600 3479 664 3525 cur
687 3457 815 3529 maluit
830 3454 1057 3547 Evangelista
1112 3457 1236 3553 Itaque
1249 3470 1291 3528 ut
1307 3452 1533 3546 Evangelista
1555 3480 1641 3527 usus
1664 3468 1717 3526 est
1741 3456 1887 3523 nomine
1910 3453 2045 3533 earnis,
2072 3466 2121 3522 et¹

58 3556 110 3625 uti
129 3555 377 3647 appellatione
409 3556 552 3625 carnis?
602 3555 678 3629 Cur
700 3582 774 3627 nou
804 3560 911 3643 dixit,
950 3553 1060 3657 λόγος
1111 3576 1273 3631 naturam
1292 3556 1502 3642 humanam,
1529 3572 1564 3629 et
1586 3556 1864 3628 imbecillitatem
1891 3556 2105 3646 significans.

59 3651 395 3728 iactusesthomo?
443 3653 520 3728 Etsi
544 3653 760 3731 hoevoluit:
786 3660 878 3730 Nam
893 3656 1058 3733 Christus
1112 3663 1163 3734 lta
1182 3661 1314 3732 Paulus
1330 3676 1364 3731 et
1379 3656 1573 3730 humanam
1595 3675 1761 3732 naturam
1783 3659 2046 3749 complectitur,
2072 3672 2105 3726 et

61 3783 140 3829 rere
162 3760 273 3830 etiam
296 3773 348 3830 est
368 3755 496 3845 Ιιιιιιιο,
527 3755 663 3832 habeus
684 3786 813 3853 corpus
836 3776 869 3833 et
891 3765 1058 3850 animam,
1110 3766 1279 3836 describit
1304 3764 1602 3847 imbecillitatem,
1650 3789 1729 3833 cum
1761 3762 1925 3831 uomiuat
1953 3762 2105 3829 foratam
2166 3778 2178 3789 ·

60 3876 97 3932 ut
113 3862 188 3932 alia
211 3861 327 3932 multa
347 3862 548 3932 testimonia
571 3877 766 3949 testantur,
799 3879 917 3936 tamen
935 3861 1057 3958 phrasi
1112 3868 1224 3952 servi,
1250 3880 1283 3935 et
1299 3867 1434 3960 inquit:
1463 3864 1610 3951 Habitu,
1636 3868 1753 3950 idest,
1779 3862 1964 3933 affectibus
1978 3864 2106 3930 inven-

59 3964 258 4056 srripturae
275 3986 340 4054 pro
362 3958 508 4034 homine
525 3964 615 4036 dixit
636 3991 799 4048 caruem,
828 3982 866 4039 ιιι
883 3970 1058 4058 significa·
1110 3987 1167 4042 tus
1185 3984 1222 4040 ιιι
1238 3964 1358 4037 homo.

60 4082 110 4137 ret
134 4066 421 4137 imbecillitatem
445 4081 481 4139 et
504 4069 768 4143 mortalitatem.
830 4069 931 4140 Talis
961 4074 1056 4141 enim
1213 4069 1402 4143 Caeterum
1421 4081 1457 4140 et
1471 4063 1539 4140 hoc
1555 4068 1747 4138 dicendum
1762 4079 1828 4136 est:
1854 4064 1933 4134 Etsi
1950 4065 1989 4132 iu
1998 4057 2106 4135 Chri-

61 4182 188 4240 aatura
207 4181 364 4239 assumta
380 4183 451 4255 est,
473 4193 567 4262 pirae
584 4186 636 4241 est
655 4172 835 4257 mortalis,
861 4175 1055 4265 etquidem
1110 4190 1163 4249 sto
1186 4170 1340 4245 humana
1366 4184 1494 4242 natura
1526 4171 1703 4248 mortalis,
1744 4192 1826 4237 vere
1854 4167 1923 4237 fuit
1949 4160 2104 4237 humans

60 4272 219 4342 subiecta
251 4265 449 4340 horrendae
474 4271 547 4340 irae
573 4284 608 4342 et
631 4275 765 4344 iudicio
793 4272 859 4343 Dei
888 4279 1057 4347 adversus
1111 4293 1256 4362 natura,
1298 4290 1418 4349 tamen
1439 4275 1509 4345 tuis
1538 4272 1614 4343 sine
1638 4283 1799 4363 peccato,
1834 4270 1981 4340 suerunt
2004 4268 2041 4336 iu
2063 4293 2105 4336 eo

62 4386 244 4464 mutum
259 4368 409 4443 hnmani
424 4374 574 4462 generis.
627 4373 744 4464 Quam
775 4378 863 4446 iram
888 4374 1057 4448 haecim-
1109 4404 1233 4451 omnes
1247 4378 1482 4472 appetitiones
1502 4377 1705 4457 ordinatae,
1729 4373 1851 4466 quales
1865 4369 1963 4442 Deus
1980 4373 2105 4440 condi·

62 4475 248 4547 berilliset
263 4476 423 4546 mortalis
437 4499 518 4545 caro
536 4476 575 4546 in
584 4472 729 4548 Christo
745 4480 926 4552 sustinuit.
954 4479 1057 4552 Hauc
1109 4485 1182 4570 dit,
1207 4482 1277 4553 fuit
1299 4480 1471 4573 appetitio
1488 4477 1575 4562 cibi,
1602 4489 1727 4568 potus,
1754 4474 1977 4564 defatigatio,
2003 4475 2107 4543 dolor

62 4578 339 4649 inenarrabilem
362 4573 649 4649 humiliationem
667 4581 878 4669 significavit
892 4580 1058 4676 Evange-
1109 4587 1287 4680 corporis,
1312 4597 1443 4664 metus,
1468 4602 1566 4670 spes,
1588 4579 1752 4661 tristitia,
1779 4578 1933 4661 laetitia,
1959 4576 2025 4655 ira,
2050 4590 2106 4644 aa·

62 4683 136 4753 lista
150 4679 393 4775 appellatione
416 4681 552 4765 carnis,
579 4696 618 4753 ut
641 4681 764 4753 Esaias
790 4684 928 4778 inquit:
961 4683 1055 4775 Quia
1111 4691 1185 4772 lus,
1212 4690 1271 4757 sed
1289 4681 1374 4754 haec
1388 4685 1534 4754 suerunt
1556 4684 1719 4753 ordinata
1736 4694 1771 4750 et
1785 4681 1862 4749 siue
1880 4692 2050 4770 peceato,
2065 4691 2107 4747 ut

10 4840 12 4855 .
62 4798 164 4875 ponet
180 4783 340 4852 animam
363 4807 462 4851 suam
487 4797 685 4885 peccatum,
709 4788 747 4855 id
767 4801 837 4871 εει,
865 4788 1056 4879 piaculum,
1098 4784 1321 4873 ‚tCorinth
1340 4787 1376 4861 6.
1398 4786 1545 4857 dicitur:
1572 4780 1667 4856 Eum
1692 4784 1755 4875 qui
1773 4806 1848 4851 non
1863 4782 1965 4851 novit
1980 4803 2105 4872 pecca·

63 4910 118 4957 seu
146 4883 302 4957 hostiam
329 4907 394 4973 pro
419 4901 578 4975 peccato,
614 4888 750 4961 videbit
770 4911 890 4958 semen
912 4890 1056 4980 longae·
1108 4909 1203 4974 tum,
1230 4889 1418 4984 pronubis
1442 4900 1621 4978 peceatum
1645 4886 1748 4969 iecit,
1782 4900 1820 4955 ut
1848 4906 1915 4954 nos
1941 4882 2104 4952 herenius

64 5014 152 5060 rum.
206 4983 255 5058 Et
276 4992 322 5057 ad
346 4986 501 5059 Galba
534 4990 668 5061 Factus
690 5015 753 5082 pro
777 4993 883 5062 nobis
904 4993 1055 5062 maledi·
1108 4991 1455 5067 iusticiaDeiineo.
1506 4986 1552 5060 Et
1570 4993 1613 5059 ad
1633 4986 1792 5060 Ebraens
1810 4985 1865 5062 sa
1896 4983 1979 5057 Nou
1995 4980 2103 5052 habe-

65 5106 172 5172 ctum.
203 5103 243 5161 ut
266 5089 635 5164 uosamaledictione
651 5094 851 5164 redimeret.
901 5092 974 5165 Nec
995 5121 1056 5167 co-
1109 5119 1186 5169 mus
1202 5093 1408 5190 pontificem
1425 5093 1487 5185 qtri
1506 5118 1579 5163 nou
1605 5092 1715 5184 possit
1732 5091 1884 5182 compati
1914 5087 2104 5157 iuli'rmita·

65 5197 245 5284 gundum
278 5206 329 5264 εει
355 5190 448 5263 hanc
476 5216 550 5264 esse
578 5195 855 5287 appellationem
881 5199 935 5267 rei
958 5198 1055 5269 levis.
1108 5204 1204 5272 tibus
1225 5199 1384 5280 uostris,
1408 5210 1582 5268 tentatum
1607 5208 1726 5266 autem
1749 5216 1813 5284 per
1836 5191 1958 5262 omnia
1979 5210 2105 5261 secun·

66 5294 224 5369 Humana
253 5297 347 5368 ratio
378 5320 455 5367 nnn
483 5296 653 5388 intelligit
677 5299 960 5389 magnitudinem
982 5302 1055 5372 irae
1107 5308 1193 5374 dum
1210 5299 1481 5374 similitudinem
1505 5311 1664 5369 nostram
1686 5295 1763 5367 siue
1785 5308 1937 5387 peccato.
1991 5289 2105 5362 hece·

68 5396 124 5471 Dei
140 5403 314 5473 adsersus
342 5413 537 5493 peecatum.
598 5398 684 5472 ldeo
711 5425 777 5474 nec
801 5402 888 5497 quid
912 5404 957 5473 sit
982 5428 1056 5475 esse
1078 5446 1082 5471 ι
1107 5411 1234 5477 damus
1250 5405 1359 5497 igitur
1373 5427 1454 5474 rum
1470 5401 1620 5483 fiducia,
1646 5414 1709 5473 etr.
