4522 5782
183 203 262 285 915

209 369 452 452 Commendo!
469 382 592 445 autem
606 367 713 441 Deus
729 362 836 437 nobis
850 385 958 434 suum
975 381 1150 432 amorem.

273 516 578 588 ‚commemorata
595 508 786 579 dilectione
808 502 900 572 redit
921 500 965 569 ad
980 499 1078 568 illam
1097 518 1177 587 par-

190 637 261 694 tem
285 618 434 710 epilogi,
462 639 566 709 quarn
590 612 791 681 instituerat
808 608 853 674 de
875 603 1089 681 salvatione,
1115 621 1176 668 seu
1267 658 1275 673 ‚

193 727 237 792 de
254 722 558 791 consummatione
582 712 743 783 beneficii
767 709 831 777 lilii
847 706 925 778 Dei.
976 701 1066 772 Cum
1082 698 1178 769 Deus
1231 759 1240 775 ,

193 848 259 894 nos
277 837 420 916 propter
437 816 618 890 Christum
635 816 807 883 immensa
824 805 1065 877 misericordia
1083 824 1177 870 rece-

194 928 305 1019 perit,
330 948 410 995 cum
431 944 583 991 essemus
606 918 750 999 iniusti,
776 923 910 1006 quanto
934 908 1045 994 magis
1067 918 1177 973 aeter-

196 1053 279 1099 nam
313 1028 460 1095 salutem
493 1022 620 1105 dabit,
659 1031 845 1109 postquam
874 1034 970 1079 nunc
1001 1004 1177 1079 iustificati

198 1154 319 1201 sumus
343 1128 424 1197 iusti
449 1124 620 1212 sangnine
641 1117 787 1191 Christi.
854 1111 957 1183 Hanc
982 1108 1192 1179 doctrinam·

198 1236 242 1303 de
259 1228 562 1301 consummatione
578 1221 737 1291 beneficii
754 1240 893 1288 necesse
909 1230 958 1284 est
976 1212 1077 1289 addi,
1098 1208 1180 1303 quia

201 1335 286 1428 quid
312 1336 489 1423 prodesset
511 1341 670 1419 receptos
699 1346 790 1405 esse,
828 1320 859 1388 si
884 1340 955 1386 nou
978 1325 1183 1408 sequeretur

200 1452 340 1506 aeterua
358 1433 464 1502 solus.
509 1428 607 1498 Haec
621 1425 802 1517 perspicua
823 1432 917 1492 sunt·

300 1554 461 1624 Sciamus
489 1563 604 1621 autern
633 1541 940 1617 et’dulcissimam
969 1530 1184 1606 consolatio-

199 1681 280 1726 nem
300 1658 391 1726 tradi
408 1658 574 1724 adversus
590 1650 767 1738 ingentem
783 1641 1074 1718 imbecillitatem,
1095 1654 1184 1725 quae

147 1823 150 1827 .
201 1761 337 1853 reliqua
353 1759 456 1829 estin
473 1753 545 1839 his,
570 1753 632 1847 qui
650 1746 826 1821 iustificati
845 1742 979 1813 suntin
995 1735 1062 1808 bae
1078 1739 1158 1807 vita.

302 1873 467 1957 Affirmat
482 1874 576 1943 enim
594 1865 658 1938 hos
672 1881 768 1937 certo
785 1858 952 1932 haeredes
967 1859 1059 1927 vitae
1073 1868 1186 1924 aeter-

202 2005 285 2050 nae:
319 2000 521 2072 qttanquam
548 1969 694 2042 haerent
719 1969 756 2036 in
782 1965 886 2034 nobis
909 1961 1079 2053 reliquiae
1104 1980 1182 2044 pcc·

203 2084 292 2167 eati,
318 2097 436 2151 tamen
452 2075 628 2147 iustificati
644 2093 765 2141 sumus
784 2066 955 2154 sanguine
969 2057 1122 2142 Christi,
1148 2059 1184 2126 id

202 2200 265 2266 est,
284 2198 465 2255 teneamus
481 2172 873 2249 hancconsolationern,
893 2190 957 2235 nos
974 2186 1046 2232 esse
1062 2184 1187 2230 recon-

201 2287 357 2365 ciliatos,
383 2286 418 2351 id
437 2298 503 2366 est,
530 2282 668 2370 placere
683 2274 759 2343 Deo
780 2283 923 2360 propter
941 2266 1184 2344 mediatorem,

203 2409 405 2482 quanquam
429 2405 550 2453 sumus
574 2378 713 2467 indigui
737 2389 773 2444 et
795 2371 945 2449 infirmi,
972 2381 1006 2437 et
1029 2386 1188 2481 expresse

204 2492 349 2561 dicitur:
384 2485 565 2555 lustilicati
588 2480 787 2570 sanguine,
823 2476 856 2542 id
881 2486 951 2553 est,
985 2469 1186 2537 obedientia

204 2589 357 2674 Christi,
382 2589 472 2657 sicut
496 2587 589 2655 insra
612 2583 761 2655 dicitur:
791 2576 859 2645 Per
884 2574 990 2641 ttnins
1017 2569 1188 2637 ohedien-

204 2696 289 2765 tiam
308 2693 390 2762 iusti
413 2691 678 2759 constituuntur
700 2680 815 2749 multi.
869 2673 913 2745 Et
939 2676 1189 2762 interpretatur

204 2798 279 2887 ipse
296 2793 354 2865 hic
375 2792 587 2864 vocabulum
613 2786 809 2863 iustificati,
834 2777 1007 2846 vocabulo
1030 2771 1189 2843 reconci-

204 2899 281 2969 liati
290 2950 302 2982 ,
328 2910 367 2968 ut
382 2897 532 2965 sciamus
548 2894 587 2961 iu
601 2888 795 2969 docabulo,
821 2882 926 2963 lusti,
953 2890 1116 2967 oportere
1133 2874 1189 2941 iu-

208 3002 320 3091 telligi
342 2997 570 3074 relationem,
598 2991 761 3063 videlicet
784 2980 1107 3056 reconciliationem
1130 2998 1190 3043 seu

205 3102 493 3193 acceptationem,
517 3122 606 3194 quac
620 3098 658 3165 fit
671 3104 816 3185 propter
832 3085 1062 3157 mediatorem
1076 3078 1191 3149 Deum

205 3202 453 3276 mmmmm

309 3320 356 3392 Et
378 3337 497 3390 tamen
531 3340 653 3386 verum
682 3327 754 3396 est,
793 3308 884 3379 sicut
916 3305 1008 3374 infra
1041 3301 1190 3372 dicitur:

206 3424 275 3495 Per
292 3423 474 3496 Christum
499 3419 576 3488 dari
598 3416 745 3505 gratiam
770 3426 805 3481 ct
829 3413 983 3478 donum:
1009 3402 1099 3474 Cum
1123 3402 1191 3469 lide

208 3526 533 3600 reconciliationem
565 3512 885 3610 apprehendimus,
924 3506 1093 3577 vivificari
1126 3526 1191 3571 nos

208 3655 271 3723 per
285 3631 419 3711 lilium,
442 3624 621 3711 sicutipse
638 3619 770 3710 inquit:
797 3611 873 3702 Ego
890 3611 996 3682 vitam
1014 3623 1191 3679 aeternam

208 3740 254 3803 do
277 3734 337 3803 eis.
401 3727 505 3799 ltem:
542 3722 614 3812 Qui
639 3718 901 3803 haltetfiliutn,
935 3711 1044 3783 hahet
1072 3712 1194 3779 vitam.

208 3835 316 3906 ltem:
349 3827 419 3903 Dat
442 3829 546 3902 nohis
570 3832 614 3899 de
636 3824 772 3915 Spiritu
800 3841 876 3887 suo.
937 3815 1006 3887 Sed
1036 3812 1195 3903 praeclu-

209 3963 286 4009 cere
319 3936 417 4005 illam
451 3931 728 4005 consolationem
763 3933 920 4014 oportet,
954 3941 1043 4010 quae
1074 3911 1196 3984 statuit

206 4066 273 4112 nos
295 4055 438 4131 propter
461 4036 688 4105 mediatorem
711 4026 826 4098 Deum
848 4037 882 4092 et
905 4018 1110 4099 huminem,
1141 4037 1196 4082 re-

207 4145 278 4236 cipi
300 4158 335 4214 et
357 4142 511 4233 placere,
542 4138 631 4208 sicut
655 4128 714 4201 hic
735 4126 868 4222 inquit:
903 4119 1083 4197 lustificati
1112 4140 1195 4186 san-

205 4247 325 4342 guine.
366 4308 369 4317 .

501 4407 719 4485 Gloriaotes
737 4403 776 4474 in
792 4396 887 4472 Deo.

311 4569 391 4640 Non
416 4568 608 4658 gloriantes
629 4566 666 4632 in
690 4555 914 4646 nobisipsis,
940 4548 1091 4633 horest,
1116 4573 1190 4618 non

782 188 911 265 rute.
933 182 1054 261 uun
1080 114 1618 261 materauxucurtca
1728 178 1766 271 g
1808 228 1814 235 .
1977 160 1981 171 ·

2146 174 2217 249 illd

1329 347 1575 441 Opponantnr
1590 363 1707 420 autern
1724 361 1757 418 et
1772 342 1861 419 haee
1876 348 1972 419 dicta
1995 361 2143 419 nostrae
2163 349 2215 418 in·

1228 453 1403 533 firmitati,
1438 467 1472 522 ct
1500 466 1693 525 statuamus
1722 464 1858 520 certum
1890 474 1967 520 esse
1996 451 2215 534 beneficium,

1228 555 1456 624 donationem
1486 556 1578 624 vitae
1611 569 1774 622 aeternae
1806 565 1954 643 propter
1975 552 2214 636 mediatorem,

1230 657 1366 726 etiarnsi
1391 654 1508 726 adhuc
1534 654 1683 725 liaerent
1705 655 1744 724 in
1767 656 1872 723 nobis
1889 654 2067 748 reliquiae
2086 655 2216 743 pcccati,

1231 773 1326 829 auxta
1349 760 1501 828 dictum:
1537 757 1644 827 Nulla
1666 781 1763 826 nuuc
1778 758 1961 829 damnatio
1988 771 2041 827 est
2066 752 2142 840 his,
2165 759 2214 848 qui

1231 862 1269 929 in
1287 852 1430 931 Christo
1449 859 1528 932 lesu
1550 859 1745 928 ambulant.

1231 1024 1335 1098 Sicut
1356 1049 1423 1123 per
1446 1051 1560 1097 unum
1587 1018 1771 1094 hominem
1786 1017 1970 1120 peccatum
1988 1020 2030 1094 s'n
2047 1019 2231 1094 mundum·

1602 1126 1756 1196 intrusit
1779 1136 1841 1199 etc.

1333 1264 1508 1355 Superior
1528 1289 1608 1355 pars
1624 1262 1806 1356 Epistoltte
1824 1264 1989 1355 exposuit
2014 1264 2215 1354 propositio·

1237 1392 1339 1451 nem,
1373 1367 1556 1436 iustificari
1582 1362 1746 1438 homines
1769 1367 1837 1434 fide
1859 1382 2006 1457 propter
2029 1367 2145 1435 lilium
2163 1365 2215 1435 llci

1237 1471 1492 1552 mediatorem,
1531 1494 1605 1538 non
1635 1485 1780 1561 propter
1811 1469 1943 1558 legem,
1984 1482 2051 1538 aut
2084 1483 2213 1560 propter

1236 1586 1355 1641 nostra
1398 1593 1524 1660 opera,
1574 1586 1609 1642 et
1640 1571 1877 1665 propositioni
1917 1570 2064 1642 addidit
2107 1570 2217 1641 confir·

1238 1675 1442 1744 mationem.

1339 1774 1443 1844 Nunc
1465 1774 1563 1844 velut
1587 1798 1721 1845 novum
1747 1774 1879 1844 librum
1902 1775 2056 1843 incoans
2080 1772 2216 1845 instituit

1237 1871 1429 1962 ἀνάλυσιν,
1456 1876 1493 1944 iu
1510 1901 1578 1971 qua
1593 1878 1738 1966 exponit
1754 1877 1892 1965 singula
1907 1876 2103 1961 voeabula,
2128 1877 2212 1944 vide·

1238 1982 1319 2049 licet
1359 1979 1510 2068 peccati,
1543 1978 1666 2068 Legis,
1704 1976 1869 2064 Gratiae,
1902 1993 1936 2050 et
1962 1979 2110 2068 copiose
2131 1980 2214 2047 docet

1242 2079 1455 2164 Ecclesiam,
1490 2083 1584 2149 unde
1609 2082 1654 2150 sit
1677 2096 1856 2170 peccatum
1867 2130 1880 2162 ‚
1915 2095 1952 2151 et
1975 2081 2041 2173 qui
2065 2081 2135 2150 sint
2154 2082 2214 2149 cius

1239 2184 1393 2255 effectus.
1436 2180 1575 2251 Deinde
1591 2183 1670 2276 quis
1687 2183 1732 2253 sit
1747 2182 1891 2251 effectus
1906 2182 2119 2275 principalis
2131 2181 2212 2269 legis.

1240 2286 1361 2352 l’ostea
1378 2287 1475 2354 unde
1489 2285 1535 2355 sit
1551 2285 1682 2375 gratia,
1709 2285 1796 2378 quid
1812 2286 1876 2370 sit,
1904 2300 1939 2358 et
1954 2309 2052 2378 quae
2068 2284 2214 2355 beneficis

1241 2388 1502 2478 complectatur.

1585 2551 1693 2652 Quid
1714 2555 1764 2626 sit
1790 2549 1886 2632 Lex.

1341 2691 1415 2761 Lex
1432 2694 1577 2762 moralis
1600 2711 1650 2763 est
1674 2709 1815 2763 aeterna
1838 2707 1871 2764 et
1890 2695 2041 2763 immota
2065 2692 2213 2784 sapientis

1242 2810 1275 2867 ct
1290 2819 1414 2864 norma
1438 2796 1596 2865 iusticiae
1620 2797 1656 2864 in
1681 2796 1778 2874 Deo,
1815 2796 1987 2886 patefacta
2013 2790 2214 2877 horninibus,

1243 2899 1416 2968 transfusa
1440 2899 1478 2965 in
1495 2921 1559 2967 nos
1582 2898 1690 2965 simili
1716 2898 1795 2966 lnce
1821 2898 1857 2965 in
1882 2897 2089 2984 creatione,
2114 2914 2145 2966 et
2166 2888 2214 2985 pe·

1244 3015 1313 3069 stca
1329 3000 1549 3090 promulgata
1568 3001 1605 3066 in
1621 2996 1818 3097 Decalogo‚
1851 3014 1889 3069 ut
1902 3000 2060 3069 sciamus
2078 3003 2168 3094 quod
2183 2997 2213 3065 sit

1245 3101 1358 3182 Deus,
1384 3115 1418 3172 et
1441 3102 1554 3194 qualis
1577 3102 1642 3177 sit,
1666 3117 1700 3171 et
1723 3104 1968 3170 discernamus
1990 3127 2074 3171 enm
2097 3099 2213 3171 amalis

1245 3203 1399 3285 naturis,
1434 3218 1468 3272 et
1494 3202 1733 3288 intelligamus
1755 3227 1820 3270 uos
1844 3217 2010 3293 oportere
2037 3205 2069 3272 ei
2092 3204 2211 3272 conlor·
2249 3244 2253 3262 «

1245 3330 1315 3374 mes
1333 3327 1424 3388 esse,
1450 3328 1573 3374 omues
1590 3318 1765 3375 creaturas
1781 3305 1971 3375 rationales
1990 3302 2166 3395 obligans,
2185 3317 2210 3370 ut

1245 3408 1316 3477 sint
1340 3407 1446 3490 tales,
1472 3408 1592 3497 quales
1618 3407 1678 3475 illa
1695 3407 1865 3495 sapientia
1883 3408 1949 3477 Dei
1965 3430 2044 3475 esse
2057 3406 2213 3498 praeripit,

1247 3509 1427 3601 postulans
1459 3509 1632 3597 integram
1661 3510 1918 3592 obedientiam,
1958 3522 1994 3578 et
2017 3508 2212 3578 denuncians
2247 3556 2253 3586 ,

1245 3625 1421 3680 aeternam
1447 3611 1535 3679 iram
1559 3608 1625 3680 Dei
1648 3613 1834 3694 omnibus,
1860 3611 2023 3703 quinon
2048 3624 2133 3681 sunt
2149 3608 2212 3677 tata

1246 3715 1340 3784 iuxta
1366 3714 1538 3799 integram
1568 3714 1834 3793 obedientiam,
1876 3712 1947 3783 nisi
1976 3713 2040 3783 fiac
2072 3710 2209 3781 remissit
2247 3778 2250 3789 ,

1246 3818 1389 3908 propter
1415 3814 1542 3885 lilium.

1347 3931 1445 4002 Hace
1476 3932 1636 4003 definitio
1664 3933 1817 4003 sumitur
1846 3956 1886 4002 ex
1916 3934 2040 4004 verbis
2070 3926 2208 4017 Decalogi
2249 3978 2253 3996 .

1247 4032 1360 4107 Exod.
1382 4035 1444 4109 20.
1479 4049 1512 4106 et
1536 4060 1576 4104 ex
1600 4032 1724 4126 Capite
1749 4048 1873 4128 quarto
1896 4032 2024 4108 Dent:
2064 4032 2157 4105 Haec
2176 4042 2209 4100 ctt

1247 4139 1418 4227 sapientia
1442 4151 1555 4206 vestra
1576 4152 1610 4207 et
1634 4138 1834 4207 intellectus
1855 4150 1922 4210 etc.
1992 4137 2104 4208 ltem:
2136 4134 2206 4206 Dcttt

1247 4241 1338 4330 ignis
1362 4262 1573 4309 consumens
1594 4254 1657 4311 est.
1728 4238 1833 4309 ltem:
1867 4237 2088 4312 Maledictus
2117 4236 2208 4310 omnis
2249 4314 2253 4321 ¹

1246 4343 1306 4433 qni
1333 4366 1404 4409 non
1429 4354 1548 4411 manet
1576 4341 1613 4409 iu
1646 4342 1832 4422 omnibus,
1868 4365 1958 4435 quac
1984 4343 2025 4411 in
2050 4344 2125 4434 lege
2144 4338 2208 4409 scri·

1245 4460 1301 4536 pta
1318 4457 1411 4516 sunt.
1897 4480 1908 4493 ι

1339 4552 1540 4631 Prudenter
1557 4574 1673 4629 autem
1692 4561 1941 4631 discernantur
1961 4586 1984 4632 a
2010 4564 2087 4654 lege
2107 4554 2209 4631 morali
2250 4618 2253 4623 .

206 4675 401 4745 tribuentes
426 4671 549 4759 nobis,
583 4667 676 4759 quod
702 4681 841 4731 nostrae
864 4657 1037 4734 virtutes,
1070 4675 1189 4741 nostra
1241 4661 1502 4734 ceremoniates
1518 4675 1551 4731 et
1568 4660 1750 4732 Forenses.
1803 4662 1897 4753 Quia
1923 4667 2020 4734 enim
2038 4667 2133 4739 Deus
2147 4682 2208 4734 rott-
2248 4714 2253 4730 .,

206 4778 365 4860 novitas,
389 4785 508 4843 nostra
533 4769 657 4838 merita
674 4767 748 4834 sint
768 4784 869 4832 eausa
894 4755 1001 4827 huius
1023 4759 1111 4827 tanti
1128 4763 1189 4830 be·
1239 4766 1353 4835 stituit
1376 4766 1535 4856 politiam
1562 4763 1687 4847 tsraet,
1723 4778 1762 4833 ut
1788 4782 1903 4836 certus
1928 4752 2030 4838 locus
2054 4782 2156 4850 esset,
2184 4762 2209 4831 itt
2249 4816 2253 4825 .

206 4879 342 4961 nelicii,
366 4879 424 4944 sed
443 4875 542 4944 Deus
556 4885 700 4963 propter
715 4868 826 4936 lilium
845 4865 906 4932 dat
920 4857 1059 4940 Gratis,
1083 4875 1119 4930 et
1133 4887 1188 4931 re·
1239 4892 1310 4959 quo
1333 4892 1373 4935 ex
1404 4882 1496 4936 certa
1526 4868 1635 4956 stirpe
1656 4881 1857 4936 nasceretur
1878 4865 2068 4952 Christus,
2108 4885 2139 4941 et
2164 4860 2208 4937 ttbl
2250 4904 2253 4931 ÷

204 4981 488 5052 conciliationem
521 4988 556 5043 et
585 4974 693 5043 vitam
721 4982 911 5038 aeternam.
979 4964 1079 5034 Sicut
1101 4964 1186 5034 alibi
1239 4970 1516 5059 conspiceretur,
1543 4971 1702 5046 doceret,
1731 4971 1848 5038 ederet
1873 4972 2102 5058 testimonia,
2134 4984 2209 5060 pete·

203 5084 334 5178 inquit:
364 5080 436 5169 Qui
452 5077 635 5166 gloriatur,
657 5066 1048 5157 inDominoglorietur.
1080 5064 1186 5138 Item:
1239 5085 1354 5155 retur,
1387 5085 1420 5139 et
1441 5071 1634 5158 refugeret,
1673 5085 1756 5139 sunt
1778 5073 1921 5140 additae
1950 5072 2047 5161 leges
2077 5094 2209 5144 ceremo-

203 5184 372 5256 Gaudeus
399 5180 557 5271 gaudebo
582 5178 617 5242 iu
645 5173 818 5254 Doctrina,
847 5169 941 5261 qnod
968 5168 1186 5239 vestimentis
1237 5174 1348 5241 niales
1371 5186 1403 5243 et
1430 5174 1589 5242 forenses
1617 5172 1661 5239 ad
1682 5188 1814 5242 certum
1832 5188 1993 5264 tempus,
2021 5178 2103 5268 qnia
2120 5174 2209 5243 socie·

202 5289 358 5355 institiae
382 5284 500 5355 induit
525 5302 599 5360 mc,
630 5291 667 5347 ct
691 5274 900 5344 vestimento
928 5266 1052 5338 salutis
1078 5272 1184 5341 vesti·
1235 5288 1286 5343 tas
1306 5272 1459 5344 hnmana
1481 5277 1518 5363 in
1536 5269 1602 5342 hac
1619 5273 1716 5342 civili
1734 5277 1994 5345 consuetudine
2018 5302 2092 5347 non
2117 5282 2209 5368 potest

199 5388 250 5458 vit
274 5411 340 5455 me·
1233 5400 1306 5445 esse
1328 5379 1405 5448 sine
1426 5378 1553 5447 ordine
1579 5391 1613 5447 et
1635 5379 1712 5447 sine
1736 5376 1890 5447 iudiciis.
1956 5376 2087 5452 Voluit
2111 5392 2208 5449 auten
