4522 5782
38 264 42 271 .
112 196 212 277 esse
696 186 973 267 aaronem.
1000 120 1541 271 scateraaxucartcu
1970 133 1976 147 ’
2058 188 2140 265 rna

210 370 290 442 Hoc
306 371 411 440 modo
430 369 584 460 primum
606 387 752 455 persona
767 363 954 455 recipitur,
979 378 1100 456 postea
1250 355 1365 433 Erant
1379 361 1418 429 in
1435 356 1573 431 carcere
1589 356 1692 431 multi
1709 361 1824 433 sancti
1838 358 1929 451 viri,
1951 357 2049 433 inter
2067 384 2147 457 quos

110 474 268 558 novitas,
292 496 397 565 quam
414 471 521 540 eflicit
536 466 651 552 Dens,
676 481 727 537 est
741 466 900 557 iusticia,
928 481 1101 561 quatenus
1150 463 1218 535 tuit
1236 464 1292 533 vir
1307 461 1438 533 nobilis
1451 462 1613 549 Attalus,
1643 459 1921 555 irreprebeudit
1944 463 2072 544 alium,
2092 468 2145 558 qui

112 593 165 650 est
180 599 269 667 opus
283 573 364 646 Dei.
416 570 486 643 Sed
511 570 617 640 simul
642 564 759 638 adhuc
781 568 819 637 in
836 570 1104 639 nobismanent
1151 574 1415 655 tantumpane,
1441 567 1891 658 ealeataquavictitabat,
1915 565 2144 640 erutriceum

115 680 401 767 multopeccata,
429 674 510 743 ideo
536 671 953 762 personapropteraliod
979 683 1103 739 estac-
1153 690 1219 738 suo
1246 668 1408 758 exemplo
1443 669 1534 738 alios
1565 671 1734 750 turbare,
1772 670 1833 761 qui
1863 669 2147 759 imaginarentur,

117 795 235 871 cepta,
262 779 425 847 videlicet
452 786 597 865 propter
621 772 862 842 obedientiam
888 772 1105 849 mediatoris,
1155 794 1228 851 sese
1244 792 1319 838 non
1335 793 1407 839 esse
1424 785 1583 860 sanctos,
1609 773 1692 862 quia
1717 795 1791 839 uon
1809 783 1882 842 tam
1897 770 2044 842 duriter
2060 771 2148 839 viee-

116 906 207 977 quae
231 882 336 951 etiam
360 893 410 947 est
433 877 589 959 iusticia,
629 888 664 945 et
697 875 841 967 quidem
871 875 932 944 illa
957 873 1106 951 iusticia,
1155 885 1248 942 rent.
1322 867 1371 942 Ut
1394 888 1510 942 autem
1533 872 1595 942 illa
1619 887 1713 943 aetas
1734 886 1771 942 et
1793 896 1947 965 corpora
1973 872 2091 951 laesit,
2119 887 2148 943 et

116 997 391 1076 propterquam
424 1003 489 1047 nos
515 999 635 1046 sumus
663 976 730 1043 fide
753 977 896 1065 accepti.
964 975 1007 1044 ln
1039 970 1108 1043 hoc
1156 972 1416 1065 superstitiosas
1459 974 1651 1066 opiniones
1693 975 1831 1045 addidit
1873 974 2074 1058 exercitiis,
2107 975 2148 1042 ita

118 1086 278 1174 exemplo
305 1081 525 1157 consideres,
559 1093 731 1171 quantum
757 1078 918 1167 caliginis
945 1078 1113 1148 offundat
1157 1098 1254 1146 nunc
1277 1073 1403 1145 laxatis
1429 1077 1582 1147 vinculis
1605 1079 1861 1160 traditionum,
1887 1076 1998 1149 multi
2019 1076 2148 1146 inalte-

118 1186 180 1255 illa
204 1185 336 1277 species
360 1183 579 1273 sapientiae,
614 1195 647 1250 et
671 1204 777 1273 quarn
804 1180 959 1250 difficilis
987 1180 1029 1250 sit
1049 1200 1107 1248 ex·
1158 1202 1233 1248 ram
1253 1190 1386 1268 partem
1405 1191 1559 1270 peccant.
1613 1177 1693 1249 Non
1720 1202 1903 1249 servamus
1926 1179 2093 1249 ordinem
2116 1178 2149 1247 ia

30 1276 33 1283 ’
120 1286 277 1380 plicatio.
329 1283 398 1356 Sed
416 1282 649 1352 annitendum
667 1294 718 1350 est
735 1282 772 1349 in
788 1282 894 1351 bonis
909 1282 1046 1366 causis,
1070 1292 1111 1349 ut
1159 1281 1259 1363 cibo,
1281 1294 1366 1368 potu
1381 1293 1415 1349 ει
1430 1281 1623 1350 laboribus.
1673 1280 1850 1372 Tempora
1869 1283 1965 1352 iusta
1980 1280 2071 1364 cibi,
2094 1304 2149 1371 pn·

121 1403 156 1460 et
185 1386 470 1458 confirmationes
500 1384 618 1453 firmas
641 1398 841 1468 teneamus,
874 1397 909 1454 ct
937 1396 1110 1478 quantum
1160 1396 1236 1466 tus,
1262 1383 1523 1472 precationum,
1547 1384 1952 1468 laborum‚studiorum
1969 1384 2147 1451 sereuemo

123 1490 200 1559 lieri
227 1502 341 1581 potest
372 1486 587 1556 obiectiones
620 1485 802 1575 perspicue
830 1485 1031 1570 solvamus,
1072 1508 1112 1553 ac
1160 1498 1294 1566 servat,
1337 1487 1425 1552 etsi
1458 1485 1520 1577 'epu
1554 1485 1687 1556 vellent
1717 1510 1876 1566 servare,
1913 1486 2149 1576 impediuntur

123 1591 234 1660 simus
260 1611 432 1658 memores
460 1587 548 1655 dicti
577 1587 813 1656 Aristotelici:
853 1582 996 1658 Πολλοὶ
1029 1582 1113 1658 πλὲ-
1162 1585 1356 1655 barbaricis
1379 1587 1609 1658 oeconomiis.
1658 1585 1799 1657 Deinde
1815 1611 1926 1681 quam
1942 1586 2147 1669 multisunt,

127 1691 255 1774 ξαντες
269 1682 330 1783 εὖ,
357 1692 481 1770 κακῶς
494 1680 635 1759 λύουσι.
1162 1687 1224 1782 qui
1240 1682 1447 1757 helluantur
1464 1711 1590 1777 magna
1608 1701 1706 1781 parte
1729 1690 1864 1774 noctis,
1891 1690 2005 1782 idque
2027 1690 2147 1758 facium

1164 1790 1339 1873 securius,
1368 1790 1451 1883 quia
1474 1791 1626 1861 audiunt
1647 1790 1802 1860 inediam
1827 1815 1902 1860 non
1927 1813 2004 1859 esse
2027 1789 2147 1860 cultum

353 1919 445 2000 No„
458 1919 649 2021 parcendo
665 1922 810 2021 corgon·
823 1932 884 1996 m·
1165 1891 1267 2011 Dei..
1295 1888 1391 1961 Haec
1417 1892 1672 2012 consideranda
1693 1905 1794 2013 sunt,
1813 1907 1850 1964 ει
1871 1893 2090 2012 opponenda
2108 1903 2149 1960 est

1166 1991 1268 2063 Paule
1284 1993 1482 2064 admonitio
1498 2010 1648 2086 peccatis
1663 2008 1850 2088 utriusque
1866 2017 2022 2087 generas.

230 2097 417 2182 Vetustas,
442 2119 532 2190 quae
557 2094 627 2166 fuit
651 2095 826 2178 severior,
851 2093 964 2184 magis
985 2094 1117 2163 amavit

126 2201 350 2297 disciplinam
370 2213 405 2270 et
421 2197 585 2268 exercitia
600 2198 863 2285 temperantiae.
914 2195 1037 2289 Aliqui
1056 2221 1118 2265 ex·

126 2309 320 2376 tenderunt
341 2301 497 2371 inediam
523 2300 561 2367 in
580 2299 739 2369 triduum
763 2311 798 2368 ει
821 2297 937 2386 plnres
962 2299 1057 2380 dies,
1083 2312 1119 2369 et

129 2406 308 2476 laeserunt
330 2425 489 2492 corpora.
543 2397 665 2492 Aliqui
689 2400 792 2468 etiam
808 2400 1020 2469 affinxerunt
1035 2402 1118 2471 talia

130 2532 237 2599 opera
253 2528 327 2576 esse
341 2506 456 2574 cultus
474 2502 539 2572 Dei
548 2553 560 2586 ,
588 2502 762 2571 iusticiam
778 2513 814 2571 et
833 2502 1138 2588 satisfactionem,‘

130 2623 166 2680 et
189 2607 315 2676 mereri
337 2605 578 2674 remissionem
603 2603 728 2693 culpae
752 2614 785 2671 et
809 2626 963 2692 poenae,
997 2617 1035 2672 nt
1058 2629 1118 2673 ex·
1515 2657 1524 2672 .
1909 2660 1919 2677 ‚

131 2733 248 2803 presse
264 2708 403 2798 scripsit
419 2702 587 2778 Thomas.
641 2702 691 2773 lta
712 2704 813 2773 multi
832 2704 1022 2794 dupliciter
1038 2730 1120 2794 pec·
1169 2668 1248 2738 Μ’
1289 2669 1329 2724 m
1356 2656 1401 2723 de
1429 2679 1543 2725 ⁰⁸⁰⁸„
1567 2678 1633 2725 ¹¹⁰⁸
1664 2660 1980 2742 ⁰⁰¹⁰m⁰mf³⁰¹³¹2
2022 2670 2152 2751 Pml’l‘l

131 2824 312 2892 caverunt,
338 2809 493 2877 laesione
511 2829 699 2896 corporum
716 2819 751 2875 et
766 2806 863 2875 falsis
879 2807 1119 2896 opinionibus.
1169 2757 1396 2848 q⁰⁸⁸⁰rd¹ne
1415 2761 1686 2832 v¹⁹²⁰d⁰m²⁵¹·
1738 2758 1865 2829 H⁰¹¹⁰⁸
1883 2785 1983 2828 “¹¹¹¹''
2007 2782 2151 2851 imum

86 2910 89 2920 '
132 2911 275 2983 ldeoad
294 2905 522 2980 Timotheum
539 2906 671 2979 Paulus
696 2907 937 2997 gravissimam
955 2910 1117 2978 admoui·
1169 2858 1500 3048 ξξῑῖῃζὲἔοῗῖἐίεῗξ
1517 2860 2151 3058 ἓῗὲἓξωὲῃὲἓθὲἒθὲῑᾶἂῖιῦῑὶἔεῗ

130 3016 266 3086 tionem
288 3014 412 3083 tradit:
439 3008 631 3100 Corporale
647 3010 850 3080 exercitium
870 3013 912 3079 ad
937 3011 1117 3080 modicum
1315 3063 1323 3079 .
1548 3064 1557 3080 .
1635 3066 1643 3082 .
1758 3066 1767 3084 .
2079 3065 2089 3085 .

132 3116 313 3195 utileest,
339 3115 451 3206 pietas
474 3115 516 3182 ad
542 3113 663 3181 omnia
684 3110 783 3180 utilis
807 3124 869 3183 est.
929 3109 998 3180 Hic
1021 3137 1117 3181 exer·
1168 3077 1243 3145 Μ’
1263 3086 1326 3154 qm
1353 3085 1389 3131 ⁸²
1412 3063 1574 3183 pat‘stc'f
1596 3089 1703 3134 ¹¹¹¹⁸³⁰
1718 3065 1812 3187 ΨΜ
1840 3068 1996 3157 peffffl‘
2012 3085 2151 3158 ⁸³P'‘¹¹⁵’

1168 3186 1290 3247 verax,
1325 3165 1519 3248 beneficus,
1552 3180 1685 3252 iustus,
1717 3171 1844 3252 iudex,
1871 3182 2009 3252 castus,
2036 3187 2151 3238 curans

133 3232 216 3334 ⁸¹19
238 3232 279 3289 ω
304 3218 442 3333 ¹³b⁰i⁰⁸
462 3238 642 3333 fimus.
655 3227 688 3283 et
712 3213 892 3330 meii'am’
930 3237 1020 3331 9⁰³⁰
1050 3216 1117 3332 i¹b¹
1168 3261 1349 3350 homines,
1375 3266 1565 3336 exaudiens
1582 3283 1617 3339 et
1633 3271 1773 3338 salvans
1789 3284 1884 3342 recte
1901 3273 2120 3341 invocantes.

98 3372 104 3381 .
133 3341 283 3413 quisquc
303 3341 367 3387 suo
396 3319 528 3386 audino
553 3329 679 3399 sumit,
711 3328 886 3404 sapienter
906 3316 1076 3385 discernit
1097 3340 1117 3386 a

133 3422 281 3512 pietate,
307 3419 344 3487 id
367 3432 435 3497 εει,
467 3417 668 3485 necessariis
693 3416 868 3506 cultibus,
902 3430 935 3486 et
958 3416 1121 3509 loquitur
1268 3411 1314 3485 Et
1331 3419 1373 3486 ad
1391 3412 1563 3487 honorem
1577 3419 1756 3509 pertinent
1770 3416 1968 3510 haecdno,
1986 3422 2153 3501 videlicet,

135 3522 276 3590 diserte.
337 3515 464 3588 Cultus
485 3518 645 3587 nominat
671 3541 776 3607 opera
801 3519 993 3587 necessaria
1015 3544 1118 3588 man·
1167 3515 1253 3587 haec
1274 3518 1377 3588 lateri
1396 3535 1429 3588 et
1445 3520 1618 3590 subiicere
1634 3546 1698 3591 nos
1716 3520 1804 3594 Deo.
1852 3520 1982 3594 Postea
1998 3549 2081 3593 cum
2096 3517 2152 3589 ho-

135 3625 217 3692 data
231 3644 251 3689 a
265 3618 359 3700 Deo,
386 3643 459 3688 non
478 3622 526 3687 sie
539 3620 699 3689 'nominat
713 3618 780 3688 alia
795 3642 900 3708 opera
923 3643 997 3688 nou
1014 3644 1118 3690 man·
1168 3621 1325 3690 minibus
1342 3617 1456 3690 honos
1479 3623 1666 3707 tribuitur,
1692 3649 1829 3716 semper
1854 3623 2083 3715 intelligatur
2098 3623 2151 3696 lti-

135 3728 215 3795 data
239 3746 259 3792 a
286 3719 382 3809 Deo,
420 3721 479 3789 sed
502 3722 687 3806 exercitia,
719 3735 752 3789 ει
775 3725 973 3790 verecunde
998 3746 1119 3813 repre·
1169 3724 1233 3792 bui
1259 3737 1402 3815 propter
1431 3723 1576 3817 aliquod
1608 3727 1789 3810 divinum,
1823 3728 1859 3794 id
1893 3744 1963 3814 est,
2000 3730 2084 3822 qnia
2109 3726 2150 3794 ihi

133 3821 274 3897 hendit:
301 3821 358 3894 Ad
382 3824 561 3893 modicum
583 3823 684 3895 utilia
707 3836 801 3892 sunt.
855 3821 942 3893 Vult
965 3822 1118 3915 intelligi
1166 3821 1264 3894 Deus
1280 3825 1414 3919 aliquid
1431 3850 1492 3917 per
1506 3849 1580 3895 sese
1598 3829 1680 3917 agit,
1704 3843 1742 3899 ut
1759 3824 1875 3899 henos
1891 3828 2154 3913 debeturhlosi,

133 3928 214 4022 quis
235 3928 280 3997 sit
304 3951 426 3995 corum
451 3948 554 4009 usus,
587 3939 620 3995 et
644 3926 720 3994 vult
746 3925 891 3993 modum
914 3948 997 3994 esse.
1064 3929 1118 3997 Ac
1167 3924 1310 4008 Heliae,
1336 3927 1569 4020 quiacertum
1589 3945 1655 4010 est,
1680 3931 2152 4011 eosetmissosesseaDeo,

7 4025 10 4030 ’
132 4031 215 4122 quia
231 4052 333 4117 saepe
349 4028 387 4095 in
404 4022 558 4097 Ecclesia
574 4027 701 4097 stultae
717 4040 749 4096 et
764 4027 1025 4116 superstitiosae
1039 4030 1117 4120 opi·
1167 4042 1201 4098 ει
1218 4030 1395 4098 domicilia
1412 4027 1477 4098 Dei
1494 4054 1582 4113 esse,
1609 4046 1643 4101 et
1658 4034 1774 4102 lucere
1792 4031 1909 4104 Deum
1936 4060 1976 4105 ac
1995 4059 2099 4126 agere
2120 4032 2151 4099 in

132 4131 259 4200 niones
287 4130 331 4198 ad
365 4129 425 4199 illa
457 4128 619 4198 exercitia
652 4144 887 4199 accesserunt:
924 4130 1054 4199 multae
1084 4144 1118 4200 ει
1167 4132 1227 4199 εἰε.
1282 4129 1332 4200 lta
1356 4131 1575 4221 intelligatur
1603 4128 1717 4204 honos
1742 4136 1958 4208 tribuendus
1984 4163 2061 4208 esse
2083 4158 2150 4205 cot·

132 4234 285 4303 aliorum
308 4230 570 4300 admonitiones
600 4233 642 4298 de
669 4225 734 4298 hac
758 4254 796 4297 re
817 4231 994 4318 leguntur.
1062 4229 1118 4302 Ex
1167 4233 1264 4324 pori,
1290 4234 1372 4326 qnia
1390 4233 1484 4304 Deus
1508 4233 1665 4307 infundit
1687 4259 1760 4306 sese
1781 4238 1818 4306 in
1834 4240 2004 4308 membra
2030 4253 2152 4320 nostra,

134 4330 330 4403 Athanasio
349 4333 516 4402 recitatur
531 4327 599 4401 hoc
616 4333 749 4402 dictum
768 4333 936 4401 memoria
952 4333 1116 4422 dignum:
1167 4335 1206 4403 in
1223 4337 1366 4405 cerebro
1394 4335 1606 4424 cogitatione
1626 4339 1725 4408 verbi
1746 4341 1907 4412 accendit
1926 4342 2066 4426 lucem,
2091 4362 2151 4432 qua

132 4428 249 4509 καλὸν
281 4429 305 4527 ἡ
341 4431 493 4527 ἄσκησις
526 4428 621 4525 μετὰ
648 4430 815 4525 ἀληθοῦς
848 4427 1022 4531 γνώσεως
1051 4430 1117 4507 καὶ
1167 4462 1247 4507 eum
1278 4452 1371 4508 recte
1398 4439 1637 4526 agnoscimus,
1680 4456 1713 4512 et
1742 4440 1897 4512 involvit
1932 4466 2009 4514 sese
2043 4439 2150 4535 Spiri-

133 4530 372 4629 συμμετρίας.
437 4535 538 4604 Bona
565 4559 619 4603 res
645 4548 696 4605 est
719 4536 924 4607 exercitium
958 4538 1116 4629 corporis
1167 4552 1223 4610 tus
1252 4554 1391 4609 sanctus
1412 4540 1596 4628 spiritibus
1619 4543 1753 4626 cordis,
1786 4557 1819 4613 ει
1843 4547 1985 4615 cerebri
2015 4561 2051 4619 et
2076 4567 2150 4614 ner·

131 4662 211 4709 cum
233 4660 315 4706 vero
338 4637 518 4708 intellectu
544 4650 577 4706 et
600 4650 814 4724 congruente
838 4639 963 4723 modo,
996 4640 1116 4725 idest,
1166 4666 1311 4726 vorum,
1345 4655 1379 4711 et
1406 4655 1446 4710 ut
1474 4640 1614 4712 flamma
1638 4658 1776 4716 nostras
1805 4646 1968 4717 flammas
1995 4649 2149 4740 purificat

129 4740 195 4813 ubi
219 4750 270 4810 est
297 4738 382 4807 fides
402 4739 479 4807 sine
505 4735 690 4809 haereticis
716 4738 956 4828 opinionibus.
1016 4739 1115 4826 Item,
1165 4758 1199 4813 et
1222 4745 1349 4832 agitat,
1384 4755 1424 4811 ut
1449 4766 1527 4810 crim
1552 4739 1666 4814 David
1695 4747 1893 4837 praeliatur
1922 4750 2098 4820 invadens
2121 4759 2150 4815 et

128 4842 193 4914 ubi
214 4841 324 4911 scitur
344 4836 410 4910 hos
432 4840 571 4911 labores
594 4855 715 4911 nostro
731 4841 865 4911 iudicio
884 4856 1017 4912 sumtus
1040 4867 1114 4912 non
1165 4860 1389 4936 prosternens
1423 4839 1591 4929 Goliath,
1631 4871 1731 4918 mens
1763 4849 1926 4920 intuetur
1952 4852 2089 4939 Deum,
2121 4862 2148 4917 el

128 4965 202 5015 esse
215 4943 331 5016 cultus
348 4941 434 5026 Dei,
461 4967 535 5013 non
549 4942 744 5027 iusticiam,
771 4966 843 5011 non
867 4943 1051 5033 meritum,
1079 4959 1112 5014 et
1163 4949 1391 5037 cogitatuum
1418 4947 1539 5015 adesse
1560 4947 1598 5014 in
1623 4943 1777 5019 Ecclesia
1801 4975 1882 5035 sua,
1910 4955 2043 5043 repetit
2064 4951 2147 5040 cogi·

125 5046 189 5117 ubi
203 5042 289 5117 haec
304 5044 465 5115 exercitia
480 5058 563 5115 sunt
579 5045 786 5129 mediocria,
813 5045 862 5114 ibi
878 5046 969 5114 bona
985 5070 1040 5114 res
1062 5060 1111 5116 εει
1161 5053 1293 5121 tatione
1309 5043 1559 5139 promissiones
1583 5049 1740 5133 divinas,
1766 5067 1798 5122 et
1814 5054 1902 5144 petit
1918 5081 1937 5123 a
1955 5055 2035 5126 Deo
2058 5054 2147 5125 auxi·

124 5142 210 5217 haec
231 5147 450 5217 consuetudo
473 5170 510 5215 se
533 5146 718 5231 frenandi,
745 5147 826 5236 qnia
856 5160 940 5216 tuuc
961 5172 1110 5217 consue·
1160 5153 1248 5221 lium
1272 5151 1446 5222 divinum.
1512 5148 1564 5219 lta
1591 5147 1656 5220 hac
1678 5154 1892 5243 cogitatione
1916 5160 2018 5228 verbi
2042 5158 2146 5226 lucem

123 5252 211 5318 tudo
236 5244 330 5318 nihil
352 5249 450 5317 aliud
475 5263 544 5332 est,
575 5272 680 5340 quam
706 5248 883 5318 concinno
905 5250 1031 5320 ordine
1055 5251 1109 5321 vi·
1160 5255 1317 5324 accendit
1334 5253 1439 5331 tilius,
1456 5267 1491 5326 et
1510 5251 1665 5342 Spiritus
1682 5261 1898 5329 sanctusdat
1915 5262 2030 5329 robur
2047 5258 2145 5338 cordi,

124 5374 205 5419 vere
248 5364 341 5420 amat
358 5363 475 5420 autem
489 5362 616 5421 natura
629 5349 803 5421 ordinem.
1159 5371 1269 5427 armat
1288 5379 1416 5427 nervos
1435 5355 1474 5425 iu
1493 5348 1658 5427 brachiis.
1713 5356 1771 5430 Ita
1789 5380 1919 5454 corpus
1936 5348 2144 5439 Davidis'est

1266 2142 1445 2236 Praecipit
1472 2142 1604 2217 Paulus
1635 2141 1808 2218 bonorem
1838 2143 1977 2219 habere
2012 2146 2148 2239 corpori,

1167 2248 1290 2326 idest,
1316 2243 1486 2339 praecipit
1500 2251 1627 2318 ordine
1641 2250 1780 2336 vivere,
1806 2265 1840 2321 et
1862 2275 1929 2319 nec
1952 2251 2075 2320 inedia
2095 2272 2147 2316 uec

1166 2343 1385 2418 helluationc
1420 2373 1568 2441 corpora
1603 2350 1753 2427 laedere.
1803 2351 1873 2424 Sed
1900 2376 1970 2422 cur
2000 2352 2148 2422 nominat

1167 2445 1361 2535 honorem,
1396 2475 1477 2520 cum
1511 2452 1593 2521 satis
1620 2468 1723 2539 esset,
1756 2454 1884 2523 ordine
1917 2453 2055 2525 vivite?
2099 2451 2148 2524 Sic

1167 2552 1373 2644 loqueretur
1390 2555 1557 2623 medicus.
1609 2553 1678 2625 Sed
1697 2552 1828 2625 Paulus
1845 2552 2027 2627 bonorem
2044 2555 2149 2648 nomi·
