4522 5782
206 206 307 285 xuc
356 211 391 281 c
422 190 792 285 couuaarsmr
818 204 877 281 ur.
894 202 1050 280 urse.
1075 141 1225 279 naun
1248 201 1317 280 an
1341 200 1607 286 conanus.
1633 209 1766 289 car.
1792 212 1820 292 1.
1951 214 2032 293 sas

88 381 218 466 susm,
256 381 475 466 bonitatem,
516 380 703 455 iusticiam.
773 372 886 451 Haoe'
904 388 1007 450 suot·
1039 375 1191 465 moniis,
1215 374 1451 452 instituerunt
1471 377 1630 465 culturi,
1654 398 1697 459 nt
1716 388 1761 456 'erl
1783 384 1882 459 loric
1899 401 2030 459 ssu*

88 482 229 578 sprimi
242 497 280 558 et
293 482 440 555 secundi
458 483 635 577 praecepti
650 485 862 568 necessaria,
890 496 925 554 et
939 486 983 554 ad
1039 481 1084 554 tis
1106 495 1258 553 statuam
1283 486 1457 577 quaedam
1473 484 1643 556 sacrificia
1658 488 1827 562 tacemus.
1880 487 2030 575 Milites,

109 587 297 680 praecipue
315 586 454 658 conditi
479 611 611 660 sumus.
671 585 741 658 Sed
767 589 923 657 mundus
946 610 985 656 ea
1039 608 1120 654 curn
1152 598 1316 675 putarent
1347 585 1558 655 ceremoniis
1593 588 1777 681 impetrari
1812 590 2030 665 euastata

92 703 264 787 praestat:
297 690 379 759 ideo
399 713 468 759 vox
491 685 677 779 Evangelii
703 690 872 760 omuibus
894 701 982 759 tem·
1041 685 1134 767 Deo,
1161 686 1394 759 instituerunt
1419 687 1578 774 cultum,
1604 705 1645 763 ut
1666 696 1711 761 ad
1736 707 1887 765 statuam
1900 691 2030 765 Martis

88 815 146 863 rus
169 804 308 862 accusat
330 791 547 882 impietatem
572 791 709 864 mundi.
759 791 852 862 Nam
872 786 988 860 bomi-
1040 788 1213 881 quaedam
1237 780 1405 859 sacrificia
1430 791 1597 865 iacerent.
1665 792 1717 866 lta
1739 792 1894 865 bumana
1917 798 2029 865 auda·

88 894 136 964 tit
151 906 237 963 suut
253 889 379 979 ἄθεοι,
400 893 462 962 alii
476 907 560 964 sunt
574 894 759 967 idolatrae.
808 890 877 963 His
897 895 988 962 duo·
1040 890 1094 960 cia
1110 889 1320 978 excogitavit
1337 915 1449 960 novos
1465 894 1598 979 cultus,
1616 895 1750 967 fiducia
1764 920 1929 988 opernm,¹
1951 898 2029 966 sine
2068 924 2072 929 ¹

88 986 359 1087 modispeccaut
382 990 543 1065 homiues
568 1010 690 1065 contra
716 996 864 1087 primam
886 996 987 1065 tabu·
1040 994 1208 1061 mandato
1232 990 1321 1087 Dei,
1350 1009 1384 1065 et
1408 992 1530 1064 contr‘a
1556 1003 1763 1069 mandatum
1788 996 1868 1087 Dei.
1933 996 2031 1069 lliuc

90 1096 353 1187 legisdirinae.
404 1095 532 1182 tucos,
563 1094 986 1193 utCyclopesetEpicu·
1039 1093 1182 1183 lougius
1206 1095 1412 1165 aberrantes
1443 1097 1577 1184 animi,
1619 1100 1724 1169 etiam
1756 1124 1893 1172 numen
1913 1103 2030 1193 quod-
2139 1092 2145 1099 ’

102 1222 247 1293 prorsus
270 1212 401 1289 negant
431 1222 505 1270 essa
529 1199 669 1284 Deum,
701 1213 763 1270 aut
787 1222 910 1269 curare
934 1221 988 1267 res
1040 1199 1122 1265 dam
1145 1198 1347 1268 tribuerunt
1370 1199 1512 1283 statuis,
1538 1224 1578 1270 ac
1601 1203 1769 1292 deinceps
1791 1203 1853 1272 alii
1876 1203 1956 1271 aliis
1972 1224 2030 1273 re·

88 1322 188 1375 snas.
219 1297 295 1372 llos
309 1300 395 1372 satis
412 1314 548 1372 constat
564 1326 639 1373 non
655 1302 851 1392 glorificare
861 1297 989 1384 Deum,
1040 1297 1126 1379 bus,
1158 1322 1231 1391 quo
1251 1298 1455 1390 impellebat
1477 1301 1660 1388 diabolus,
1706 1319 1767 1376 aut
1788 1330 1861 1398 quo
1884 1304 2030 1377 affectus

88 1415 270 1489 metuunt,
296 1404 598 1490 nuncreduntei,
624 1428 697 1474 uon
714 1405 990 1487 invocanteum,
1040 1399 1170 1493 aliquis
1203 1414 1375 1482 traxerat,
1419 1402 1641 1475 tribuebatur
1682 1406 1857 1476 divinitus
1895 1405 2032 1489 statuis,

88 1505 289 1575 nut'inane
316 1528 447 1577 nomen
471 1528 568 1575 esse:
603 1508 641 1575 id
664 1506 761 1576 euim
782 1520 834 1576 est
858 1504 890 1573 ei
912 1503 989 1595 glo·
1042 1502 1249 1592 pecudibus.
1300 1499 1374 1573 Nec
1390 1500 1527 1572 tantum
1543 1507 1589 1575 ab
1606 1502 1771 1578 Etbnicia
1790 1520 1957 1597 petantur
1969 1530 2030 1597 ea-

108 1607 453 1700 aliquamtribuere
477 1608 676 1698 potentiae,
706 1607 899 1690 bonitatis,
932 1606 989 1675 iu-
1041 1603 1170 1693 empla.
1222 1600 1320 1690 Quid
1337 1629 1434 1673 nunc
1450 1605 1513 1674 bt?
1544 1596 1716 1679 Homines
1734 1611 1902 1680 invocant
1917 1610 2031 1692 divos,
2083 1591 2093 1610 '

88 1730 137 1782 se:
180 1732 245 1777 uec
266 1721 318 1779 est
340 1709 463 1799 exigua
492 1711 684 1781 multitudo
711 1711 836 1779 talium
859 1704 987 1802 Cyclo·
1042 1728 1186 1798 prorsus
1207 1718 1246 1774 ut
1268 1706 1355 1774 olim
1380 1703 1589 1793 Herculem,
1622 1727 1684 1784 aut
1705 1708 1903 1783 Romulum
1926 1711 2030 1781 invo-

92 1808 341 1894 ,etsimirum
364 1827 416 1884 est
439 1834 540 1903 posse
565 1813 705 1884 innatas
728 1810 878 1880 noticias
900 1813 989 1879 adeo
1041 1807 1169 1878 cabant
1194 1800 1352 1885 Etbuici.
1405 1803 1453 1878 Et
1479 1810 1548 1879 alia
1582 1826 1665 1884 stant
1689 1814 1841 1883 alinmm
1870 1814 2030 1890 numina,

88 1912 116 1986 i.
178 1910 250 1982 Sed
273 1913 439 1985 diabolus
458 1915 520 2006 qui
547 1909 651 1985 babet
674 1913 828 2005 captivas
854 1924 990 1980 mentes
1043 1908 1172 1978 milites
1204 1911 1370 1981 invocant
1404 1907 1626 2002 Georgium,
1671 1929 1800 1987 nautae
1832 1912 2031 1996 Nicolaum,

87 2013 273 2097 inum„is
295 2027 442 2085 naturae
467 2015 601 2109 alioqui
621 2017 800 2099 infirmae,
834 2014 990 2084 offundit
1043 2010 1140 2080 avari
1152 2010 1310 2083 Annam.
1356 2010 1523 2083 Curritur
1537 2017 1581 2083 ad
1597 2030 1730 2087 statuas
1744 2040 1844 2087 more
1858 2016 2031 2107 gentium,

88 2140 155 2187 tres
174 2139 335 2186 errores:
368 2140 409 2186 ac
433 2140 529 2187 nunc
553 2118 696 2211 quidem
717 2116 884 2187 nonnulli
910 2115 989 2185 lite-
1045 2128 1077 2183 et
1096 2125 1157 2182 aut
1180 2110 1414 2204 ipais'statuis
1428 2138 1560 2186 numen
1577 2117 1766 2204 tribuitur,
1789 2131 1851 2189 sut
1864 2118 2031 2208 alligatur

112 2217 318 2310 praesertim
340 2213 498 2304 Romae,
524 2221 732 2309 sapientiam
755 2232 880 2309 putant
907 2241 991 2302 esse,
1043 2212 1141 2285 Deus
1161 2216 1206 2285 ad
1230 2228 1382 2301 statuas,
1421 2211 1487 2286 bac
1509 2217 1697 2309 opinione,
1735 2221 1832 2315 quud
1859 2219 2030 2311 placatior

88 2319 168 2391 :tari
183 2313 238 2388 bis
252 2315 450 2413 Cyclopicis
464 2322 709 2411 opinionibus.
752 2322 802 2391 At
817 2319 990 2391 idolatrae
1043 2317 1089 2387 sit
1103 2318 1147 2387 ad
1172 2312 1262 2386 banc
1283 2331 1450 2389 statuam:
1478 2343 1557 2389 cum
1574 2320 1671 2392 Deus
1686 2322 1779 2393 nolit
1802 2322 1942 2411 alligari
1963 2319 2030 2391 ulli

88 2435 258 2505 rerrant,
285 2416 455 2492 bonorem
470 2422 546 2493 Deo
570 2424 750 2506 debitum,
777 2423 992 2493 transierunt
1044 2420 1113 2504 eo',
1136 2420 1310 2513 adquam
1333 2442 1464 2491 senon
1489 2444 1651 2511 expresso
1673 2426 1842 2494 mandato
1857 2424 1956 2495 iubet
1971 2422 2029 2491 in·

88 2525 228 2595 iasres.
278 2519 341 2592 Est
364 2525 461 2593 enim
480 2523 683 2595 idololatria
698 2525 872 2608 tribuere,
897 2522 992 2592 divi·
1044 2521 1174 2591 vocari.
1227 2515 1292 2591 Est
1308 2520 1417 2611 igitur
1430 2522 1614 2593 manifesta
1633 2525 1672 2593 in
1696 2528 1831 2595 mundo
1850 2523 2029 2609 idolatria,

88 2650 149 2696 ‚em
169 2624 203 2691 ei
221 2626 316 2716 quod
334 2648 406 2694 nou
429 2636 482 2696 est
497 2624 611 2709 Deus,
643 2628 811 2697 invocare
836 2627 873 2696 id
894 2627 988 2719 quod
1043 2635 1078 2692 et
1093 2617 1185 2692 banc
1201 2624 1352 2712 probant
1369 2648 1409 2693 ac
1425 2625 1623 2695 defendunt
1640 2625 1832 2697 Pontifices
1850 2641 1883 2696 et
1898 2624 2026 2715 Reges.

91 2740 145 2797 est
158 2722 270 2795 Deus:
298 2726 454 2797 tribuere
478 2727 578 2799 alteri
603 2722 778 2799 bonorem
801 2727 991 2798 redemtio·
1044 2722 1207 2795 Lutetiae
1222 2725 1368 2817 quidam
1384 2725 1600 2798 sustulerant
1615 2729 1766 2816 ligneam
1780 2742 1930 2798 statuam
1948 2727 2029 2823 lala·

116 2850 225 2921 quam
254 2821 412 2899 Christo:
447 2829 604 2901 tribuere
630 2831 794 2900 fiduciam
824 2829 992 2920 operibus
1045 2825 1141 2911 riae,
1165 2825 1326 2895 fortassis
1343 2841 1382 2897 ut
1405 2829 1690 2917 superstitionem
1713 2831 1836 2922 populi
1860 2823 2029 2920 probibe-

88 2930 157 3012 ris,
186 2952 276 3021 quac
298 2927 373 3000 Deo
402 2931 613 3002 debebatur:
648 2933 793 3023 alligare
809 2928 923 3001 Deum
946 2932 990 2999 ad
1051 2940 1147 3011 rent,
1171 2928 1329 2999 restituta
1347 2944 1398 2997 est
1413 2928 1480 2996 alia
1497 2945 1679 3019 argentea,
1706 2946 1745 3002 ut
1760 2932 2030 3004 confirmaretur

88 3029 467 3118 ucultusetstatuas,
492 3048 614 3111 contra
638 3057 741 3104 suurn
766 3035 991 3103 mandatum:
1043 3027 1273 3102 idolomania.
1347 3026 1484 3098 Deinde
1506 3032 1688 3121 multiplex
1713 3048 1765 3105 est
1796 3033 1958 3105 idolatria
1989 3033 2027 3102 in

99 3134 226 3204 timere
240 3145 301 3203 aut
316 3134 463 3222 diligere
479 3136 576 3204 aliud
594 3161 699 3227 quam
715 3134 844 3209 Deum.
895 3132 992 3203 llaec
1042 3130 1122 3201 aliis
1136 3130 1303 3202 cultibus.
1355 3128 2027 3205 Tribuuutmissaeetsotishonorem

88 3235 151 3305 trie
167 3235 434 3323 complectitur,
461 3251 494 3307 et
509 3236 682 3327 significat
698 3236 927 3321 Idololatria,
952 3249 993 3307 ut
1043 3232 1203 3303 debitum
1232 3228 1394 3316 Christo,
1420 3237 1514 3324 quod
1541 3236 1757 3307 satisfaciant
1778 3260 1842 3328 pru
1865 3236 2030 3327 peccatis,

88 3362 112 3427 o
138 3352 276 3407 vocant.
329 3334 424 3407 Hinc
447 3339 550 3407 lacile
574 3338 723 3428 intelligi
747 3351 860 3431 potest
885 3362 991 3408 mun·
1044 3337 1139 3429 quod
1156 3347 1358 3404 mereantur
1373 3334 1615 3405 remissionem
1633 3350 1867 3427 peccatorum.

88 3468 93 3509 t
111 3437 256 3529 plenum
272 3462 346 3507 esse
365 3437 595 3510 idolomania.
647 3438 700 3511 De
722 3435 791 3511 boc
814 3441 912 3513 cultu
928 3464 990 3510 ve·
1143 3433 1234 3506 Cum
1261 3436 1369 3524 igitur
1390 3449 1532 3509 maneat
1552 3438 1731 3529 impietas.
1758 3438 1920 3509 videlicet
1940 3436 2029 3528 Epi-

102 3551 154 3609 est
170 3541 305 3611 dictum
323 3537 467 3611 Poetae:
489 3539 630 3611 Primus
645 3543 683 3611 io
701 3544 788 3613 orbe
801 3538 896 3613 Deos
909 3541 991 3610 fecit
1043 3562 1147 3608 cures
1169 3538 1355 3623 securitas,
1382 3551 1416 3607 et
1438 3540 1641 3630 superstitio
1664 3543 1906 3634 cuiuscunque
1920 3541 2030 3625 modi,

88 3667 125 3713 tr.
192 3639 314 3712 Securi
337 3656 420 3711 sunt
445 3643 641 3738 plerunque
667 3644 852 3739 Cyclopes.
917 3640 991 3711 Alii
1044 3662 1188 3729 agamus
1208 3639 1491 3731 poenitentiam,
1533 3666 1745 3734 quaeramus
1772 3644 1919 3713 verbum
1949 3640 2029 3722 Dei,

88 3744 227 3815 ericulis
241 3759 449 3835 quaerentes
463 3740 634 3830 Deum,
657 3761 696 3817 ut
711 3747 801 3817 ratio
817 3758 992 3816 monstrat
1040 3731 1077 3812 'et
1092 3739 1206 3810 Deum
1229 3756 1321 3809 recte
1344 3743 1460 3810 colere
1483 3755 1519 3812 et
1542 3745 1708 3815 invocare
1731 3770 1812 3816 vera
1829 3745 1898 3814 fide
1914 3744 2027 3815 disca-

88 3870 119 3915 m
144 3868 219 3915 esse
243 3845 514 3944 opitulatorem,
548 3849 643 3918 auxii
671 3872 746 3917 non
769 3861 990 3943 rectequae-
1044 3866 1146 3923 mua,
1187 3858 1356 3932 regantur
1387 3844 1496 3913 verbo
1519 3842 1585 3914 Dei
1609 3846 1695 3916 fides
1717 3862 1752 3919 et
1773 3871 1899 3937 opera,
1930 3845 2027 3916 itrxta

100 3946 230 4017 Deum.
280 3944 371 4017 Cum
393 3949 488 4017 enim
514 3945 667 4020 babeant
689 3949 877 4041 opiniones
891 3948 991 4038 legis,
1044 3940 1331 4015 illud:.Lucerna
1347 3946 1496 4037 pedibus
1510 3948 1599 4016 meis
1616 3951 1761 4019 verbum
1778 3963 1889 4020 tuum.
1935 3944 2027 4017 Nam

88 4050 228 4139 agitent,
252 4044 367 4117 Deum
389 4051 556 4120 exaudire
569 4052 700 4131 iustos,
727 4052 880 4123 cultores
893 4074 989 4135 suos,
1043 4071 1123 4119 curn
1142 4046 1187 4116 ab
1204 4040 1269 4116 hac
1285 4047 1425 4118 lucerna
1444 4049 1653 4134 disceditur,
1679 4050 1796 4122 statim
1822 4049 1952 4119 infiniti
1969 4071 2026 4117 er·

88 4150 288 4230 emeritos,
326 4151 495 4223 invocant
514 4153 678 4245 quidem,
719 4155 778 4222 sed
806 4153 881 4222 sine
907 4178 990 4244 pro·
1043 4172 1140 4218 rores
1173 4147 1362 4238 obrepunt.
1430 4147 1699 4243 Amplectamur
1736 4153 1845 4241 igitur
1879 4151 2023 4221 verbum

88 4253 176 4323 ione
204 4252 356 4341 gratiae,
396 4252 473 4323 sine
497 4255 625 4325 noticia
649 4255 871 4335 mediatoris,
910 4255 990 4323 ideo
1044 4249 1129 4335 Dei,
1155 4261 1189 4319 et
1210 4274 1352 4320 oremus
1377 4249 1510 4336 Deum,
1536 4268 1575 4322 ut
1599 4276 1661 4342 per
1683 4253 2025 4322 filiumsuu'mlibe-

88 4354 257 4426 dubitant
277 4376 313 4423 se
336 4354 494 4425 exaudiri
518 4381 557 4427 ac
582 4357 724 4448 respici,
752 4369 812 4426 aut
837 4358 990 4426 induunt
1042 4366 1095 4421 ret
1119 4374 1184 4421 nos
1206 4351 1251 4420 ab
1273 4353 1440 4421 omnibus
1462 4354 1642 4423 erroribus
1662 4368 1696 4423 et
1718 4354 1917 4445 impietate,
1944 4377 2024 4421 curn

90 4480 149 4526 em
178 4457 341 4525 fiduciam
373 4480 517 4526 suornm
550 4458 738 4542 cultuum,
779 4460 869 4529 sicut
896 4461 989 4550 apud
1043 4455 1156 4523 lilium
1179 4453 1258 4522 ideo
1284 4454 1389 4523 nobis
1412 4450 1637 4538 exhibuerit,
1678 4470 1718 4525 ut
1739 4458 1896 4525 destruat
1918 4478 2056 4546 opera.

88 4583 203 4629 terum
229 4556 344 4650 iuquit
376 4559 606 4630 sacrificulus:
646 4560 685 4631 Si
713 4574 828 4650 gratas
859 4556 989 4630 hostias
1042 4556 1188 4626 diaboli.
1242 4552 1414 4626 llortetur
1429 4558 1472 4623 ad
1490 4558 1740 4646 poenitentiam
1756 4581 1822 4627 nos
1839 4571 1873 4626 et
1888 4558 2026 4644 magui-

98 4662 249 4729 rnactavi
270 4655 431 4744 Phoebe,
471 4664 637 4731 exaudias
662 4687 728 4747 uie.
795 4660 914 4731 Prima
941 4676 989 4730 est
1042 4662 1129 4728 tudo
1160 4680 1379 4747 poenarum:
1423 4655 1631 4728 Contemtus
1660 4657 1729 4729 Dei
1760 4671 1794 4730 et
1821 4659 2024 4750 superstitio

88 4788 113 4834 tr
136 4763 317 4854 impietas,
342 4764 438 4854 quod
463 4779 524 4832 aut
549 4765 717 4835 dubitant
737 4786 773 4832 se
796 4763 988 4832 exarrdiria
1043 4759 1256 4828 muniuntur
1276 4757 1379 4825 etiam
1404 4758 1441 4826 in
1467 4754 1533 4827 hac
1551 4761 1649 4846 vita,
1675 4762 1839 4832 caecitate
1854 4775 1887 4831 ct
1903 4783 2047 4830 amen-s

95 4920 104 4952 ,
148 4878 211 4934 aut
240 4864 397 4932 induunt
427 4864 591 4935 fiduciam
622 4865 786 4957 propriae
819 4863 989 4941 iusticiae,
1043 4862 1102 4934 tia.
1155 4856 1327 4927 Homines
1344 4860 1599 4931 desertiaDeo
1615 4877 1724 4933 ruunt
1739 4865 1777 4933 in
1792 4887 1899 4932 omne
1915 4886 2026 4952 genus

92 4981 228 5036 norunt
245 4965 486 5034 mediatorem.
540 4964 617 5035 Hoc
632 4990 750 5036 errore
766 4967 918 5035 admisso
932 4989 989 5033 ac·
1041 4961 1176 5050 flagitii,
1193 4960 1388 5030 etacceusis
1403 4963 1532 5032 animis
1545 4964 1662 5056 aliqua
1678 4965 1880 5057 cupiditate,
1894 4984 2025 5041 amore,

88 5084 136 5141 nt
159 5069 270 5136 multa
295 5067 436 5139 scelera.
493 5066 639 5137 Fiducia
666 5071 889 5159 propriorum
912 5069 989 5136 cul-
1041 5064 1144 5148 odio,
1181 5062 1346 5131 diabolus
1372 5064 1477 5135 offert
1501 5067 1710 5137 occasiones.
1782 5066 1898 5154 Quam
1920 5064 2022 5134 forda

88 5197 102 5240 o
130 5183 320 5239 moventur
341 5164 523 5259 homines,
557 5183 596 5240 ut
624 5173 807 5239 cumulent
836 5192 988 5237 ceremo-
1047 5168 1212 5254 leguntur
1245 5164 1285 5232 in
1319 5160 1496 5251 historiis,
1528 5191 1618 5259 quae
1651 5169 1798 5237 recitare
1830 5190 1904 5235 non
1929 5164 2024 5239 volo.
2052 5195 2084 5253 φ

89 5329 100 5358 ,
126 5286 162 5343 et
180 5273 376 5357 excogitent
392 5293 504 5340 novos
525 5272 641 5340 cultus
663 5285 697 5340 et
712 5268 823 5338 Deos:
847 5283 887 5339 ut
909 5292 988 5337 cum
1044 5266 1160 5354 Quam
1177 5268 1301 5335 foedus
1316 5266 1537 5350 Alexander,
1563 5269 1625 5362 qui
1639 5271 1780 5340 videbat
1794 5291 1830 5337 se
1851 5272 2022 5339 donatum

88 5376 124 5448 ‚ci
140 5386 308 5468 putarent
327 5374 438 5443 bonas
453 5385 674 5465 tempestates
691 5371 875 5464 impetrari
893 5392 986 5440 cere-
1043 5391 1117 5439 esse
1137 5382 1235 5440 tauto
1253 5391 1383 5458 regua,
1407 5382 1441 5442 et
1463 5371 1558 5463 quod
1580 5383 1655 5440 erat
1677 5369 1886 5462 gloriosius,
1916 5391 2024 5443 orua-
