4522 5782
119 196 238 307 ,ογΙ
375 152 430 247 .“
716 192 844 275 ento
870 190 990 271 nuo
1014 189 1228 269 scarras
1250 134 1565 271 sairornca.
1722 246 1725 251 .
1797 234 1801 241 -
1863 220 1880 267 -;
2079 204 2151 279 roa

116 380 266 455 Domini
287 376 400 451 nostri
427 372 506 443 lesu
527 366 663 441 Cliristi
688 368 863 437 credimus
884 366 1032 452 salvari,
1057 366 1105 434 si·
1158 371 1206 424 est
1225 356 1419 437 distinctio.
1471 363 1597 451 Postea
1621 385 1660 442 ot
1679 374 1723 442 de
1740 376 1980 464 promissione
1998 376 2147 449 inculte·

117 499 178 555 rut
202 499 234 552 et
257 481 321 548 illi.
375 474 421 546 Et
443 474 620 546 Dominus
646 472 781 564 inquit:
809 464 992 539 Abraham
1018 467 1108 536 vidit
1157 458 1211 527 bit
1228 461 1441 547 particulam
1452 469 1702 548 universalem.
1731 476 1872 548 lustitia
1883 480 1953 551 Dei
1971 504 2037 570 per
2051 480 2146 548 tidem

120 585 215 654 diem
231 605 370 667 meum,
406 592 440 647 et
459 576 607 646 laetatus
620 588 683 643 est.
1159 556 1387 677 lesntihristi
1409 566 1448 635 iu
1468 595 1609 656 omnes,
1635 590 1669 644 et
1692 600 1956 673 superomnes.
2012 575 2143 652 lustitia

1159 661 1248 744 Der,
1274 665 1310 731 ιι]
1330 682 1401 750 est,
1428 694 1534 762 quam
1552 672 1648 745 Deus
1665 682 1827 767 promisit
1850 700 2001 773 propter
2024 685 2146 752 media·

1158 775 1272 831 torem
1289 766 1446 853 ignotam
1463 776 1615 858 rationi,
1638 803 1729 870 qirae
1745 806 1817 851 non
1833 801 1884 854 est
1901 786 2043 854 iusticia
2061 787 2144 873 legis,

1159 888 1220 932 sen
1243 888 1410 955 operum,
1443 879 1504 943 sed
1531 897 1581 948 est
1606 883 1764 952 remissio
1792 902 2020 975 peccatorum
2044 902 2076 957 et
2098 913 2143 956 rs·

226 984 268 1056 ln
285 985 443 1080 qualibet
460 980 700 1071 disputatione
721 998 861 1045 neeesse
884 990 934 1047 est
959 977 1110 1046 maxime
1160 966 1384 1054 conciliatio,
1409 990 1444 1044 et
1460 977 1651 1066 imputatio
1670 985 1847 1068 iusticias,
1872 1012 1937 1059 seu
1959 989 2141 1080 acceptatio

124 1094 301 1162 intentum
327 1110 401 1156 esse
426 1085 464 1151 in
487 1081 748 1151 controversiae
769 1093 898 1147 statum
921 1094 954 1146 et
976 1078 1109 1167 princi·
1162 1083 1305 1156 propter
1321 1075 1526 1147 mediatoris
1545 1084 1807 1173 obedientiam,
1832 1113 1913 1159 eum
1937 1115 2010 1184 qna
2032 1113 2139 1159 recon-

124 1195 239 1283 palem
257 1187 547 1280 propositionem.
587 1181 709 1253 Sciant
726 1183 835 1269 igitur
850 1176 1111 1261 iuniores,hoc
1161 1171 1342 1241 ciliniifflle
1363 1179 1552 1250 enninnctn
1584 1198 1635 1253 stt
1658 1188 1872 1270 vivificatio,
1915 1217 2011 1284 quae
2033 1186 2168 1282 titper²

125 1296 203 1365 loro
221 1292 311 1362 tradi
330 1288 560 1379 principalem
574 1284 857 1375 ‚propositionem
875 1285 920 1350 de
944 1283 1110 1350 iustifiea-
1161 1271 1278 1367 ipsum
1302 1274 1412 1345 filium
1435 1278 1523 1367 Dei,
1558 1310 1639 1353 cum
1663 1289 1731 1357 lide
1756 1288 2061 1383 apprehendimus
2075 1318 2136 1362 ver·

76 1426 79 1430 ·
125 1400 234 1467 tione.
286 1388 544 1461 Obiterantem
559 1388 685 1476 repetit
699 1383 832 1454 Paulus
846 1385 951 1452 aliam
970 1399 1109 1453 antece·
1160 1375 1247 1441 bnffl
1264 1370 1465 1474 Evangelii·
1517 1381 1623 1455 Hanc
1637 1390 1812 1461 iusticiam
1835 1395 1886 1464 ait
1900 1396 2025 1465 offerri
2037 1397 2134 1464 omni-

15 1511 18 1516 “
127 1501 268 1566 dentem
287 1493 564 1582 propositionem
585 1488 690 1579 paulo
713 1500 794 1554 ante
809 1487 1007 1555 recitatam:
1035 1484 1110 1554 'l'o-
1162 1477 1244 1557 bus,
1272 1477 1362 1546 ticnt
1378 1482 1466 1553 olibi
1478 1509 1581 1578 saepe
1597 1490 1750 1564 inculcat
1767 1497 2021 1569 universalem.
2165 1566 2168 1577 .

126 1616 184 1670 tus
203 1597 358 1665 mrmdus
371 1608 423 1662 est
438 1613 518 1660 reiis
540 1589 626 1658 Deo.
680 1588 731 1657 lta
750 1582 807 1656 bio
823 1587 957 1679 inquit:
973 1585 1111 1655 Omnes
1212 1574 1298 1668 Cnp·
1318 1580 1375 1653 10.
1391 1581 1500 1654 Dives
1514 1589 1614 1659 Deus
1638 1593 1675 1660 in
1690 1618 1834 1683 omnes,
1857 1600 1923 1693 qui
1938 1600 2132 1671 invocaverit
2163 1670 2168 1680 ,

127 1708 378 1791 peccaverunt,
410 1708 443 1762 et
473 1705 594 1760 carent
625 1690 734 1779 gloria
763 1686 846 1768 Dei,
879 1688 941 1756 tibi
971 1711 1112 1775 prorsus
1264 1683 1565 1774 nomeonomini,
1582 1694 1702 1763 salvus
1716 1698 1793 1767 erit.
2163 1762 2168 1781 ,

128 1806 224 1870 idern
242 1799 391 1877 dicitur,
417 1795 511 1886 qnod
536 1805 618 1860 ante
640 1791 775 1860 dictum
799 1804 865 1859 est:
891 1786 1029 1858 Omnes
1046 1786 1112 1859 bo·
1212 1772 1358 1874 EiCnP·
1378 1789 1434 1855 11·
1457 1790 1641 1865 Conclusit
1664 1794 1760 1868 Deus
1781 1825 1907 1875 omnes
1935 1806 2006 1873 rub
2032 1826 2130 1895 prote
2164 1843 2168 1883 1

129 1904 245 1970 mines
267 1914 368 1967 natos
391 1897 427 1964 in
452 1892 515 1964 hac
537 1894 788 1984 depravatione
809 1906 957 1960 naturae
983 1888 1112 1960 babere
1266 1894 1339 1950 tum
1357 1900 1420 1957 etc·
2141 1895 2166 1981 '‚

129 2015 329 2094 peccatum,
355 2014 387 2069 et
405 2022 482 2066 reus
499 2020 573 2063 esse
588 2020 705 2064 coram
726 1991 811 2061 Deo.
845 1990 890 2060 Et
908 2017 1020 2084 neque
1037 1994 1111 2061 lieri
1212 1974 1592 2088 EtDomiuusinquit:
1621 1997 1750 2071 Venite
1773 2006 1817 2073 ad
1839 2029 1896 2076 me
1922 2030 2064 2091 omnes,
2084 2005 2129 2098 qui
2164 2066 2168 2085 ‚

130 2128 246 2196 neque
261 2125 333 2169 esse
348 2103 460 2169 iustos
476 2099 571 2185 lege,
586 2098 675 2165 sicut
694 2093 855 2164 Psalmns
871 2095 1004 2187 inquit:
1032 2095 1112 2164 Nou
1263 2086 1435 2161 laboratis
1451 2111 1485 2166 et
1499 2101 1637 2169 onerati
1652 2103 1733 2171 estis
1747 2119 1814 2175 etc.

127 2205 375 2276 iustificabitur
389 2204 427 2269 in
452 2212 639 2287 conspeetu
664 2212 725 2266 tno
748 2210 811 2270 etc.
863 2193 914 2266 lta
942 2193 999 2266 hie
1023 2199 1111 2264 diei.
1216 2181 1322 2297 item:
1352 2189 1447 2264 Deus
1464 2200 1540 2269 vult
1554 2226 1677 2273 omues
1692 2201 1990 2278 hominessalvus
2006 2209 2086 2282 fieri.

127 2324 205 2379 tur:
233 2301 370 2374 Omms
397 2314 649 2393 peceaverunt,
682 2301 717 2367 id
742 2313 812 2381 est,
836 2293 967 2367 liabent
991 2316 1112 2389 pecca.
1215 2282 1370 2361 htEsai.
1389 2295 1468 2366 42:
1493 2299 1576 2370 Non
1591 2304 1739 2395 accipiet
1760 2332 1964 2399 personam.

128 2426 224 2490 tum,
250 2420 280 2474 et
306 2418 389 2473 sunt
415 2404 464 2470 rei
489 2400 597 2495 (Nota
613 2401 658 2470 sit
673 2402 767 2468 enim
785 2395 923 2491 phrasis
944 2399 1111 2485 libraret),
1215 2383 1291 2461 55st
1317 2391 1440 2468 Posuit
1455 2398 1552 2473 Deus
1575 2404 1611 2472 in
1628 2430 1670 2475 eo
1686 2408 1893 2503 iniquitates
1909 2414 2070 2484 omnium
2083 2436 2134 2480 no·
2166 2464 2168 2475 .

130 2510 176 2599 Et
194 2522 311 2578 carent
329 2506 440 2594 gloria
457 2502 545 2586 Dei,
571 2506 606 2571 id
625 2515 697 2582 est,
723 2499 800 2570 Deo
818 2503 895 2591 ipso
911 2502 1051 2571 lucente
1073 2502 1111 2568 in
1265 2506 1390 2570 strum.

130 2615 198 2689 eis,
233 2611 294 2701 qrri
320 2631 401 2675 vere
422 2621 471 2673 est
494 2605 624 2692 gloria,
658 2606 693 2672 id
720 2618 789 2686 est,
815 2603 896 2683 lux,
929 2604 1112 2690 sapientia,
1214 2586 1310 2662 llaec
1333 2600 1545 2674 universalia
1579 2610 1671 2679 dicta
1695 2614 1740 2679 de
1768 2614 2010 2704 promissione
2036 2631 2136 2685 tenea·

128 2711 377 2793 iusticia,vita
395 2722 534 2776 aeterna
551 2723 584 2775 et
602 2707 731 2773 laetitia
749 2720 901 2775 aeterna.
953 2702 1112 2773 Etcum·
1164 2708 1299 2763 n¹l¹⁵⁰i
1325 2722 1546 2790 ⁰PP0nn¹nn⁸
1571 2714 1755 2783 tentationi
1790 2700 1834 2785 d'e
1859 2719 2138 2806 partitnitt'iitlt·

127 2817 315 2884 municans
332 2835 404 2878 sese
422 2812 548 2889 beatis,
576 2810 657 2875 iacit
680 2823 720 2877 nt
745 2810 781 2874 in
806 2807 858 2874 eis
873 2807 982 2875 luceat
1002 2808 1112 2895 ipsius
1163 2817 1243 2860 cnm
1260 2799 1442 2887 disputant
1457 2825 1608 2893 ruentes,
1636 2838 1680 2881 an
1698 2817 1768 2885 sint
1791 2818 1828 2886 in
1847 2841 2004 2889 numero
2021 2822 2138 2889 electo·
2166 2830 2168 2873 ἓ

128 2918 210 2991 lux.
238 2915 428 3002 supientia,
463 2911 618 2989 iusticia,
645 2911 716 2977 vita
741 2923 881 2978 aeterna
909 2924 942 2976 et
967 2908 1111 2988 laetitia,
1162 2895 1267 2963 nnn?
1296 2901 1341 2968 nb
1362 2899 1427 2973 linc
1451 2909 1689 2998 disputatione
1712 2922 1754 2984 ad
1786 2920 1982 2992 revelatam
2005 2919 2142 2992 Deiro-

128 3020 217 3087 sicut
236 3016 382 3084 dicitnr:
410 3012 505 3080 Dens
522 3015 586 3079 erit
603 3011 721 3078 oannia
747 3012 784 3078 in
808 3012 985 3084 omnibns.
1164 2995 1336 3069 luntatem
1357 3004 1394 3073 in
1417 3005 1609 3099 Evangelio
1638 3021 1876 3105 deducamur,
1910 3038 1948 3091 et
1971 3026 2142 3093 nodamus

231 3118 326 3187 Haec
351 3117 594 3203 interpretatio
620 3110 685 3179 hoc
712 3114 788 3180 loco
819 3104 988 3204 prindrai,
1028 3115 1110 3204 qtria
1164 3123 1326 3213 expresso
1346 3112 1454 3177 verbo
1479 3108 1561 3196 Dei,
1601 3133 1635 3186 et
1657 3144 1720 3188 nos
1746 3123 1781 3189 in
1807 3125 2046 3193 universalem
2072 3148 2141 3214 pro-

129 3217 186 3289 lrio
206 3221 417 3300 affirmatur,
444 3218 537 3307 qnod
558 3218 594 3281 in
615 3215 719 3281 nobis
737 3238 807 3282 non
824 3214 867 3281 sit
883 3214 943 3280 illa
964 3216 1113 3299 iusticia,
1164 3204 1368 3273 “¹¹⁸⁵i⁰¹¹⁰¹¹¹
1385 3211 1629 3301 includamus,
1656 3225 1806 3292 tcinnnn
1822 3247 1898 3292 etin
1917 3229 1963 3293 nd
1983 3250 2050 3295 not
2063 3252 2141 3319 nnn·

127 3335 287 3413 quaeest
316 3320 426 3407 gloria
451 3341 567 3386 coram
591 3313 686 3397 Deo,
722 3317 756 3383 id
784 3329 853 3399 est,
883 3338 940 3383 res
966 3317 1113 3405 optima,
1165 3310 1445 3417 nepotiane,
1474 3317 1624 3388 sciamus
1650 3325 1760 3392 filium
1778 3324 1843 3394 Dei
1872 3351 2035 3397 veracem
2060 3353 2141 3397 nun.

127 3436 401 3512 propterquam
426 3412 726 3486 Deushominem
757 3418 937 3505 diligeret,
979 3431 1012 3485 et
1039 3442 1111 3485 non
1165 3428 1257 3471 etum
1274 3431 1445 3502 tntisper
1461 3441 1566 3508 quern
1585 3424 1718 3512 prolata
1741 3441 1794 3497 est
1809 3429 2001 3515 promissio
2017 3455 2059 3499 ex
2073 3431 2141 3498 sinu

14 3512 21 3527 ²
127 3529 331 3591 destrueret.
402 3519 621 3607 intelligatur
653 3540 736 3607 ergo
773 3520 902 3605 gloria,
944 3518 1000 3586 vel
1040 3519 1112 3608 ipse
1166 3510 1299 3576 neltrni
1317 3518 1443 3601 patris,
1468 3544 1531 3588 nec
1555 3524 1727 3612 tingamus
1745 3533 1787 3596 de
1803 3533 1924 3597 eadem
1954 3557 1996 3601 re
2012 3548 2139 3601 coutra-

127 3621 222 3694 De„s
247 3647 320 3691 „se
351 3625 456 3689 nobi,
482 3620 764 3700 communicans,
798 3621 852 3687 vel
885 3620 1112 3688 conformitas
1165 3607 1331 3679 dictorias
1352 3622 1550 3691 voluntates
1568 3626 1603 3692 in
1622 3629 1714 3710 Deo,
1741 3632 1823 3720 quia
1848 3629 1946 3700 Deus
1971 3640 2140 3703 veraresti

127 3750 207 3792 cnm
222 3723 299 3794 Deo
327 3727 463 3791 lucente
487 3724 524 3790 in
543 3724 657 3791 nobis.
711 3722 800 3790 Nam
824 3717 907 3789 haec
927 3722 1110 3791 interitura
1164 3707 1266 3778 linnc
1286 3721 1564 3792 cumulationem
1596 3746 1745 3798 sumtum
1777 3756 1817 3800 ex
1845 3737 1960 3802 verbo
1990 3758 2140 3824 expresso

124 3828 195 3896 vita
222 3823 365 3897 ethaeo
390 3826 527 3895 iusticia
550 3848 714 3913 operum,
752 3837 1024 3915 quantacunque
1051 3842 1112 3906 ω,
1164 3826 1364 3900 teneamus,
1389 3846 1452 3890 nec
1469 3849 1533 3892 nos
1550 3828 1643 3914 ipsos
1666 3834 1976 3903 inextricabilibus
1992 3839 2139 3930 labyrin-
2165 3848 2168 3925 j

125 3952 199 3996 raon
225 3943 275 3997 est
299 3929 408 4017 gloria
429 3952 545 3995 coram
567 3926 658 3999 Deo,
685 3926 718 3990 iti
746 3940 813 4007 est,
835 3947 889 3992 res
906 3927 1002 4006 talis,
1028 3951 1108 4011 pro·
1164 3907 1234 3980 this
1251 3917 1528 4007 disputationum
1547 3930 1787 4020 implicemus,
1812 3961 1903 4028 quae
1926 3939 2037 4007 fidem
2053 3963 2137 4007 ever·
2164 3944 2168 4021 l

124 4046 204 4113 pter
220 4056 325 4122 qnam
344 4029 436 4096 Dens
454 4030 574 4115 diligat
593 4027 790 4110 bominem,
807 4043 839 4096 et
856 4048 928 4092 non
946 4029 1109 4096 destruat,
1164 4030 1261 4098 tunt,
1287 4044 1326 4088 ac
1348 4027 1460 4096 multo
1479 4033 1587 4113 inagis
1602 4034 1870 4107 luctemurcum
1890 4059 2014 4110 nostra
2038 4042 2137 4109 imbe-

124 4128 272 4199 Etiamsi
301 4148 351 4200 est
371 4132 544 4199 excellens
565 4130 676 4215 gloria
694 4151 811 4196 coram
833 4123 1108 4197 hominilinsiu·
1161 4116 1324 4205 siliiinit,
1353 4139 1387 4194 et
1411 4130 1443 4196 ei
1467 4132 1737 4218 promissionem
1769 4139 2010 4210 universalem
2038 4168 2136 4232 oppo-

123 4234 222 4301 sticia
239 4232 401 4318 Solonis,
435 4246 496 4302 aut
516 4231 705 4310 Aristidis,
748 4244 865 4298 tannen
891 4253 963 4296 non
986 4231 1111 4300 tribuit
1162 4243 1304 4306 ”nuntia
1335 4230 1391 4295 cui
1412 4235 1663 4320 intulimus,
1696 4254 1730 4308 θῑ
1762 4240 1866 4309 simni
1898 4258 2061 4331 Pelnmnt
2084 4266 2136 4311 ¹¹⁰⁵

124 4334 157 4400 ei
176 4339 281 4402 vitam
301 4352 490 4401 aeternam.
1160 4325 1381 4411 confirmari,
1406 4333 1495 4402 sicut
1518 4335 1578 4401 ills
1592 4337 1726 4430 inquit:
1753 4339 1870 4412 Credo
1890 4342 2063 4427 Domine,
2086 4349 2134 4413 sed

224 4429 1109 4522 1„„,g„e„mtdsspuaafionesaltorumdehac
1158 4447 1260 4510 opem
1292 4429 1346 4498 fer
1378 4433 1612 4507 imbecillitati
1646 4465 1760 4526 meae,
1805 4468 1870 4513 nec
1900 4446 2135 4537 indulgeamus

122 4529 258 4624 thj:
285 4535 414 4607 cmm
438 4537 548 4624 glori,
572 4533 657 4615 Dei,
692 4537 750 4600 sed
776 4534 948 4602 sententia
970 4551 1109 4605 nonest
1159 4535 1542 4607 nostraediflidentiae.
1594 4538 1698 4611 Hane
1719 4547 2006 4619 admonitionem
2025 4552 2134 4621 utilem

120 4638 283 4708 obscura.
335 4637 466 4706 Paulus
490 4638 639 4704 saffirann
672 4640 789 4702 deesse
821 4632 910 4703 baino
933 4637 1106 4704 iusticiam
1157 4653 1229 4698 esse
1249 4637 1472 4706 manifestum
1491 4657 1552 4710 est.

118 4739 157 4806 in
183 4733 370 4806 hominnm
395 4754 542 4820 natura,
569 4762 659 4828 quae
686 4752 735 4806 est
762 4738 894 4824 integra
914 4738 1107 4806 conformi·
1467 4805 1473 4820 ,
1900 4814 1908 4830 ⁰

117 4852 170 4908 tes
192 4860 273 4909 curn
291 4836 389 4923 Deo,
414 4842 491 4909 sine
508 4857 648 4931 peccato
664 4853 695 4907 et
713 4840 789 4906 sine
806 4854 929 4912 morte.
1370 4799 1454 4873 1¹¹⁸!
1457 4800 1627 4897 ’ῥίψω
1641 4820 1762 4881 ‘'¹¹¹⁶'’
1789 4808 1936 4887 Gml²50

219 4940 418 5030 Diligenter
439 4957 556 5012 atatem
578 4943 797 5011 observanda
824 4959 874 5010 est
896 4942 1106 5010 universalis
1256 4934 1352 5007 Haec
1368 4955 1437 5008 tota
1458 4945 1642 5030 periodus,
1671 4973 1759 5040 quae
1775 4953 1956 5042 sequitur,
1981 4968 2033 5024 est
2049 4955 2133 5047 prin·

31 5064 34 5069 ·
114 5044 287 5134 particula
318 5045 356 5112 in
384 5058 534 5136 utraque
558 5041 815 5134 propositione,
853 5044 889 5110 iu
922 5044 1103 5133 praedica.
1152 5040 1275 5128 cipalis
1307 5045 1502 5132 propositio
1529 5061 1563 5116 et
1593 5063 1704 5117 status
1733 5053 1770 5119 in
1805 5050 1873 5122 hoo
1905 5054 2135 5144 disputatione

112 5138 209 5214 tibne
235 5147 474 5236 poenitentiae
498 5160 533 5214 et
554 5145 790 5234 promissione
816 5149 962 5231 gratiae:
991 5142 1101 5213 llam·
1151 5139 1272 5225 Pauli,
1298 5167 1338 5213 ac
1360 5148 1491 5215 multae
1520 5146 1806 5222 circumstantiae
1835 5149 1896 5224 hic
1925 5157 2135 5227 intexuntur.
2164 5186 2168 5211 2

110 5260 243 5316 nantur
266 5272 389 5317 omues
420 5244 584 5315 homines
607 5247 680 5315 uati
713 5245 749 5310 in
780 5239 845 5312 hac
870 5248 1100 5334 corruptione
1149 5241 1204 5312 Sit
1226 5257 1343 5314 autem
1368 5263 1451 5317 nota
1476 5245 1615 5339 phrasis
1647 5251 1902 5339 lustificamur,
1940 5260 1978 5326 id
2002 5277 2071 5341 est,
2093 5281 2130 5325 ex
2166 5238 2168 5257 ⁵

108 5361 273 5422 araturae.
297 5346 488 5439 utinqnit:
503 5342 641 5421 Omnes
657 5347 901 5436 curent-gloria
921 5344 999 5427 llos,
1023 5372 1096 5418 sion
1149 5345 1218 5415 reis
1235 5350 1515 5439 pronuntiamur
1533 5374 1607 5423 uon
1630 5356 1704 5438 rei,
1729 5360 1908 5429 donemur
1930 5362 2132 5431 remissione

120 748 282 825 Iustitia
295 742 375 818 Dei
384 771 449 845 per
458 738 571 835 fidem
587 737 675 810 Iesu
695 728 845 813 Christi
859 738 1054 821 inomaus,
1075 746 1109 807 ιι

480 868 588 943 super
614 866 749 916 omnes.
