4522 5782
25 3341 28 3346 ·
102 3374 106 3379 .
171 3343 300 3410 corpus
323 3319 467 3410 peccati.
520 3317 595 3389 Nec
618 3333 737 3390 tamen
761 3335 928 3392 maneant
948 3334 1167 3413 tantumpa·

38 3888 41 3897 ,
168 3846 251 3925 pter
268 3831 382 3904 filiurn
406 3831 512 3902 nobis
533 3833 666 3904 remitti
691 3849 852 3927 peccata,
880 3848 913 3906 et
936 3837 1041 3906 nobis
1064 3837 1167 3907 reddi
1189 3856 1191 3914 i

45 4660 49 4665 '
169 4667 211 4727 ut
241 4675 428 4743 agnoscam
460 4678 559 4739 eum,
602 4672 636 4728 et
667 4659 864 4749 potentiam
897 4662 1168 4733 resurrectionis

116 125 235 277 *ssa
493 206 496 211 ¹
681 164 685 171 ’
747 160 1278 270 vetimorensem
1310 189 1615 268 mosaica.
1683 242 1687 249 .
2131 190 2209 271 ιιι

162 374 311 453 uerbum
336 395 460 442 eorum
482 370 523 440 in
543 394 622 455 iiie,
649 382 683 440 et
705 364 788 441 Era.
813 392 889 461 cap.
902 363 966 440 68.
986 369 1158 459 scriptum
1183 384 1185 389 ’
1206 364 1309 437 cuius
1332 367 1502 459 exemplis
1525 390 1591 436 nos
1613 366 1859 451 consolemur,
1889 381 1924 439 et
1945 388 2053 461 quern
2074 364 2210 437 imitari

163 490 231 548 est:
264 472 343 566 lpse
372 486 510 566 paccata
541 472 737 546 multorum
762 471 865 555 tulit,
897 486 935 542 et
954 495 1020 561 pro
1043 485 1159 545 trans·
1183 526 1185 531 <
1206 471 1430 554 studeamus,
1462 483 1505 541 ut
1526 467 1676 540 Davidia
1707 471 1868 561 exempla
1898 468 2004 561 nobis
2034 470 2212 562 proponis

163 578 385 672 gressoribus
406 575 555 667 rogavit.
604 573 791 646 Postremo
813 587 846 643 et
866 573 1075 644 sacrificium
1095 597 1159 666 pro
1183 586 1186 639 ῑ
1206 597 1298 644 mus.
1363 571 1539 643 Videmus
1561 567 1765 659 Christum,
1795 572 1910 660 Abel,
1942 568 2142 653 Davidem,
2174 582 2211 645 et

163 683 270 756 nobis
287 681 441 765 obtulit,
468 703 567 750 suani
587 694 757 762 mortem,
783 691 818 747 et
836 678 979 770 quidem
997 677 1034 745 id
1051 676 1161 747 sacri·
1184 652 1187 735 l
1208 676 1296 746 alias
1331 690 1489 758 sanctos,
1531 671 1724 747 horribiles
1763 699 1952 747 aerumnas
1983 676 2210 749 sustinuisse·

164 783 286 856 ficium
308 808 374 876 pro
392 783 497 855 uobis
512 782 723 876 applicavit,
749 782 840 851 sicut
855 801 1015 871 expresse
1032 779 1162 873 inquit,
1184 768 1186 816 ¹
1209 777 1371 851 Sciamus
1389 802 1472 869 ergo
1488 779 1710 852 voluntatem
1727 775 1797 877 Dci-
1812 802 1905 863 esse,
1930 793 1973 850 nt
1986 774 2149 850 Ecclesia
2164 781 2212 852 sit

144 885 265 960 'loan
296 886 368 960 tta
402 884 473 956 Pro
495 888 545 955 eis
569 908 632 974 ego
659 884 837 955 sanctifico
862 908 937 973 ine,
972 894 1013 953 nt
1037 897 1072 952 et
1093 883 1161 971 ipsi
1210 883 1368 953 subiecta
1400 882 1516 964 cruci,
1555 907 1621 955 nec
1652 907 1719 953 nos
1747 884 1903 953 abiectos
1934 906 2028 968 esse,
2068 881 2212 955 etiamsi

165 992 239 1061 sint
256 989 462 1062 sanctificati
485 989 525 1058 in
548 989 714 1072 veritate,
741 1001 775 1057 et
797 983 926 1057 Matth.
940 985 1018 1059 20.:
1045 983 1162 1054 Filius
1184 980 1187 1067 f
1210 987 1300 1056 dura
1322 987 1497 1078 patimur,
1523 987 1708 1057 imitemur
1729 1000 1765 1057 et
1788 975 2212 1080 invocationemsquarn

166 1089 325 1164 hominis
357 1093 457 1162 venit
493 1095 577 1161 dare
607 1092 763 1159 animam
796 1113 895 1158 suain
927 1081 1066 1184 λύτρον
1095 1111 1161 1178 pro
1185 1084 1187 1164 Ῐ
1210 1088 1265 1157 illi
1289 1089 1327 1157 iri
1345 1113 1449 1160 cruce
1469 1105 1722 1174 exercuerunt,
1755 1088 1997 1174 tolerantiam,
2031 1111 2154 1180 spem,
2177 1102 2212 1161 et

167 1197 346 1270 omnibus.
398 1193 496 1265 Haec
517 1207 635 1264 autem
658 1193 849 1285 applicatio
873 1187 1162 1284 fide‘apprehen-
1185 1189 1188 1197 “
1210 1192 1299 1262 alias
1316 1192 1478 1264 virtutes.
1530 1189 1627 1262 llaec
1645 1193 1857 1284 exemplaris
1871 1193 2059 1264 meditatio
2076 1193 2214 1284 piaest,

165 1300 286 1371 denda
308 1313 379 1391 est,
411 1315 452 1370 ut
474 1320 581 1390 supra
607 1297 699 1381 diri,
732 1311 766 1367 et
790 1290 947 1369 acc.10.
974 1294 1161 1364 scribitur:
1186 1296 1188 1303 ’
1210 1295 1241 1363 si
1267 1319 1343 1365 non
1364 1296 1456 1367 desit
1469 1298 1637 1368 secunda.
1688 1293 1812 1389 Neque
1826 1296 1924 1365 enini
1941 1313 2037 1366 recte
2051 1295 2214 1384 agnoscit

167 1400 265 1473 Huic
301 1425 425 1473 omnes
452 1395 652 1492 Prophetae
687 1400 931 1471 testimonium
961 1392 1164 1488 perhibent,
1186 1387 1188 1393 ’
1212 1393 1417 1483 Christum,
1444 1399 1507 1493 qui
1522 1423 1604 1468 eum
1621 1411 1758 1469 tantuin
1774 1411 1876 1489 putat
1891 1400 2076 1469 doctorem
2092 1397 2214 1484 foisse,

167 1505 414 1576 remissionem
433 1520 656 1596 peccatorum
675 1504 832 1592 accipere
850 1524 913 1593 per
926 1525 1059 1570 nomen
1075 1500 1165 1584 eius,
1187 1510 1189 1544 ²
1211 1516 1251 1572 ut
1267 1499 1414 1584 Mosen,
1441 1515 1501 1572 aut
1515 1515 1654 1572 tantuin
1670 1503 1829 1607 exempla
1845 1502 1892 1572 ab
1907 1526 1950 1573 eo
1961 1504 2116 1596 petenda
2127 1524 2214 1588 esse,

168 1609 376 1703 omnesqui
398 1609 546 1678 credunt
571 1608 610 1674 in
633 1629 725 1679 euin.
778 1601 858 1674 lloc
879 1604 1016 1675 dictum
1040 1619 1164 1693 postu·
1187 1644 1189 1650 2
1211 1618 1252 1675 ut
1267 1629 1287 1674 a
1303 1601 1461 1690 Davide,
1486 1617 1548 1675 aut
1564 1603 1754 1675 similibus.

168 1711 237 1792 lat,
264 1727 304 1782 nt
327 1709 398 1782 lide
413 1710 628 1801 accipiamus
643 1708 855 1777 beneficium
870 1702 1026 1792 Christi,
1047 1707 1084 1776 id
1100 1719 1165 1790 est,
1187 1698 1190 1745 ³
1316 1705 1387 1779 Sed
1414 1721 1508 1778 recte
1529 1707 1683 1778 instituti
1708 1707 1748 1776 in
1770 1704 1986 1797 Evangelio,
2019 1719 2053 1775 et
2076 1705 2214 1776 intelli·

169 1826 366 1885 statuamus
395 1837 477 1883 vere
505 1812 612 1882 nobis
634 1813 761 1881 donari
785 1810 1050 1894 remissionem,
1080 1833 1165 1900 pro·
1188 1836 1190 1889 fi
1213 1824 1333 1901 gentes
1348 1814 1539 1883 secundam
1555 1810 1845 1894 meditationem,
1869 1810 1956 1880 inde
1969 1808 2214 1881 dulcissimam

167 1930 249 2009 pter
277 1912 385 1986 huius
411 1915 618 1985 mediatoris
647 1915 857 1984 sacrificium
887 1928 921 1984 et
943 1912 1166 1984 intercessio·
1188 1984 1191 2001 ,
1213 1913 1507 1999 consolationem,
1533 1928 1567 1983 et
1581 1914 1687 1983 utiles
1699 1913 1964 1989 admonitiones
1976 1935 2120 1982 sumere
2132 1934 2214 2004 pos-

97 2036 104 2052 ‘
169 2043 265 2092 nem.
326 2015 445 2088 Huius
476 2018 584 2089 totius
613 2017 797 2088 doctrinae
817 2017 983 2105 cogitatio
1008 2030 1060 2087 est
1082 2039 1167 2107 pae-
1188 2102 1191 2117 Ι
1212 2032 1308 2091 sunt.
1360 2016 1452 2088 Nam
1475 2019 1513 2087 in
1537 2014 1604 2087 hac
1625 2017 1699 2107 ipsa
1721 2011 1870 2087 historia
1888 2016 2064 2105 passionis
2077 2009 2214 2087 Christi

168 2121 319 2211 dagogia
347 2123 539 2215 quaedam,
579 2121 642 2190 sed
674 2135 792 2191 tamen
824 2143 900 2188 non
933 2119 1167 2211 aspernanda,
1188 2138 1191 2207 ξ
1214 2122 1387 2210 imagines
1410 2134 1664 2213 proponuntur
1686 2143 1776 2210 pene
1797 2119 1980 2205 omniurn,
2006 2142 2100 2213 quae
2123 2118 2213 2187 acci-

164 2225 201 2297 si
228 2225 267 2294 fit
289 2224 367 2293 sine
389 2223 651 2316 superstitione.
712 2222 803 2292 Nam
822 2246 885 2314 per
901 2217 966 2292 has
983 2214 1167 2314 cogitatio·
1214 2227 1306 2294 dunt
1319 2221 1508 2294 Ecclesiae.
1561 2220 1739 2292 Personae
1756 2236 1842 2293 sunt
1857 2216 1936 2302 hic,
1957 2221 2094 2306 sancti,
2120 2219 2212 2290 lirini

169 2349 234 2397 nes
248 2328 493 2397 accenduntur
506 2340 624 2396 motus
641 2327 853 2418 spirituales.
1188 2342 1249 2398 ἵει
1276 2328 1429 2412 infirmi,
1472 2322 1630 2397 hostiurn
1661 2327 1772 2396 multa
1806 2348 1954 2416 genera,
1993 2321 2212 2420 hypocritae,

1136 2466 1149 2515 ς
1188 2424 1378 2527 leynam,
1410 2433 1627 2514 sacerdotes,
1660 2428 1856 2522 principes,
1883 2429 2030 2517 vulgus,
2055 2426 2212 2519 pericula
2251 2474 2257 2485 ·

276 2494 343 2569 1³⁵²
366 2497 476 2617 igliur
498 2499 654 2615 ⁸f²⁰¹¹¹¹d³
680 2496 885 2615 medi²³¹i⁰2
912 2520 1001 2592 ‘1¹¹³‘
1024 2520 1167 2587 ”⁰9⁸²
1188 2530 1192 2609 i
1214 2535 1333 2620 varia,
1359 2533 1544 2603 manifesta
1561 2531 1743 2614 violentia,
1770 2531 1920 2601 insidiae
1934 2530 2108 2611 occultae,
2131 2553 2212 2620 pro·
2249 2605 2254 2613 ,

145 2613 318 2671 ‘vocatur
347 2599 563 2693 spiritualis,
594 2613 629 2668 et
658 2612 709 2670 eat
738 2599 922 2685 salutaris,
956 2624 1038 2670 vera
1062 2625 1168 2693 capa-

556 2701 594 2719 ..
686 2703 695 2719 .
833 2702 842 2719 .
1189 2626 1323 2721 5ditio,
1349 2637 1686 2726 amicorumfugae‚
1713 2629 1926 2730 σαρκασμοὶ
1944 2620 2257 2722 ἰιιξιιίιιιιίιιιι.”

171 2726 312 2774 vescere
332 2705 440 2775 corda
462 2715 667 2793 cognitione
684 2725 758 2772 irae
775 2699 844 2774 Dei
861 2703 1030 2775 adversus
1044 2717 1167 2774 nostra
1188 2724 1192 2791 ζ
1213 2736 1370 2810 &oum
1387 2738 1638 2833 ,eropum
1658 2738 1921 2809 consolationes
1936 2733 2211 2808 emmam
2249 2812 2257 2835 Ι

169 2819 331 2899 pemta’
356 2819 391 2875 οἱ
413 2800 505 2874 hanc
528 2805 619 2875 imm
641 2829 786 2877 ‘⁸¹⁰⁰st
810 2805 976 2875 infinum
992 2802 1168 2877 Deieffu‘
1189 2808 1191 2825 Ι
1214 2844 1401 2913 mirandae
1427 2857 1652 2927 sanctorum,
1688 2855 1721 2911 et
1743 2840 1964 2911 tristissimae
1985 2862 2124 2931 poenae
2145 2838 2211 2907 iiii·

169 2932 264 2993 ’Μ’
299 2908 392 3027 ’.ίῳ
413 2905 549 3027 ,panim
573 2907 760 3028 inluilffd
787 2904 971 3027 limma*
1002 2924 1167 3003 θρωπε
1189 2934 1192 3017 l
1215 2948 1379 3037 piorum,
1406 2960 1449 3018 ut
1471 2944 1591 3019 ludae.
1644 2942 1810 3037 Denique
1831 2937 1918 3015 haec
1939 2936 2091 3014 historia
2112 2940 2210 3036 quasi
2248 2942 2257 2957 ‘

169 3034 236 3082 nos
251 3011 325 3081 fieri
341 3011 477 3081 similes
491 3033 656 3101 imaginis
670 3011 735 3080 lilii
747 3008 825 3081 Dei.
874 3006 923 3081 Ει
936 3015 980 3082 ad
996 3009 1103 3087 Rom.
1114 3014 1166 3087 6.;

170 3111 277 3185 Insiti
292 3102 416 3185 sumus
431 3113 661 3185 similitudini
678 3115 804 3185 mortis
821 3113 907 3185 eius.
960 3111 1066 3184 Item·
1095 3114 1167 3187 Ve-
1214 3044 1401 3170 propheti?
1425 3062 1495 3169 ᾤ’
1525 3043 2104 3167 8ἰ8ῃίβωωΕαιεώη.οΜίῃω
2122 3059 2209 3164 'im‘

1059 3170 1067 3185 ·
1215 3178 1343 3245 porum
1359 3152 1492 3222 similes
1503 3152 1738 3233 calamitates,
1764 3150 2046 3231 consolationes,
2072 3162 2107 3219 et
2124 3148 2210 3218 libc-

170 3230 227 3288 tus
244 3232 364 3288 noster
379 3211 489 3287 homo
504 3216 612 3285 simul
629 3217 816 3287 crucifixus
830 3232 900 3305 est,
926 3232 967 3289 ut
981 3219 1168 3304 aboleatur
1215 3256 1382 3330 rationes·
1442 3253 1582 3325 Horum
1607 3253 1851 3344 exemplorum
1874 3252 2115 3323 consideratio
2137 3251 2209 3343 93⁰⁸

171 3444 296 3504 vore„
322 3424 382 3490 „d
407 3423 572 3491 accedere
595 3423 876 3493 consolationem
900 3437 934 3494 et
957 3423 1167 3495 vivificatio·
1188 3414 1192 3496 Ξ
1215 3362 1373 3440 erudire,
1400 3372 1436 3430 et
1453 3359 1665 3428 confirmare
1677 3371 1712 3427 et
1729 3356 1906 3426 consolari
1922 3368 2050 3447 potest.

169 3546 253 3595 iiam
277 3537 428 3616 oportet.
479 3519 577 3613 Ergo
600 3525 638 3593 in
660 3519 725 3593 hac
741 3524 918 3617 spirituali
933 3527 1167 3598 meditatione
1188 3502 1192 3695 ἑ
1601 3526 1831 3601 Historia.

169 3626 277 3745 etiam
297 3651 390 3746 nova
413 3624 533 3744 ¹¹¹¹.²¹
561 3627 730 3718 gaudium
756 3628 949 3713 sentiatur,
976 3654 1056 3736 cum
1081 3630 1168 3702 lides
1317 3664 1540 3738 nimpham
1557 3680 1674 3737 mm
1693 3658 1879 3734 historiam
1896 3662 1935 3731 in
1949 3661 2088 3754 aliqum
2105 3675 2210 3746 mm,

169 3741 295 3801 statuit
315 3753 404 3799 iram
421 3724 489 3799 Dei
513 3727 686 3822 placatam
704 3755 777 3801 esse
794 3756 857 3824 per
871 3732 1005 3817 lilium,
1031 3746 1067 3805 et
1083 3758 1168 3825 pro-
1188 3752 1191 3785 ³

1189 3796 1191 3843 a
1216 3784 1251 3841 et
1279 3784 1321 3841 ut
1351 3771 1456 3841 lectio
1481 3771 1527 3840 sit
1551 3768 1664 3860 magis
1685 3767 1890 3859 perspicua,
1925 3765 2031 3834 initio
2053 3777 2212 3856 tempora

1189 3927 1191 3943 .
1215 3875 1410 3946 annotabo.
1463 3870 1610 3943 Certum
1634 3884 1685 3940 est
1700 3865 1885 3941 Christum
1902 3867 2111 3940 ciiioil‘irnin
2128 3889 2211 3953 esse,
2251 3922 2257 3931 .

169 3934 349 4005 iusticiam
369 3949 402 4006 et
418 3933 547 4020 vitain,
573 3936 664 4006 sicut
680 3937 849 4030 scriptum
865 3953 916 4009 est
928 3941 974 4017 ¹ad
991 3936 1099 4012 Rom.
1115 3943 1167 4059 ⁰5²
1189 4041 1191 4053 ν
1216 3976 1251 4048 3·
1267 3974 1417 4050 calend·
1433 3975 1550 4064 ψῃ,
1566 3970 1634 4045 hoc
1649 3987 1725 4059 est,
1747 3972 1806 4042 die
1820 3969 2017 4044 amanti
2027 4024 2038 4060 ‚
2060 3985 2104 4042 ιιι
2119 3991 2213 4041 nune

170 4034 231 4110 Sic
254 4052 394 4129 oportet
417 4061 483 4106 nos
505 4037 616 4109 inseri
640 4038 871 4112 similitudini
896 4045 1168 4114 resurrectionis
1189 4060 1191 4149 ἰ
1215 4093 1267 4151 a,
1291 4079 1418 4150 mima
1442 4078 1618 4147 mensium
1634 4077 1744 4160 mio,
1772 4100 1868 4146 ,nno
1888 4073 2038 4168 Tybefpp
2059 4072 2117 4143 pp·
2135 4075 2213 4144 sue,

171 4133 319 4260 obiisti:
368 4135 605 4215 C⁰¹in¹h‘2'³
632 4139 702 4212 per
723 4146 1167 4266 luemlt⁸imulre⁸¹¹⁸⁰l'
1189 4152 1192 4231 l
1216 4196 1343 4277 ratque
1381 4183 1450 4249 iani
1482 4176 1654 4252 Christus
1686 4181 1865 4269 ingressus
1904 4200 2042 4247 anuum
2073 4174 2137 4249 3⁴.
2168 4172 2213 4246 Et

168 4255 235 4314 tati
257 4257 341 4316 eatis
362 4268 424 4334 per
446 4243 572 4338 fidem,
606 4246 780 4317 efficaciae
801 4244 880 4317 Dei.
943 4244 991 4319 Et
1011 4250 1057 4319 ad
1080 4244 1192 4319 Phi-¹

1189 4326 1192 4374 1
1216 4308 1419 4381 quanquam
1445 4286 1587 4379 dierum
1609 4283 1895 4374 praecedentium
1914 4283 2005 4351 ratio
2024 4304 2100 4349 non
2118 4291 2213 4349 certo

169 4344 222 4436 Hp
225 4392 235 4415 ⁸
250 4344 305 4416 3⁹³
332 4340 380 4417 Ul
402 4348 566 4418 imin
586 4349 625 4417 ³¹¹
646 4373 708 4430 ‘⁰’
736 4372 810 4435 ⁰⁰¹¹
828 4346 965 4421 h³b⁰¹¹⁵
980 4375 1095 4422 meam
1111 4352 1168 4424 5¹¹·
1189 4384 1192 4455 ἓ
1216 4388 1386 4459 constitui
1409 4401 1542 4477 potest,
1563 4401 1684 4456 tamen
1700 4381 1787 4454 haec
1802 4384 1992 4456 mediocris
2006 4383 2213 4455 distributio

168 4447 326 4541 stisiam,
353 4465 515 4541 quaeest
539 4476 580 4521 ex
604 4450 700 4544 lege,
725 4453 786 4521 sed
812 4477 888 4522 eam
913 4477 1005 4545 quae
1029 4468 1081 4526 est
1105 4480 1169 4546 per
1189 4520 1192 4567 ,
1216 4490 1352 4585 aliquid
1370 4491 1461 4562 lucis
1477 4484 1777 4560 ,flerthispoffieo

158 4542 276 4621 'fidem
294 4544 450 4637 Christi,
477 4576 567 4645 quae
592 4569 642 4626 est
661 4556 799 4626 iusticia
819 4580 861 4626 ex
878 4553 955 4627 Deo
972 4582 1035 4648 per
1050 4558 1169 4642 fidem,
1190 4591 1192 4645 ς
1319 4590 1388 4664 Die
1415 4591 1474 4667 14·
1489 4591 1616 4663 Mami
1638 4591 1782 4661 videtur
1806 4590 1985 4679 insnum
2008 4588 2077 4661 im
2095 4613 2137 4658 α
2155 4591 2212 4659 ὼ.

1216 4711 1329 4778 serto,
1355 4699 1419 4767 ubi
1436 4692 1616 4766 lohannes
1631 4693 1889 4786 baptizaverat,
1916 4693 2044 4760 undca
2061 4689 2213 4763 iordane

1188 4810 1191 4863 ἰ
1216 4803 1261 4870 ad
1283 4795 1420 4870 lericho
1445 4799 1598 4892 spatium
1621 4812 1673 4868 est
1689 4798 1846 4867 duorum
1863 4794 2059 4865 miliariu‘m
2077 4815 2213 4885 gernia-¹

271 4889 370 4965 Haec
406 4896 562 4965 secunda
598 4896 784 4967 meditatio
815 4899 1006 4987 diligenter
1034 4900 1167 4973 discer-
1189 4898 1191 4921 ἶ
1215 4904 1400 4990 nieorum,
1425 4900 1851 4995 inquoitinerecaecum
1867 4898 2018 4973 sanant.
2071 4889 2213 4969 Dicit.

83 5038 87 5047 ·
167 4999 287 5066 nenda
310 5011 363 5086 est
384 5022 404 5067 a
429 4999 552 5084 tertia,
578 5013 738 5091 quaeest
757 5003 987 5092 exemplaris,
1011 5007 1166 5076 secunda
1216 5007 1348 5077 mansit
1365 5002 1458 5097 apud
1476 4998 1690 5077 Zachaenm.
1742 4998 2213 5073 Die16.iterlecitsleri··

67 5186 70 5191 Ι
166 5096 405 5192 apprehendit
425 5098 611 5172 Christum
643 5103 916 5194 propiciatorem
948 5119 984 5175 et
1012 5107 1168 5178 salvato·
1216 5103 1283 5179 cho
1309 5134 1348 5179 ac
1366 5105 1596 5180 Bethaniam.
1647 5104 1737 5176 Nam
1756 5100 1895 5174 Iericho
1913 5105 2056 5175 distata
2077 5101 2213 5174 lerusae

166 5225 264 5287 -rem,
291 5216 324 5272 et
345 5204 498 5293 pretium
520 5218 556 5274 et
576 5228 717 5275 causam
741 5219 882 5274 nostrae
904 5209 1167 5281 reconciliatio·
1215 5211 1285 5281 lem
1304 5213 1413 5303 paulo
1428 5211 1509 5303 plns
1525 5224 1678 5303 quatuor
1695 5209 1827 5278 nostris
1845 5208 2061 5282 miliaribus.

37 5398 42 5409 ι
168 5304 245 5387 nis,
272 5305 432 5374 iusticiae
455 5320 490 5376 et
511 5308 603 5376 vitae
627 5321 809 5393 aeternae,
834 5311 894 5378 sed
921 5311 1045 5396 tertia,
1072 5336 1164 5406 quae
1316 5313 1386 5386 Die
1410 5317 1469 5386 17.
1492 5311 1619 5384 Martii
1642 5311 1797 5382 Lacarm
1819 5311 1991 5381 excitatur
2011 5323 2096 5381 ante
2118 5308 2214 5381 diem

167 5416 223 5477 est
250 5407 479 5493 exemplaris,
513 5408 673 5483 intuetur
694 5406 878 5485 Christum
907 5427 948 5485 ut
971 5415 1167 5503 doctorem,
1214 5414 1433 5495 Palmarum.
1486 5417 1559 5488 Die
1576 5415 1640 5497 1⁸.
1649 5414 1814 5489 {massis
1823 5414 1956 5486 mansit
1973 5414 2012 5483 in
2027 5407 2218 5490 Bethania.

169 4755 264 4845 eins,
291 4769 326 4826 et
341 4755 543 4829 societatem
561 4760 765 4851 passionum
783 4761 871 4837 eius.
