<?xml version="1.0" encoding="UTF-8"?>
<!DOCTYPE html PUBLIC "-//W3C//DTD XHTML 1.0 Transitional//EN"
    "http://www.w3.org/TR/xhtml1/DTD/xhtml1-transitional.dtd">
<html xmlns="http://www.w3.org/1999/xhtml" xml:lang="en" lang="en">
 <head>
  <title>
</title>
<meta http-equiv="Content-Type" content="text/html;charset=utf-8" />
  <meta name='ocr-system' content='tesseract 3.04.00' />
  <meta name='ocr-capabilities' content='ocr_page ocr_carea ocr_par ocr_line ocrx_word'/>
</head>
<body>
  <div class='ocr_page' id='page_1' title='image "./corpusreformato01melagoog/corpusreformato01melagoog_0078.png"; bbox 0 0 4522 5782; ppageno 0'>
   <div class='ocr_carea' id='block_1_1' title="bbox 58 159 2246 331">
    <p class='ocr_par' dir='ltr' id='par_1_1' title="bbox 58 159 2246 331">
     <span class='ocr_line' id='line_1_1' title="bbox 58 159 2246 331; baseline 0.001 -50"><span class='ocrx_word' id='word_1_1' title='bbox 58 176 150 303; x_wconf 69' lang='lat' dir='ltr'>uo</span> <span class='ocrx_word' id='word_1_2' title='bbox 466 159 549 283; x_wconf 88' lang='lat' dir='ltr'>xu.</span> <span class='ocrx_word' id='word_1_3' title='bbox 602 198 1432 285; x_wconf 79' lang='lat' dir='ltr'>unaunarromuvann.1oanms.</span> <span class='ocrx_word' id='word_1_4' title='bbox 1482 201 1587 278; x_wconf 80' lang='lat' dir='ltr'>car.</span> <span class='ocrx_word' id='word_1_5' title='bbox 1614 208 1675 282; x_wconf 84' lang='lat' dir='ltr'>n.</span> <span class='ocrx_word' id='word_1_6' title='bbox 2015 220 2091 293; x_wconf 69' lang='grc' dir='ltr'>ιω</span> <span class='ocrx_word' id='word_1_7' title='bbox 2204 228 2246 331; x_wconf 24' lang='grc' dir='ltr'>-Ι</span> 
     </span>
    </p>
   </div>
   <div class='ocr_carea' id='block_1_2' title="bbox 53 370 2123 880">
    <p class='ocr_par' dir='ltr' id='par_1_2' title="bbox 53 370 2123 880">
     <span class='ocr_line' id='line_1_2' title="bbox 59 370 2088 477; baseline 0.004 -27"><span class='ocrx_word' id='word_1_8' title='bbox 59 378 208 450; x_wconf 81' lang='lat' dir='ltr'>ludaeos</span> <span class='ocrx_word' id='word_1_9' title='bbox 234 391 269 451; x_wconf 88' lang='lat' dir='ltr'>et</span> <span class='ocrx_word' id='word_1_10' title='bbox 289 390 421 470; x_wconf 81' lang='lat' dir='ltr'>gentes.</span> <span class='ocrx_word' id='word_1_11' title='bbox 473 374 557 450; x_wconf 91' lang='lat' dir='ltr'>ldeo</span> <span class='ocrx_word' id='word_1_12' title='bbox 575 379 660 452; x_wconf 89' lang='lat' dir='ltr'>dicit</span> <span class='ocrx_word' id='word_1_13' title='bbox 673 375 837 451; x_wconf 87' lang='lat' dir='ltr'>Christus</span> <span class='ocrx_word' id='word_1_14' title='bbox 853 376 950 451; x_wconf 87' lang='lat' dir='ltr'>loan.</span> <span class='ocrx_word' id='word_1_15' title='bbox 971 381 1045 454; x_wconf 70' lang='lat' dir='ltr'>ta:</span> <span class='ocrx_word' id='word_1_16' title='bbox 1097 373 1246 477; x_wconf 83' lang='lat' dir='ltr'>historia</span> <span class='ocrx_word' id='word_1_17' title='bbox 1264 376 1427 445; x_wconf 84' lang='lat' dir='ltr'><strong>miraculi</strong></span> <span class='ocrx_word' id='word_1_18' title='bbox 1443 370 1510 445; x_wconf 86' lang='lat' dir='ltr'>hoc</span> <span class='ocrx_word' id='word_1_19' title='bbox 1530 388 1689 472; x_wconf 87' lang='lat' dir='ltr'>tempore</span> <span class='ocrx_word' id='word_1_20' title='bbox 1712 382 1813 470; x_wconf 84' lang='lat' dir='ltr'>lacti,</span> <span class='ocrx_word' id='word_1_21' title='bbox 1837 387 1942 457; x_wconf 81' lang='lat' dir='ltr'>etiarn</span> <span class='ocrx_word' id='word_1_22' title='bbox 1966 390 2088 459; x_wconf 90' lang='lat' dir='ltr'>areli·</span> 
     </span>
     <span class='ocr_line' id='line_1_3' title="bbox 53 478 2123 587; baseline 0.004 -33"><span class='ocrx_word' id='word_1_23' title='bbox 53 481 197 562; x_wconf 76' lang='lat' dir='ltr'>Sereno,</span> <span class='ocrx_word' id='word_1_24' title='bbox 222 482 480 576; x_wconf 87' lang='lat' dir='ltr'>quemlocutus</span> <span class='ocrx_word' id='word_1_25' title='bbox 503 502 600 565; x_wconf 89' lang='lat' dir='ltr'>snm,</span> <span class='ocrx_word' id='word_1_26' title='bbox 626 482 798 553; x_wconf 86' lang='lat' dir='ltr'>iudicabit</span> <span class='ocrx_word' id='word_1_27' title='bbox 820 506 900 551; x_wconf 76' lang='lat' dir='ltr'>euin</span> <span class='ocrx_word' id='word_1_28' title='bbox 925 481 1046 550; x_wconf 87' lang='lat' dir='ltr'>novis-</span> <span class='ocrx_word' id='word_1_29' title='bbox 1070 506 1074 587; x_wconf 52' lang='grc' dir='ltr'>ξ</span> <span class='ocrx_word' id='word_1_30' title='bbox 1098 480 1177 572; x_wconf 90' lang='lat' dir='ltr'>quis</span> <span class='ocrx_word' id='word_1_31' title='bbox 1227 478 1339 548; x_wconf 90' lang='lat' dir='ltr'>trihus</span> <span class='ocrx_word' id='word_1_32' title='bbox 1379 478 1598 567; x_wconf 86' lang='lat' dir='ltr'>evangelicae</span> <span class='ocrx_word' id='word_1_33' title='bbox 1640 478 1806 555; x_wconf 76' lang='lat' dir='ltr'>historiae</span> <span class='ocrx_word' id='word_1_34' title='bbox 1846 491 2123 580; x_wconf 74' lang='lat' dir='ltr'>scriptoribus„</span> 
     </span>
     <span class='ocr_line' id='line_1_4' title="bbox 53 577 2088 691; baseline 0.004 -38"><span class='ocrx_word' id='word_1_35' title='bbox 53 583 140 653; x_wconf 85' lang='lat' dir='ltr'>sium</span> <span class='ocrx_word' id='word_1_36' title='bbox 157 583 232 652; x_wconf 89' lang='lat' dir='ltr'>die.</span> <span class='ocrx_word' id='word_1_37' title='bbox 283 577 539 672; x_wconf 88' lang='lat' dir='ltr'>Complectitur</span> <span class='ocrx_word' id='word_1_38' title='bbox 553 577 819 654; x_wconf 90' lang='lat' dir='ltr'>enimChristus</span> <span class='ocrx_word' id='word_1_39' title='bbox 836 597 871 653; x_wconf 89' lang='lat' dir='ltr'>et</span> <span class='ocrx_word' id='word_1_40' title='bbox 887 584 1046 666; x_wconf 90' lang='lat' dir='ltr'>verbum,</span> <span class='ocrx_word' id='word_1_41' title='bbox 1070 592 1074 691; x_wconf 51' lang='grc' dir='ltr'>ἱ</span> <span class='ocrx_word' id='word_1_42' title='bbox 1097 602 1242 672; x_wconf 89' lang='lat' dir='ltr'>prorsus</span> <span class='ocrx_word' id='word_1_43' title='bbox 1263 581 1387 647; x_wconf 90' lang='lat' dir='ltr'>eodem</span> <span class='ocrx_word' id='word_1_44' title='bbox 1410 583 1515 649; x_wconf 89' lang='lat' dir='ltr'>modo</span> <span class='ocrx_word' id='word_1_45' title='bbox 1541 599 1720 654; x_wconf 78' lang='lat' dir='ltr'>narratur:</span> <span class='ocrx_word' id='word_1_46' title='bbox 1765 603 1897 658; x_wconf 90' lang='lat' dir='ltr'>certum</span> <span class='ocrx_word' id='word_1_47' title='bbox 1924 604 1975 662; x_wconf 91' lang='lat' dir='ltr'>est</span> <span class='ocrx_word' id='word_1_48' title='bbox 1997 607 2088 663; x_wconf 87' lang='lat' dir='ltr'>tem-</span> 
     </span>
     <span class='ocr_line' id='line_1_5' title="bbox 54 682 2085 779; baseline 0.003 -25"><span class='ocrx_word' id='word_1_49' title='bbox 54 682 225 754; x_wconf 86' lang='lat' dir='ltr'>etornnia</span> <span class='ocrx_word' id='word_1_50' title='bbox 240 682 443 753; x_wconf 87' lang='lat' dir='ltr'>testimonia</span> <span class='ocrx_word' id='word_1_51' title='bbox 459 685 553 754; x_wconf 90' lang='lat' dir='ltr'>edita</span> <span class='ocrx_word' id='word_1_52' title='bbox 568 685 613 753; x_wconf 90' lang='lat' dir='ltr'>de</span> <span class='ocrx_word' id='word_1_53' title='bbox 631 687 757 771; x_wconf 85' lang='lat' dir='ltr'>verbo,</span> <span class='ocrx_word' id='word_1_54' title='bbox 784 709 873 778; x_wconf 88' lang='lat' dir='ltr'>quae</span> <span class='ocrx_word' id='word_1_55' title='bbox 896 684 1046 755; x_wconf 85' lang='lat' dir='ltr'>convin-</span> <span class='ocrx_word' id='word_1_56' title='bbox 1071 698 1074 727; x_wconf 79' lang='lat'><em>=</em></span> <span class='ocrx_word' id='word_1_57' title='bbox 1098 704 1164 773; x_wconf 91' lang='lat' dir='ltr'>pus</span> <span class='ocrx_word' id='word_1_58' title='bbox 1185 702 1398 769; x_wconf 84' lang='lat' dir='ltr'>congruere,</span> <span class='ocrx_word' id='word_1_59' title='bbox 1439 682 1535 773; x_wconf 91' lang='lat' dir='ltr'>quod</span> <span class='ocrx_word' id='word_1_60' title='bbox 1566 683 1699 755; x_wconf 86' lang='lat' dir='ltr'>lactum</span> <span class='ocrx_word' id='word_1_61' title='bbox 1722 688 1829 759; x_wconf 87' lang='lat' dir='ltr'>suerit</span> <span class='ocrx_word' id='word_1_62' title='bbox 1853 690 1956 761; x_wconf 90' lang='lat' dir='ltr'>initio</span> <span class='ocrx_word' id='word_1_63' title='bbox 1981 693 2085 779; x_wconf 75' lang='lat' dir='ltr'>reris,</span> 
     </span>
     <span class='ocr_line' id='line_1_6' title="bbox 54 779 2087 880; baseline 0.009 -35"><span class='ocrx_word' id='word_1_64' title='bbox 54 797 135 856; x_wconf 70' lang='lat' dir='ltr'>tunt</span> <span class='ocrx_word' id='word_1_65' title='bbox 149 806 280 854; x_wconf 80' lang='lat' dir='ltr'>omnes</span> <span class='ocrx_word' id='word_1_66' title='bbox 294 782 444 880; x_wconf 82' lang='lat' dir='ltr'>impios,</span> <span class='ocrx_word' id='word_1_67' title='bbox 470 781 620 879; x_wconf 79' lang='lat' dir='ltr'>ludaeos</span> <span class='ocrx_word' id='word_1_68' title='bbox 635 799 668 857; x_wconf 79' lang='lat' dir='ltr'>et</span> <span class='ocrx_word' id='word_1_69' title='bbox 683 800 815 877; x_wconf 68' lang='lat' dir='ltr'>genter,</span> <span class='ocrx_word' id='word_1_70' title='bbox 1098 796 1132 853; x_wconf 93' lang='lat' dir='ltr'>et</span> <span class='ocrx_word' id='word_1_71' title='bbox 1150 782 1214 849; x_wconf 90' lang='lat' dir='ltr'>sub</span> <span class='ocrx_word' id='word_1_72' title='bbox 1229 782 1357 851; x_wconf 87' lang='lat' dir='ltr'>festum</span> <span class='ocrx_word' id='word_1_73' title='bbox 1376 781 1472 851; x_wconf 92' lang='lat' dir='ltr'>illius</span> <span class='ocrx_word' id='word_1_74' title='bbox 1493 779 1665 871; x_wconf 82' lang='lat' dir='ltr'>Paschae,</span> <span class='ocrx_word' id='word_1_75' title='bbox 1692 811 1770 857; x_wconf 86' lang='lat' dir='ltr'>curn</span> <span class='ocrx_word' id='word_1_76' title='bbox 1789 816 1861 860; x_wconf 91' lang='lat' dir='ltr'>non</span> <span class='ocrx_word' id='word_1_77' title='bbox 1879 793 1990 862; x_wconf 89' lang='lat' dir='ltr'>multo</span> <span class='ocrx_word' id='word_1_78' title='bbox 2005 809 2087 864; x_wconf 89' lang='lat' dir='ltr'>ante</span> 
     </span>
    </p>
   </div>
   <div class='ocr_carea' id='block_1_3' title="bbox 1097 881 2087 969">
    <p class='ocr_par' dir='ltr' id='par_1_3' title="bbox 1097 881 2087 969">
     <span class='ocr_line' id='line_1_7' title="bbox 1097 881 2087 969; baseline 0.015 -18"><span class='ocrx_word' id='word_1_79' title='bbox 1097 882 1302 954; x_wconf 83' lang='lat' dir='ltr'>interfectus</span> <span class='ocrx_word' id='word_1_80' title='bbox 1326 897 1413 955; x_wconf 90' lang='lat' dir='ltr'>esset</span> <span class='ocrx_word' id='word_1_81' title='bbox 1432 881 1600 969; x_wconf 91' lang='lat' dir='ltr'>loannes,</span> <span class='ocrx_word' id='word_1_82' title='bbox 1624 887 1712 958; x_wconf 87' lang='lat' dir='ltr'>sicut</span> <span class='ocrx_word' id='word_1_83' title='bbox 1727 891 1818 959; x_wconf 90' lang='lat' dir='ltr'>clare</span> <span class='ocrx_word' id='word_1_84' title='bbox 1834 895 1992 967; x_wconf 87' lang='lat' dir='ltr'>scribunt</span> <span class='ocrx_word' id='word_1_85' title='bbox 2009 920 2087 966; x_wconf 91' lang='lat' dir='ltr'>cae-</span> 
     </span>
    </p>
   </div>
   <div class='ocr_carea' id='block_1_4' title="bbox 97 946 2087 1150">
    <p class='ocr_par' dir='ltr' id='par_1_4' title="bbox 97 946 2087 1150">
     <span class='ocr_line' id='line_1_8' title="bbox 97 946 2087 1085; baseline 0.008 -34"><span class='ocrx_word' id='word_1_86' title='bbox 97 946 300 1070; x_wconf 66' lang='lat' dir='ltr'>Quomodo</span> <span class='ocrx_word' id='word_1_87' title='bbox 327 952 479 1071; x_wconf 52' lang='lat' dir='ltr'>mnf-“²⁸⁸</span> <span class='ocrx_word' id='word_1_88' title='bbox 511 948 753 1071; x_wconf 44' lang='lat' dir='ltr'>J’andma</span> <span class='ocrx_word' id='word_1_89' title='bbox 791 952 858 1052; x_wconf 39' lang='grc' dir='ltr'>(ΙΨ.</span> <span class='ocrx_word' id='word_1_90' title='bbox 881 951 1046 1048; x_wconf 54' lang='lat' dir='ltr'>&amp;hlium</span> <span class='ocrx_word' id='word_1_91' title='bbox 1097 983 1175 1067; x_wconf 90' lang='lat' dir='ltr'>teri,</span> <span class='ocrx_word' id='word_1_92' title='bbox 1201 986 1260 1052; x_wconf 90' lang='lat' dir='ltr'>sed</span> <span class='ocrx_word' id='word_1_93' title='bbox 1277 985 1375 1076; x_wconf 90' lang='lat' dir='ltr'>quoti</span> <span class='ocrx_word' id='word_1_94' title='bbox 1391 986 1476 1054; x_wconf 94' lang='lat' dir='ltr'>anni</span> <span class='ocrx_word' id='word_1_95' title='bbox 1493 984 1669 1058; x_wconf 88' lang='lat' dir='ltr'>idPascha</span> <span class='ocrx_word' id='word_1_96' title='bbox 1684 991 1776 1060; x_wconf 86' lang='lat' dir='ltr'>suit?</span> <span class='ocrx_word' id='word_1_97' title='bbox 1800 990 1889 1061; x_wconf 89' lang='lat' dir='ltr'>Nam</span> <span class='ocrx_word' id='word_1_98' title='bbox 1906 996 1950 1064; x_wconf 89' lang='lat' dir='ltr'>de</span> <span class='ocrx_word' id='word_1_99' title='bbox 1970 997 2087 1085; x_wconf 91' lang='lat' dir='ltr'>primo</span> 
     </span>
     <span class='ocr_line' id='line_1_9' title="bbox 152 1050 633 1150; baseline -0.01 -26"><span class='ocrx_word' id='word_1_100' title='bbox 152 1052 262 1124; x_wconf 76' lang='lat' dir='ltr'>aleos</span> <span class='ocrx_word' id='word_1_101' title='bbox 278 1051 328 1123; x_wconf 82' lang='lat' dir='ltr'>ab</span> <span class='ocrx_word' id='word_1_102' title='bbox 341 1050 422 1123; x_wconf 75' lang='lat' dir='ltr'>also</span> <span class='ocrx_word' id='word_1_103' title='bbox 437 1051 633 1150; x_wconf 75' lang='lat' dir='ltr'>accipitre?</span> 
     </span>
    </p>
   </div>
   <div class='ocr_carea' id='block_1_5' title="bbox 54 1185 2117 2494">
    <p class='ocr_par' dir='ltr' id='par_1_5' title="bbox 54 1185 2117 2494">
     <span class='ocr_line' id='line_1_10' title="bbox 122 1185 2088 1287; baseline 0.004 -29"><span class='ocrx_word' id='word_1_104' title='bbox 122 1185 211 1260; x_wconf 88' lang='lat' dir='ltr'>Duo</span> <span class='ocrx_word' id='word_1_105' title='bbox 229 1187 267 1255; x_wconf 93' lang='lat' dir='ltr'>in</span> <span class='ocrx_word' id='word_1_106' title='bbox 281 1186 352 1256; x_wconf 88' lang='lat' dir='ltr'>fine</span> <span class='ocrx_word' id='word_1_107' title='bbox 366 1187 477 1270; x_wconf 83' lang='lat' dir='ltr'><strong>addit,</strong></span> <span class='ocrx_word' id='word_1_108' title='bbox 503 1210 656 1276; x_wconf 88' lang='lat' dir='ltr'>causam,</span> <span class='ocrx_word' id='word_1_109' title='bbox 678 1209 786 1282; x_wconf 88' lang='lat' dir='ltr'>quare</span> <span class='ocrx_word' id='word_1_110' title='bbox 802 1211 874 1256; x_wconf 91' lang='lat' dir='ltr'>non</span> <span class='ocrx_word' id='word_1_111' title='bbox 891 1190 1047 1274; x_wconf 84' lang='lat' dir='ltr'>credant,</span> <span class='ocrx_word' id='word_1_112' title='bbox 1097 1200 1190 1256; x_wconf 91' lang='lat' dir='ltr'>stum</span> <span class='ocrx_word' id='word_1_113' title='bbox 1214 1209 1233 1254; x_wconf 88' lang='lat' dir='ltr'>a</span> <span class='ocrx_word' id='word_1_114' title='bbox 1256 1186 1371 1277; x_wconf 89' lang='lat' dir='ltr'>primo</span> <span class='ocrx_word' id='word_1_115' title='bbox 1395 1187 1565 1257; x_wconf 87' lang='lat' dir='ltr'>miraculo</span> <span class='ocrx_word' id='word_1_116' title='bbox 1589 1189 1680 1260; x_wconf 87' lang='lat' dir='ltr'>lacto</span> <span class='ocrx_word' id='word_1_117' title='bbox 1703 1192 1900 1287; x_wconf 86' lang='lat' dir='ltr'>innuptiis</span> <span class='ocrx_word' id='word_1_118' title='bbox 1925 1198 1962 1265; x_wconf 92' lang='lat' dir='ltr'>in</span> <span class='ocrx_word' id='word_1_119' title='bbox 1978 1198 2088 1285; x_wconf 86' lang='lat' dir='ltr'>Cana,</span> 
     </span>
     <span class='ocr_line' id='line_1_11' title="bbox 55 1283 2088 1382; baseline 0.003 -18"><span class='ocrx_word' id='word_1_120' title='bbox 55 1290 430 1364; x_wconf 85' lang='lat' dir='ltr'>etcomminationem.</span> <span class='ocrx_word' id='word_1_121' title='bbox 482 1285 593 1359; x_wconf 89' lang='lat' dir='ltr'>Causa</span> <span class='ocrx_word' id='word_1_122' title='bbox 620 1302 687 1373; x_wconf 89' lang='lat' dir='ltr'>est,</span> <span class='ocrx_word' id='word_1_123' title='bbox 713 1290 797 1381; x_wconf 84' lang='lat' dir='ltr'>quin</span> <span class='ocrx_word' id='word_1_124' title='bbox 814 1289 962 1378; x_wconf 88' lang='lat' dir='ltr'>gloriam</span> <span class='ocrx_word' id='word_1_125' title='bbox 979 1285 1047 1359; x_wconf 91' lang='lat' dir='ltr'>hu-</span> <span class='ocrx_word' id='word_1_126' title='bbox 1097 1287 1293 1357; x_wconf 88' lang='lat' dir='ltr'>ascendisse</span> <span class='ocrx_word' id='word_1_127' title='bbox 1311 1283 1560 1382; x_wconf 89' lang='lat' dir='ltr'>lerosolymam</span> <span class='ocrx_word' id='word_1_128' title='bbox 1584 1293 1628 1359; x_wconf 89' lang='lat' dir='ltr'>ad</span> <span class='ocrx_word' id='word_1_129' title='bbox 1650 1293 1796 1379; x_wconf 83' lang='lat' dir='ltr'>festum,</span> <span class='ocrx_word' id='word_1_130' title='bbox 1829 1322 1869 1367; x_wconf 90' lang='lat' dir='ltr'>ac</span> <span class='ocrx_word' id='word_1_131' title='bbox 1892 1299 2009 1369; x_wconf 91' lang='lat' dir='ltr'>iudico</span> <span class='ocrx_word' id='word_1_132' title='bbox 2025 1302 2088 1370; x_wconf 91' lang='lat' dir='ltr'>de-</span> 
     </span>
     <span class='ocr_line' id='line_1_12' title="bbox 55 1385 2089 1488; baseline 0.005 -27"><span class='ocrx_word' id='word_1_133' title='bbox 55 1415 197 1461; x_wconf 86' lang='lat' dir='ltr'>manarn</span> <span class='ocrx_word' id='word_1_134' title='bbox 228 1404 415 1484; x_wconf 86' lang='lat' dir='ltr'>quaerunt.</span> <span class='ocrx_word' id='word_1_135' title='bbox 480 1387 653 1479; x_wconf 91' lang='lat' dir='ltr'>Magnum</span> <span class='ocrx_word' id='word_1_136' title='bbox 679 1389 972 1480; x_wconf 79' lang='lat' dir='ltr'>impedimentum</span> <span class='ocrx_word' id='word_1_137' title='bbox 995 1406 1047 1462; x_wconf 88' lang='lat' dir='ltr'>cst</span> <span class='ocrx_word' id='word_1_138' title='bbox 1098 1389 1206 1459; x_wconf 92' lang='lat' dir='ltr'>scribi</span> <span class='ocrx_word' id='word_1_139' title='bbox 1225 1387 1430 1457; x_wconf 86' lang='lat' dir='ltr'>continuam</span> <span class='ocrx_word' id='word_1_140' title='bbox 1449 1385 1631 1460; x_wconf 83' lang='lat' dir='ltr'>historiam</span> <span class='ocrx_word' id='word_1_141' title='bbox 1651 1396 1827 1481; x_wconf 91' lang='lat' dir='ltr'>eiusdem,</span> <span class='ocrx_word' id='word_1_142' title='bbox 1851 1394 1966 1488; x_wconf 80' lang='lat' dir='ltr'>prir&#39;no</span> <span class='ocrx_word' id='word_1_143' title='bbox 1982 1426 2089 1487; x_wconf 92' lang='lat' dir='ltr'>anno,</span> 
     </span>
     <span class='ocr_line' id='line_1_13' title="bbox 57 1483 2117 1584; baseline 0.004 -21"><span class='ocrx_word' id='word_1_144' title='bbox 57 1494 131 1563; x_wconf 77' lang='lat' dir='ltr'>fidei</span> <span class='ocrx_word' id='word_1_145' title='bbox 165 1505 202 1562; x_wconf 90' lang='lat' dir='ltr'>et</span> <span class='ocrx_word' id='word_1_146' title='bbox 231 1483 481 1573; x_wconf 83' lang='lat' dir='ltr'>consessionis,</span> <span class='ocrx_word' id='word_1_147' title='bbox 531 1491 720 1562; x_wconf 91' lang='lat' dir='ltr'>solicitudo</span> <span class='ocrx_word' id='word_1_148' title='bbox 744 1493 788 1559; x_wconf 82' lang='lat' dir='ltr'>cle</span> <span class='ocrx_word' id='word_1_149' title='bbox 813 1491 907 1561; x_wconf 89' lang='lat' dir='ltr'>victu</span> <span class='ocrx_word' id='word_1_150' title='bbox 943 1505 978 1562; x_wconf 92' lang='lat' dir='ltr'>et</span> <span class='ocrx_word' id='word_1_151' title='bbox 1003 1494 1047 1562; x_wconf 90' lang='lat' dir='ltr'>de</span> <span class='ocrx_word' id='word_1_152' title='bbox 1097 1490 1136 1558; x_wconf 90' lang='lat' dir='ltr'>in</span> <span class='ocrx_word' id='word_1_153' title='bbox 1153 1490 1333 1581; x_wconf 88' lang='lat' dir='ltr'>prioribus</span> <span class='ocrx_word' id='word_1_154' title='bbox 1348 1491 1506 1584; x_wconf 88' lang='lat' dir='ltr'>quinque</span> <span class='ocrx_word' id='word_1_155' title='bbox 1529 1493 1722 1584; x_wconf 89' lang='lat' dir='ltr'>capitibus,</span> <span class='ocrx_word' id='word_1_156' title='bbox 1756 1500 1799 1566; x_wconf 88' lang='lat' dir='ltr'>de</span> <span class='ocrx_word' id='word_1_157' title='bbox 1822 1501 1936 1570; x_wconf 89' lang='lat' dir='ltr'>reditu</span> <span class='ocrx_word' id='word_1_158' title='bbox 1953 1483 2117 1579; x_wconf 82' lang='lat' dir='ltr'>Christi,</span> 
     </span>
     <span class='ocr_line' id='line_1_14' title="bbox 57 1589 2088 1685; baseline 0.005 -21"><span class='ocrx_word' id='word_1_159' title='bbox 57 1596 143 1677; x_wconf 80' lang='lat' dir='ltr'>rita,</span> <span class='ocrx_word' id='word_1_160' title='bbox 177 1596 239 1662; x_wconf 92' lang='lat' dir='ltr'>sed</span> <span class='ocrx_word' id='word_1_161' title='bbox 256 1595 368 1662; x_wconf 91' lang='lat' dir='ltr'>multo</span> <span class='ocrx_word' id='word_1_162' title='bbox 386 1594 500 1662; x_wconf 80' lang='lat' dir='ltr'>nraius</span> <span class='ocrx_word' id='word_1_163' title='bbox 526 1606 577 1661; x_wconf 89' lang='lat' dir='ltr'>est</span> <span class='ocrx_word' id='word_1_164' title='bbox 602 1594 647 1662; x_wconf 90' lang='lat' dir='ltr'>de</span> <span class='ocrx_word' id='word_1_165' title='bbox 669 1592 779 1681; x_wconf 86' lang='lat' dir='ltr'>gloria</span> <span class='ocrx_word' id='word_1_166' title='bbox 804 1606 838 1664; x_wconf 90' lang='lat' dir='ltr'>et</span> <span class='ocrx_word' id='word_1_167' title='bbox 863 1593 1045 1684; x_wconf 84' lang='lat' dir='ltr'>opinione.</span> <span class='ocrx_word' id='word_1_168' title='bbox 1099 1590 1136 1658; x_wconf 91' lang='lat' dir='ltr'>in</span> <span class='ocrx_word' id='word_1_169' title='bbox 1153 1589 1347 1660; x_wconf 85' lang='lat' dir='ltr'>Galilacam</span> <span class='ocrx_word' id='word_1_170' title='bbox 1366 1605 1398 1661; x_wconf 89' lang='lat' dir='ltr'>et</span> <span class='ocrx_word' id='word_1_171' title='bbox 1411 1594 1560 1663; x_wconf 91' lang='lat' dir='ltr'>transitu</span> <span class='ocrx_word' id='word_1_172' title='bbox 1578 1619 1639 1685; x_wconf 92' lang='lat' dir='ltr'>per</span> <span class='ocrx_word' id='word_1_173' title='bbox 1653 1595 1847 1668; x_wconf 89' lang='lat' dir='ltr'>Samariam</span> <span class='ocrx_word' id='word_1_174' title='bbox 1863 1615 1895 1671; x_wconf 92' lang='lat' dir='ltr'>et</span> <span class='ocrx_word' id='word_1_175' title='bbox 1910 1605 2027 1674; x_wconf 88' lang='lat' dir='ltr'>reditu</span> <span class='ocrx_word' id='word_1_176' title='bbox 2042 1605 2088 1674; x_wconf 92' lang='lat' dir='ltr'>ad</span> 
     </span>
     <span class='ocr_line' id='line_1_15' title="bbox 55 1691 2089 1791; baseline 0.003 -24"><span class='ocrx_word' id='word_1_177' title='bbox 55 1694 276 1767; x_wconf 84' lang='lat' dir='ltr'>Praestantes</span> <span class='ocrx_word' id='word_1_178' title='bbox 290 1694 359 1762; x_wconf 88' lang='lat' dir='ltr'>viri</span> <span class='ocrx_word' id='word_1_179' title='bbox 383 1695 512 1762; x_wconf 89' lang='lat' dir='ltr'>nolunt</span> <span class='ocrx_word' id='word_1_180' title='bbox 534 1693 647 1761; x_wconf 90' lang='lat' dir='ltr'>videri</span> <span class='ocrx_word' id='word_1_181' title='bbox 672 1694 828 1763; x_wconf 88' lang='lat' dir='ltr'>seditiosi</span> <span class='ocrx_word' id='word_1_182' title='bbox 851 1710 884 1764; x_wconf 89' lang='lat' dir='ltr'>et</span> <span class='ocrx_word' id='word_1_183' title='bbox 907 1710 1046 1787; x_wconf 80' lang='lat' dir='ltr'>pertur—</span> <span class='ocrx_word' id='word_1_184' title='bbox 1097 1692 1225 1762; x_wconf 81' lang='lat' dir='ltr'>festum</span> <span class='ocrx_word' id='word_1_185' title='bbox 1248 1691 1487 1766; x_wconf 68' lang='lat' dir='ltr'>pentecostes:</span> <span class='ocrx_word' id='word_1_186' title='bbox 1528 1697 1652 1765; x_wconf 92' lang='lat' dir='ltr'>sedin</span> <span class='ocrx_word' id='word_1_187' title='bbox 1680 1694 1884 1791; x_wconf 88' lang='lat' dir='ltr'>boccapite</span> <span class='ocrx_word' id='word_1_188' title='bbox 1916 1729 2006 1773; x_wconf 89' lang='lat' dir='ltr'>nova</span> <span class='ocrx_word' id='word_1_189' title='bbox 2031 1728 2089 1774; x_wconf 90' lang='lat' dir='ltr'>se·</span> 
     </span>
     <span class='ocr_line' id='line_1_16' title="bbox 54 1792 2089 1886; baseline 0.004 -19"><span class='ocrx_word' id='word_1_190' title='bbox 54 1798 193 1868; x_wconf 88' lang='lat' dir='ltr'>batores</span> <span class='ocrx_word' id='word_1_191' title='bbox 212 1796 374 1886; x_wconf 87' lang='lat' dir='ltr'>publicae</span> <span class='ocrx_word' id='word_1_192' title='bbox 391 1794 502 1885; x_wconf 84' lang='lat' dir='ltr'>pacis,</span> <span class='ocrx_word' id='word_1_193' title='bbox 527 1807 561 1864; x_wconf 93' lang='lat' dir='ltr'>et</span> <span class='ocrx_word' id='word_1_194' title='bbox 576 1795 759 1866; x_wconf 85' lang='lat' dir='ltr'>constituti</span> <span class='ocrx_word' id='word_1_195' title='bbox 782 1808 891 1865; x_wconf 90' lang='lat' dir='ltr'>status</span> <span class='ocrx_word' id='word_1_196' title='bbox 917 1798 953 1864; x_wconf 94' lang='lat' dir='ltr'>in</span> <span class='ocrx_word' id='word_1_197' title='bbox 977 1798 1046 1866; x_wconf 89' lang='lat' dir='ltr'>im·</span> <span class='ocrx_word' id='word_1_198' title='bbox 1098 1792 1168 1863; x_wconf 91' lang='lat' dir='ltr'>ries</span> <span class='ocrx_word' id='word_1_199' title='bbox 1189 1794 1406 1881; x_wconf 85' lang='lat' dir='ltr'>instituitur,</span> <span class='ocrx_word' id='word_1_200' title='bbox 1438 1810 1472 1866; x_wconf 89' lang='lat' dir='ltr'>et</span> <span class='ocrx_word' id='word_1_201' title='bbox 1495 1812 1640 1886; x_wconf 90' lang='lat' dir='ltr'>apparet</span> <span class='ocrx_word' id='word_1_202' title='bbox 1662 1800 1831 1869; x_wconf 87' lang='lat' dir='ltr'>omissum</span> <span class='ocrx_word' id='word_1_203' title='bbox 1861 1826 1932 1872; x_wconf 92' lang='lat' dir='ltr'>esse</span> <span class='ocrx_word' id='word_1_204' title='bbox 1954 1828 2089 1875; x_wconf 87' lang='lat' dir='ltr'>anuum</span> 
     </span>
     <span class='ocr_line' id='line_1_17' title="bbox 56 1892 2088 2001; baseline 0.004 -34"><span class='ocrx_word' id='word_1_205' title='bbox 56 1898 183 1991; x_wconf 81' lang='lat' dir='ltr'>petiis,</span> <span class='ocrx_word' id='word_1_206' title='bbox 210 1897 372 1967; x_wconf 88' lang='lat' dir='ltr'>iudicant</span> <span class='ocrx_word' id='word_1_207' title='bbox 396 1892 584 1965; x_wconf 90' lang='lat' dir='ltr'>honestum</span> <span class='ocrx_word' id='word_1_208' title='bbox 607 1919 682 1965; x_wconf 83' lang='lat' dir='ltr'>esse</span> <span class='ocrx_word' id='word_1_209' title='bbox 704 1897 834 1965; x_wconf 91' lang='lat' dir='ltr'>sentire</span> <span class='ocrx_word' id='word_1_210' title='bbox 849 1918 928 1965; x_wconf 90' lang='lat' dir='ltr'>cum</span> <span class='ocrx_word' id='word_1_211' title='bbox 945 1921 1045 1988; x_wconf 89' lang='lat' dir='ltr'>prae·</span> <span class='ocrx_word' id='word_1_212' title='bbox 1097 1896 1293 1985; x_wconf 87' lang='lat' dir='ltr'>integrum,</span> <span class='ocrx_word' id='word_1_213' title='bbox 1320 1895 1444 1988; x_wconf 91' lang='lat' dir='ltr'>inquo</span> <span class='ocrx_word' id='word_1_214' title='bbox 1463 1909 1494 1965; x_wconf 91' lang='lat' dir='ltr'>et</span> <span class='ocrx_word' id='word_1_215' title='bbox 1511 1894 1673 1969; x_wconf 88' lang='lat' dir='ltr'>Christus</span> <span class='ocrx_word' id='word_1_216' title='bbox 1694 1902 1960 2001; x_wconf 41' lang='lat' dir='ltr'>eoepit&#39;pas‘sirn</span> <span class='ocrx_word' id='word_1_217' title='bbox 1986 1931 2088 1997; x_wconf 89' lang='lat' dir='ltr'>prae-</span> 
     </span>
     <span class='ocr_line' id='line_1_18' title="bbox 57 1997 2089 2101; baseline 0.003 -31"><span class='ocrx_word' id='word_1_218' title='bbox 57 2000 188 2092; x_wconf 87' lang='lat' dir='ltr'>cipuis,</span> <span class='ocrx_word' id='word_1_219' title='bbox 229 1997 292 2091; x_wconf 88' lang='lat' dir='ltr'>qui</span> <span class='ocrx_word' id='word_1_220' title='bbox 314 1997 503 2067; x_wconf 76' lang='lat' dir='ltr'>autoritate</span> <span class='ocrx_word' id='word_1_221' title='bbox 525 1998 758 2081; x_wconf 89' lang='lat' dir='ltr'>antecellunt,</span> <span class='ocrx_word' id='word_1_222' title='bbox 788 2011 822 2068; x_wconf 89' lang='lat' dir='ltr'>ct</span> <span class='ocrx_word' id='word_1_223' title='bbox 848 1998 1047 2101; x_wconf 79' lang='lat' dir='ltr'>defensores</span> <span class='ocrx_word' id='word_1_224' title='bbox 1097 1997 1234 2076; x_wconf 88' lang='lat' dir='ltr'>dicare,</span> <span class='ocrx_word' id='word_1_225' title='bbox 1269 1997 1473 2086; x_wconf 87' lang='lat' dir='ltr'>praesertim</span> <span class='ocrx_word' id='word_1_226' title='bbox 1497 1998 1534 2066; x_wconf 91' lang='lat' dir='ltr'>in</span> <span class='ocrx_word' id='word_1_227' title='bbox 1558 1997 1737 2088; x_wconf 87' lang='lat' dir='ltr'>Galilaea,</span> <span class='ocrx_word' id='word_1_228' title='bbox 1773 2019 1957 2100; x_wconf 85' lang='lat' dir='ltr'>postquam</span> <span class='ocrx_word' id='word_1_229' title='bbox 1981 2006 2089 2077; x_wconf 89' lang='lat' dir='ltr'>loan-</span> 
     </span>
     <span class='ocr_line' id='line_1_19' title="bbox 59 2098 2090 2189; baseline 0.004 -19"><span class='ocrx_word' id='word_1_230' title='bbox 59 2125 124 2170; x_wconf 88' lang='lat' dir='ltr'>esse</span> <span class='ocrx_word' id='word_1_231' title='bbox 140 2099 354 2170; x_wconf 88' lang='lat' dir='ltr'>concordiae</span> <span class='ocrx_word' id='word_1_232' title='bbox 370 2098 590 2177; x_wconf 87' lang='lat' dir='ltr'>communis,</span> <span class='ocrx_word' id='word_1_233' title='bbox 613 2112 646 2168; x_wconf 87' lang='lat' dir='ltr'>et</span> <span class='ocrx_word' id='word_1_234' title='bbox 662 2112 714 2168; x_wconf 89' lang='lat' dir='ltr'>est</span> <span class='ocrx_word' id='word_1_235' title='bbox 730 2098 928 2189; x_wconf 88' lang='lat' dir='ltr'>plausibilis</span> <span class='ocrx_word' id='word_1_236' title='bbox 943 2124 1046 2168; x_wconf 90' lang='lat' dir='ltr'>men·</span> <span class='ocrx_word' id='word_1_237' title='bbox 1097 2120 1160 2165; x_wconf 86' lang='lat' dir='ltr'>nes</span> <span class='ocrx_word' id='word_1_238' title='bbox 1175 2110 1317 2186; x_wconf 90' lang='lat' dir='ltr'>captus,</span> <span class='ocrx_word' id='word_1_239' title='bbox 1344 2110 1378 2167; x_wconf 90' lang='lat' dir='ltr'>et</span> <span class='ocrx_word' id='word_1_240' title='bbox 1398 2112 1517 2189; x_wconf 90' lang='lat' dir='ltr'>postea</span> <span class='ocrx_word' id='word_1_241' title='bbox 1541 2100 1744 2172; x_wconf 86' lang='lat' dir='ltr'>interfectus</span> <span class='ocrx_word' id='word_1_242' title='bbox 1770 2119 1839 2185; x_wconf 90' lang='lat' dir='ltr'>est,</span> <span class='ocrx_word' id='word_1_243' title='bbox 1873 2133 1951 2176; x_wconf 92' lang='lat' dir='ltr'>cum</span> <span class='ocrx_word' id='word_1_244' title='bbox 1969 2104 2090 2179; x_wconf 88' lang='lat' dir='ltr'>bacte-</span> 
     </span>
     <span class='ocr_line' id='line_1_20' title="bbox 59 2196 2090 2303; baseline 0.003 -31"><span class='ocrx_word' id='word_1_245' title='bbox 59 2203 102 2272; x_wconf 88' lang='lat' dir='ltr'>tio</span> <span class='ocrx_word' id='word_1_246' title='bbox 120 2202 237 2271; x_wconf 89' lang='lat' dir='ltr'>studii</span> <span class='ocrx_word' id='word_1_247' title='bbox 253 2202 347 2292; x_wconf 88' lang='lat' dir='ltr'>pacis</span> <span class='ocrx_word' id='word_1_248' title='bbox 364 2212 397 2268; x_wconf 96' lang='lat' dir='ltr'>et</span> <span class='ocrx_word' id='word_1_249' title='bbox 411 2201 630 2274; x_wconf 86' lang='lat' dir='ltr'>concordiae.</span> <span class='ocrx_word' id='word_1_250' title='bbox 681 2198 772 2269; x_wconf 92' lang='lat' dir='ltr'>Nam</span> <span class='ocrx_word' id='word_1_251' title='bbox 788 2223 909 2269; x_wconf 91' lang='lat' dir='ltr'>revera</span> <span class='ocrx_word' id='word_1_252' title='bbox 934 2196 1047 2270; x_wconf 89' lang='lat' dir='ltr'>hone·</span> <span class='ocrx_word' id='word_1_253' title='bbox 1097 2223 1166 2268; x_wconf 89' lang='lat' dir='ltr'>nus</span> <span class='ocrx_word' id='word_1_254' title='bbox 1181 2199 1296 2290; x_wconf 87' lang='lat' dir='ltr'>primo</span> <span class='ocrx_word' id='word_1_255' title='bbox 1314 2220 1378 2268; x_wconf 86' lang='lat' dir='ltr'>suo</span> <span class='ocrx_word' id='word_1_256' title='bbox 1394 2223 1488 2269; x_wconf 89' lang='lat' dir='ltr'>anno</span> <span class='ocrx_word' id='word_1_257' title='bbox 1509 2202 1582 2271; x_wconf 85' lang='lat' dir='ltr'>lere</span> <span class='ocrx_word' id='word_1_258' title='bbox 1606 2203 1643 2271; x_wconf 92' lang='lat' dir='ltr'>in</span> <span class='ocrx_word' id='word_1_259' title='bbox 1664 2201 1789 2274; x_wconf 88' lang='lat' dir='ltr'>ludaca</span> <span class='ocrx_word' id='word_1_260' title='bbox 1813 2222 1847 2276; x_wconf 91' lang='lat' dir='ltr'>et</span> <span class='ocrx_word' id='word_1_261' title='bbox 1864 2205 2090 2303; x_wconf 87' lang='lat' dir='ltr'>lerosolymis</span> 
     </span>
     <span class='ocr_line' id='line_1_21' title="bbox 59 2300 2037 2393; baseline 0.005 -21"><span class='ocrx_word' id='word_1_262' title='bbox 59 2318 144 2374; x_wconf 86' lang='lat' dir='ltr'>stum</span> <span class='ocrx_word' id='word_1_263' title='bbox 160 2317 235 2386; x_wconf 90' lang='lat' dir='ltr'>est,</span> <span class='ocrx_word' id='word_1_264' title='bbox 260 2325 381 2393; x_wconf 88' lang='lat' dir='ltr'>pacem</span> <span class='ocrx_word' id='word_1_265' title='bbox 408 2314 441 2371; x_wconf 86' lang='lat' dir='ltr'>et</span> <span class='ocrx_word' id='word_1_266' title='bbox 456 2302 681 2371; x_wconf 88' lang='lat' dir='ltr'>concordiam</span> <span class='ocrx_word' id='word_1_267' title='bbox 707 2325 771 2370; x_wconf 93' lang='lat' dir='ltr'>suo</span> <span class='ocrx_word' id='word_1_268' title='bbox 795 2302 921 2371; x_wconf 88' lang='lat' dir='ltr'>ordine</span> <span class='ocrx_word' id='word_1_269' title='bbox 943 2302 1048 2388; x_wconf 89' lang='lat' dir='ltr'>tueri,</span> <span class='ocrx_word' id='word_1_270' title='bbox 1098 2314 1186 2369; x_wconf 89' lang='lat' dir='ltr'>esset</span> <span class='ocrx_word' id='word_1_271' title='bbox 1199 2300 1448 2381; x_wconf 89' lang='lat' dir='ltr'>concionatus,</span> <span class='ocrx_word' id='word_1_272' title='bbox 1475 2315 1510 2370; x_wconf 89' lang='lat' dir='ltr'>et</span> <span class='ocrx_word' id='word_1_273' title='bbox 1529 2300 1654 2372; x_wconf 87' lang='lat' dir='ltr'>loanni</span> <span class='ocrx_word' id='word_1_274' title='bbox 1674 2302 1870 2376; x_wconf 85' lang='lat' dir='ltr'>Galilaearu</span> <span class='ocrx_word' id='word_1_275' title='bbox 1884 2313 2037 2385; x_wconf 89' lang='lat' dir='ltr'>cesserit.</span> 
     </span>
     <span class='ocr_line' id='line_1_22' title="bbox 61 2396 2089 2494; baseline 0.003 -19"><span class='ocrx_word' id='word_1_276' title='bbox 61 2408 114 2475; x_wconf 90' lang='lat' dir='ltr'>sed</span> <span class='ocrx_word' id='word_1_277' title='bbox 155 2428 241 2474; x_wconf 90' lang='lat' dir='ltr'>curn</span> <span class='ocrx_word' id='word_1_278' title='bbox 277 2416 443 2472; x_wconf 82' lang='lat' dir='ltr'>taxantur</span> <span class='ocrx_word' id='word_1_279' title='bbox 474 2416 658 2493; x_wconf 92' lang='lat' dir='ltr'>potentum</span> <span class='ocrx_word' id='word_1_280' title='bbox 696 2402 792 2472; x_wconf 89' lang='lat' dir='ltr'>idola</span> <span class='ocrx_word' id='word_1_281' title='bbox 831 2418 865 2474; x_wconf 94' lang='lat' dir='ltr'>et</span> <span class='ocrx_word' id='word_1_282' title='bbox 901 2427 1047 2484; x_wconf 88' lang='lat' dir='ltr'>errores,</span> <span class='ocrx_word' id='word_1_283' title='bbox 1202 2400 1310 2489; x_wconf 91' lang='lat' dir='ltr'>Quod</span> <span class='ocrx_word' id='word_1_284' title='bbox 1336 2424 1418 2470; x_wconf 87' lang='lat' dir='ltr'>vero</span> <span class='ocrx_word' id='word_1_285' title='bbox 1443 2404 1489 2471; x_wconf 92' lang='lat' dir='ltr'>ab</span> <span class='ocrx_word' id='word_1_286' title='bbox 1517 2396 1584 2474; x_wconf 92' lang='lat' dir='ltr'>hoc</span> <span class='ocrx_word' id='word_1_287' title='bbox 1622 2407 1736 2494; x_wconf 89' lang='lat' dir='ltr'>capite</span> <span class='ocrx_word' id='word_1_288' title='bbox 1778 2408 1919 2478; x_wconf 84' lang='lat' dir='ltr'>tertium</span> <span class='ocrx_word' id='word_1_289' title='bbox 1955 2406 2089 2482; x_wconf 84' lang='lat' dir='ltr'>Pascha</span> 
     </span>
    </p>
   </div>
   <div class='ocr_carea' id='block_1_6' title="bbox 10 2504 2090 2698">
    <p class='ocr_par' dir='ltr' id='par_1_6' title="bbox 10 2504 2090 2698">
     <span class='ocr_line' id='line_1_23' title="bbox 10 2504 2090 2601; baseline 0.003 -27"><span class='ocrx_word' id='word_1_290' title='bbox 10 2530 13 2553; x_wconf 82' lang='lat'><strong>¹</strong></span> <span class='ocrx_word' id='word_1_291' title='bbox 62 2508 172 2575; x_wconf 87' lang='lat' dir='ltr'>sciunt</span> <span class='ocrx_word' id='word_1_292' title='bbox 200 2504 379 2594; x_wconf 84' lang='lat' dir='ltr'>sapientes</span> <span class='ocrx_word' id='word_1_293' title='bbox 402 2506 498 2596; x_wconf 90' lang='lat' dir='ltr'>sequi</span> <span class='ocrx_word' id='word_1_294' title='bbox 523 2526 667 2593; x_wconf 89' lang='lat' dir='ltr'>magnas</span> <span class='ocrx_word' id='word_1_295' title='bbox 691 2528 808 2572; x_wconf 88' lang='lat' dir='ltr'>rerum</span> <span class='ocrx_word' id='word_1_296' title='bbox 834 2505 1048 2575; x_wconf 89' lang='lat' dir='ltr'>mutationes</span> <span class='ocrx_word' id='word_1_297' title='bbox 1099 2504 1359 2571; x_wconf 90' lang='lat' dir='ltr'>numerandum</span> <span class='ocrx_word' id='word_1_298' title='bbox 1376 2504 1422 2573; x_wconf 91' lang='lat' dir='ltr'>sit</span> <span class='ocrx_word' id='word_1_299' title='bbox 1437 2504 1705 2596; x_wconf 88' lang='lat' dir='ltr'>eiustemporis,</span> <span class='ocrx_word' id='word_1_300' title='bbox 1731 2506 1972 2600; x_wconf 87' lang='lat' dir='ltr'>quoChristns</span> <span class='ocrx_word' id='word_1_301' title='bbox 1990 2538 2090 2601; x_wconf 81' lang='lat' dir='ltr'>prae-</span> 
     </span>
     <span class='ocr_line' id='line_1_24' title="bbox 10 2578 2088 2698; baseline 0.002 -20"><span class='ocrx_word' id='word_1_302' title='bbox 10 2578 14 2663; x_wconf 79' lang='lat' dir='ltr'>l</span> <span class='ocrx_word' id='word_1_303' title='bbox 63 2606 403 2698; x_wconf 87' lang='lat' dir='ltr'>etperturbationes.</span> <span class='ocrx_word' id='word_1_304' title='bbox 456 2604 540 2675; x_wconf 88' lang='lat' dir='ltr'>ldeo</span> <span class='ocrx_word' id='word_1_305' title='bbox 560 2606 702 2693; x_wconf 83' lang='lat' dir='ltr'>lugiunt</span> <span class='ocrx_word' id='word_1_306' title='bbox 719 2604 969 2696; x_wconf 80' lang='lat' dir='ltr'>professionem</span> <span class='ocrx_word' id='word_1_307' title='bbox 987 2631 1048 2674; x_wconf 89' lang='lat' dir='ltr'>vc·</span> <span class='ocrx_word' id='word_1_308' title='bbox 1099 2605 1247 2682; x_wconf 87' lang='lat' dir='ltr'>dicavit,</span> <span class='ocrx_word' id='word_1_309' title='bbox 1287 2605 1505 2696; x_wconf 88' lang='lat' dir='ltr'>reliquorum</span> <span class='ocrx_word' id='word_1_310' title='bbox 1529 2602 1836 2698; x_wconf 84' lang='lat' dir='ltr'>Evangelistarum</span> <span class='ocrx_word' id='word_1_311' title='bbox 1866 2615 2088 2683; x_wconf 86' lang='lat' dir='ltr'>narrationes</span> 
     </span>
    </p>
   </div>
   <div class='ocr_carea' id='block_1_7' title="bbox 60 2705 2091 3110">
    <p class='ocr_par' dir='ltr' id='par_1_7' title="bbox 60 2705 2091 3110">
     <span class='ocr_line' id='line_1_25' title="bbox 62 2705 2090 2799; baseline 0.003 -21"><span class='ocrx_word' id='word_1_312' title='bbox 62 2710 192 2792; x_wconf 78' lang='lat' dir='ltr'>citatis,</span> <span class='ocrx_word' id='word_1_313' title='bbox 226 2707 416 2776; x_wconf 88' lang='lat' dir='ltr'>autetiam</span> <span class='ocrx_word' id='word_1_314' title='bbox 445 2708 615 2790; x_wconf 89' lang='lat' dir='ltr'>oderunt,</span> <span class='ocrx_word' id='word_1_315' title='bbox 645 2730 711 2775; x_wconf 91' lang='lat' dir='ltr'>nec</span> <span class='ocrx_word' id='word_1_316' title='bbox 730 2707 898 2796; x_wconf 89' lang='lat' dir='ltr'>possibile</span> <span class='ocrx_word' id='word_1_317' title='bbox 920 2720 971 2777; x_wconf 92' lang='lat' dir='ltr'>est</span> <span class='ocrx_word' id='word_1_318' title='bbox 993 2730 1048 2776; x_wconf 80' lang='lat' dir='ltr'>sa·</span> <span class='ocrx_word' id='word_1_319' title='bbox 1100 2705 1279 2787; x_wconf 89' lang='lat' dir='ltr'>indicant,</span> <span class='ocrx_word' id='word_1_320' title='bbox 1303 2707 1493 2798; x_wconf 86' lang='lat' dir='ltr'>exquibus</span> <span class='ocrx_word' id='word_1_321' title='bbox 1517 2707 1635 2797; x_wconf 81' lang='lat' dir='ltr'>colligi</span> <span class='ocrx_word' id='word_1_322' title='bbox 1659 2725 1789 2799; x_wconf 89' lang='lat' dir='ltr'>potest,</span> <span class='ocrx_word' id='word_1_323' title='bbox 1825 2709 1993 2782; x_wconf 91' lang='lat' dir='ltr'>loannem</span> <span class='ocrx_word' id='word_1_324' title='bbox 2020 2716 2090 2784; x_wconf 89' lang='lat' dir='ltr'>cir·</span> 
     </span>
     <span class='ocr_line' id='line_1_26' title="bbox 62 2802 2090 2903; baseline 0.003 -24"><span class='ocrx_word' id='word_1_325' title='bbox 62 2810 241 2903; x_wconf 89' lang='lat' dir='ltr'>pientibus</span> <span class='ocrx_word' id='word_1_326' title='bbox 256 2810 333 2876; x_wconf 89' lang='lat' dir='ltr'>sine</span> <span class='ocrx_word' id='word_1_327' title='bbox 348 2808 426 2877; x_wconf 94' lang='lat' dir='ltr'>luce</span> <span class='ocrx_word' id='word_1_328' title='bbox 450 2806 572 2875; x_wconf 85' lang='lat' dir='ltr'>divina</span> <span class='ocrx_word' id='word_1_329' title='bbox 596 2802 691 2877; x_wconf 90' lang='lat' dir='ltr'>hunc</span> <span class='ocrx_word' id='word_1_330' title='bbox 711 2807 873 2880; x_wconf 85' lang='lat' dir='ltr'>affectum</span> <span class='ocrx_word' id='word_1_331' title='bbox 896 2809 1047 2895; x_wconf 88' lang='lat' dir='ltr'>vincere,</span> <span class='ocrx_word' id='word_1_332' title='bbox 1101 2806 1189 2874; x_wconf 92' lang='lat' dir='ltr'>citer</span> <span class='ocrx_word' id='word_1_333' title='bbox 1210 2806 1394 2874; x_wconf 89' lang='lat' dir='ltr'>biennium</span> <span class='ocrx_word' id='word_1_334' title='bbox 1418 2807 1664 2880; x_wconf 90' lang='lat' dir='ltr'>concionatum</span> <span class='ocrx_word' id='word_1_335' title='bbox 1696 2834 1783 2882; x_wconf 84' lang='lat' dir='ltr'>esse.</span> <span class='ocrx_word' id='word_1_336' title='bbox 1844 2809 1931 2882; x_wconf 88' lang='lat' dir='ltr'>Nam</span> <span class='ocrx_word' id='word_1_337' title='bbox 1956 2840 2034 2885; x_wconf 89' lang='lat' dir='ltr'>cum</span> <span class='ocrx_word' id='word_1_338' title='bbox 2060 2816 2090 2887; x_wconf 89' lang='lat' dir='ltr'>is</span> 
     </span>
     <span class='ocr_line' id='line_1_27' title="bbox 63 2906 2091 3001; baseline 0.003 -20"><span class='ocrx_word' id='word_1_339' title='bbox 63 2912 127 2981; x_wconf 89' lang='lat' dir='ltr'>imo</span> <span class='ocrx_word' id='word_1_340' title='bbox 143 2911 276 2980; x_wconf 90' lang='lat' dir='ltr'>durius</span> <span class='ocrx_word' id='word_1_341' title='bbox 291 2923 342 2979; x_wconf 88' lang='lat' dir='ltr'>est</span> <span class='ocrx_word' id='word_1_342' title='bbox 357 2923 490 2990; x_wconf 90' lang='lat' dir='ltr'>rnorte,</span> <span class='ocrx_word' id='word_1_343' title='bbox 514 2908 635 2978; x_wconf 90' lang='lat' dir='ltr'>venire</span> <span class='ocrx_word' id='word_1_344' title='bbox 649 2909 688 2978; x_wconf 90' lang='lat' dir='ltr'>in</span> <span class='ocrx_word' id='word_1_345' title='bbox 703 2909 825 2977; x_wconf 90' lang='lat' dir='ltr'>odium</span> <span class='ocrx_word' id='word_1_346' title='bbox 841 2910 1050 3001; x_wconf 88' lang='lat' dir='ltr'>sapientum,</span> <span class='ocrx_word' id='word_1_347' title='bbox 1099 2906 1275 2999; x_wconf 90' lang='lat' dir='ltr'>principio</span> <span class='ocrx_word' id='word_1_348' title='bbox 1291 2907 1328 2975; x_wconf 90' lang='lat' dir='ltr'>in</span> <span class='ocrx_word' id='word_1_349' title='bbox 1344 2908 1421 2977; x_wconf 93' lang='lat' dir='ltr'>loco</span> <span class='ocrx_word' id='word_1_350' title='bbox 1440 2908 1589 2978; x_wconf 83' lang='lat' dir='ltr'>maxime</span> <span class='ocrx_word' id='word_1_351' title='bbox 1610 2911 1726 2981; x_wconf 87' lang='lat' dir='ltr'>vicino</span> <span class='ocrx_word' id='word_1_352' title='bbox 1742 2912 1892 2984; x_wconf 88' lang='lat' dir='ltr'>ludaeae</span> <span class='ocrx_word' id='word_1_353' title='bbox 1908 2919 1949 2985; x_wconf 91' lang='lat' dir='ltr'>ad</span> <span class='ocrx_word' id='word_1_354' title='bbox 1969 2915 2091 2988; x_wconf 89' lang='lat' dir='ltr'>lorda-</span> 
     </span>
     <span class='ocr_line' id='line_1_28' title="bbox 60 3007 2091 3110; baseline 0.001 -25"><span class='ocrx_word' id='word_1_355' title='bbox 60 3013 179 3085; x_wconf 86' lang='lat' dir='ltr'>etdici</span> <span class='ocrx_word' id='word_1_356' title='bbox 193 3010 422 3094; x_wconf 87' lang='lat' dir='ltr'>seditiosum,</span> <span class='ocrx_word' id='word_1_357' title='bbox 444 3024 480 3079; x_wconf 90' lang='lat' dir='ltr'>et</span> <span class='ocrx_word' id='word_1_358' title='bbox 495 3007 889 3095; x_wconf 81' lang='lat' dir='ltr'>eversoremEcclesiae,</span> <span class='ocrx_word' id='word_1_359' title='bbox 914 3024 947 3080; x_wconf 90' lang='lat' dir='ltr'>et</span> <span class='ocrx_word' id='word_1_360' title='bbox 963 3011 1048 3080; x_wconf 94' lang='lat' dir='ltr'>boni</span> <span class='ocrx_word' id='word_1_361' title='bbox 1100 3031 1183 3076; x_wconf 88' lang='lat' dir='ltr'>uem</span> <span class='ocrx_word' id='word_1_362' title='bbox 1217 3010 1389 3078; x_wconf 89' lang='lat' dir='ltr'>incoasset</span> <span class='ocrx_word' id='word_1_363' title='bbox 1417 3032 1521 3076; x_wconf 90' lang='lat' dir='ltr'>suurn</span> <span class='ocrx_word' id='word_1_364' title='bbox 1552 3012 1785 3103; x_wconf 90' lang='lat' dir='ltr'>baptismum,</span> <span class='ocrx_word' id='word_1_365' title='bbox 1823 3043 1893 3110; x_wconf 92' lang='lat' dir='ltr'>quo</span> <span class='ocrx_word' id='word_1_366' title='bbox 1927 3042 2091 3108; x_wconf 90' lang='lat' dir='ltr'>magnam</span> 
     </span>
    </p>
   </div>
   <div class='ocr_carea' id='block_1_8' title="bbox 10 3105 2091 3305">
    <p class='ocr_par' dir='ltr' id='par_1_8' title="bbox 10 3105 2091 3305">
     <span class='ocr_line' id='line_1_29' title="bbox 10 3105 2090 3207; baseline 0.002 -23"><span class='ocrx_word' id='word_1_367' title='bbox 10 3146 12 3169; x_wconf 88' lang='lat'><em>=</em></span> <span class='ocrx_word' id='word_1_368' title='bbox 60 3128 178 3186; x_wconf 78' lang='lat' dir='ltr'>status.</span> <span class='ocrx_word' id='word_1_369' title='bbox 239 3110 421 3182; x_wconf 83' lang='lat' dir='ltr'>Adversus</span> <span class='ocrx_word' id='word_1_370' title='bbox 453 3105 547 3179; x_wconf 84' lang='lat' dir='ltr'>hanc</span> <span class='ocrx_word' id='word_1_371' title='bbox 578 3111 808 3181; x_wconf 88' lang='lat' dir='ltr'>tentationem</span> <span class='ocrx_word' id='word_1_372' title='bbox 847 3112 1050 3182; x_wconf 87' lang='lat' dir='ltr'>consolatur</span> <span class='ocrx_word' id='word_1_373' title='bbox 1100 3107 1366 3179; x_wconf 87' lang='lat' dir='ltr'>multitudinem</span> <span class='ocrx_word' id='word_1_374' title='bbox 1391 3132 1432 3177; x_wconf 86' lang='lat' dir='ltr'>ex</span> <span class='ocrx_word' id='word_1_375' title='bbox 1452 3111 1540 3179; x_wconf 91' lang='lat' dir='ltr'>urbe</span> <span class='ocrx_word' id='word_1_376' title='bbox 1564 3111 1771 3207; x_wconf 87' lang='lat' dir='ltr'>lerosolyma</span> <span class='ocrx_word' id='word_1_377' title='bbox 1801 3141 1971 3206; x_wconf 79' lang='lat' dir='ltr'>egressam</span> <span class='ocrx_word' id='word_1_378' title='bbox 2002 3143 2090 3207; x_wconf 87' lang='lat' dir='ltr'>esse,</span> 
     </span>
     <span class='ocr_line' id='line_1_30' title="bbox 10 3209 2091 3305; baseline 0 -16"><span class='ocrx_word' id='word_1_379' title='bbox 10 3272 12 3289; x_wconf 91' lang='grc'>.</span> <span class='ocrx_word' id='word_1_380' title='bbox 59 3240 118 3287; x_wconf 91' lang='lat' dir='ltr'>nos</span> <span class='ocrx_word' id='word_1_381' title='bbox 134 3213 264 3286; x_wconf 81' lang='lat' dir='ltr'>Esaias</span> <span class='ocrx_word' id='word_1_382' title='bbox 282 3237 355 3305; x_wconf 90' lang='lat' dir='ltr'>cap.</span> <span class='ocrx_word' id='word_1_383' title='bbox 370 3215 448 3286; x_wconf 74' lang='lat' dir='ltr'>st:</span> <span class='ocrx_word' id='word_1_384' title='bbox 488 3210 609 3283; x_wconf 92' lang='lat' dir='ltr'>Nolite</span> <span class='ocrx_word' id='word_1_385' title='bbox 634 3214 758 3282; x_wconf 89' lang='lat' dir='ltr'>timere</span> <span class='ocrx_word' id='word_1_386' title='bbox 782 3215 910 3302; x_wconf 92' lang='lat' dir='ltr'>probra</span> <span class='ocrx_word' id='word_1_387' title='bbox 933 3209 1050 3283; x_wconf 89' lang='lat' dir='ltr'>bomi-</span> <span class='ocrx_word' id='word_1_388' title='bbox 1100 3211 1223 3282; x_wconf 89' lang='lat' dir='ltr'>scribit</span> <span class='ocrx_word' id='word_1_389' title='bbox 1240 3210 1403 3295; x_wconf 88' lang='lat' dir='ltr'>Marcus,</span> <span class='ocrx_word' id='word_1_390' title='bbox 1431 3226 1547 3300; x_wconf 88' lang='lat' dir='ltr'>postea</span> <span class='ocrx_word' id='word_1_391' title='bbox 1563 3216 1702 3286; x_wconf 89' lang='lat' dir='ltr'>secessit</span> <span class='ocrx_word' id='word_1_392' title='bbox 1721 3219 1757 3284; x_wconf 89' lang='lat' dir='ltr'>in</span> <span class='ocrx_word' id='word_1_393' title='bbox 1777 3217 1994 3305; x_wconf 86' lang='lat' dir='ltr'>Galilaeam,</span> <span class='ocrx_word' id='word_1_394' title='bbox 2021 3221 2091 3290; x_wconf 90' lang='lat' dir='ltr'>cir-</span> 
     </span>
    </p>
   </div>
   <div class='ocr_carea' id='block_1_9' title="bbox 58 3309 2093 3505">
    <p class='ocr_par' dir='ltr' id='par_1_9' title="bbox 58 3309 2093 3505">
     <span class='ocr_line' id='line_1_31' title="bbox 59 3309 2092 3411; baseline 0.002 -23"><span class='ocrx_word' id='word_1_395' title='bbox 59 3342 167 3398; x_wconf 87' lang='lat' dir='ltr'>nurn,</span> <span class='ocrx_word' id='word_1_396' title='bbox 208 3329 246 3386; x_wconf 88' lang='lat' dir='ltr'>et</span> <span class='ocrx_word' id='word_1_397' title='bbox 277 3309 514 3405; x_wconf 74' lang='lat' dir='ltr'>blasphemias</span> <span class='ocrx_word' id='word_1_398' title='bbox 545 3337 669 3383; x_wconf 91' lang='lat' dir='ltr'>eorum</span> <span class='ocrx_word' id='word_1_399' title='bbox 699 3337 743 3382; x_wconf 92' lang='lat' dir='ltr'>ne</span> <span class='ocrx_word' id='word_1_400' title='bbox 772 3315 946 3385; x_wconf 85' lang='lat' dir='ltr'>metuatis.</span> <span class='ocrx_word' id='word_1_401' title='bbox 1002 3310 1050 3385; x_wconf 83' lang='lat' dir='ltr'>Et</span> <span class='ocrx_word' id='word_1_402' title='bbox 1101 3312 1259 3382; x_wconf 79' lang='lat' dir='ltr'>rumiens</span> <span class='ocrx_word' id='word_1_403' title='bbox 1283 3311 1376 3401; x_wconf 88' lang='lat' dir='ltr'>ripas</span> <span class='ocrx_word' id='word_1_404' title='bbox 1397 3311 1574 3400; x_wconf 87' lang='lat' dir='ltr'>lordanis,</span> <span class='ocrx_word' id='word_1_405' title='bbox 1602 3332 1635 3388; x_wconf 89' lang='lat' dir='ltr'>et</span> <span class='ocrx_word' id='word_1_406' title='bbox 1660 3319 1814 3411; x_wconf 87' lang='lat' dir='ltr'>reliquas</span> <span class='ocrx_word' id='word_1_407' title='bbox 1834 3343 1913 3389; x_wconf 89' lang='lat' dir='ltr'>oras</span> <span class='ocrx_word' id='word_1_408' title='bbox 1937 3323 2092 3407; x_wconf 88' lang='lat' dir='ltr'>accessit,</span> 
     </span>
     <span class='ocr_line' id='line_1_32' title="bbox 58 3407 2093 3505; baseline 0.001 -17"><span class='ocrx_word' id='word_1_409' title='bbox 58 3417 191 3490; x_wconf 84' lang='lat' dir='ltr'>Paulus</span> <span class='ocrx_word' id='word_1_410' title='bbox 206 3414 292 3486; x_wconf 91' lang='lat' dir='ltr'>huic</span> <span class='ocrx_word' id='word_1_411' title='bbox 308 3414 448 3485; x_wconf 84' lang='lat' dir='ltr'>affectui</span> <span class='ocrx_word' id='word_1_412' title='bbox 465 3416 615 3505; x_wconf 91' lang='lat' dir='ltr'>opponit</span> <span class='ocrx_word' id='word_1_413' title='bbox 636 3415 764 3485; x_wconf 88' lang='lat' dir='ltr'>multas</span> <span class='ocrx_word' id='word_1_414' title='bbox 784 3417 992 3497; x_wconf 89' lang='lat' dir='ltr'>sententias,</span> <span class='ocrx_word' id='word_1_415' title='bbox 1016 3431 1051 3488; x_wconf 90' lang='lat' dir='ltr'>et</span> <span class='ocrx_word' id='word_1_416' title='bbox 1101 3415 1214 3482; x_wconf 90' lang='lat' dir='ltr'>donec</span> <span class='ocrx_word' id='word_1_417' title='bbox 1230 3407 1393 3482; x_wconf 90' lang='lat' dir='ltr'>Christus</span> <span class='ocrx_word' id='word_1_418' title='bbox 1417 3416 1522 3484; x_wconf 91' lang='lat' dir='ltr'>etiam</span> <span class='ocrx_word' id='word_1_419' title='bbox 1538 3440 1579 3485; x_wconf 84' lang='lat' dir='ltr'>ex</span> <span class='ocrx_word' id='word_1_420' title='bbox 1593 3417 1786 3500; x_wconf 88' lang='lat' dir='ltr'>Nazareth,</span> <span class='ocrx_word' id='word_1_421' title='bbox 1811 3445 1889 3490; x_wconf 90' lang='lat' dir='ltr'>cum</span> <span class='ocrx_word' id='word_1_422' title='bbox 1906 3421 1943 3491; x_wconf 90' lang='lat' dir='ltr'>in</span> <span class='ocrx_word' id='word_1_423' title='bbox 1961 3421 2093 3492; x_wconf 85' lang='lat' dir='ltr'>vicinia</span> 
     </span>
    </p>
   </div>
   <div class='ocr_carea' id='block_1_10' title="bbox 10 3510 2092 3614">
    <p class='ocr_par' dir='ltr' id='par_1_10' title="bbox 10 3510 2092 3614">
     <span class='ocr_line' id='line_1_33' title="bbox 10 3510 2092 3614; baseline 0.002 -24"><span class='ocrx_word' id='word_1_424' title='bbox 10 3552 13 3569; x_wconf 89' lang='lat'><em>·</em></span> <span class='ocrx_word' id='word_1_425' title='bbox 59 3516 170 3591; x_wconf 85' lang='lat' dir='ltr'>inhia</span> <span class='ocrx_word' id='word_1_426' title='bbox 196 3541 357 3613; x_wconf 84' lang='lat' dir='ltr'>qrroque:</span> <span class='ocrx_word' id='word_1_427' title='bbox 390 3514 472 3586; x_wconf 90' lang='lat' dir='ltr'>Non</span> <span class='ocrx_word' id='word_1_428' title='bbox 496 3517 606 3607; x_wconf 91' lang='lat' dir='ltr'>pudet</span> <span class='ocrx_word' id='word_1_429' title='bbox 627 3541 682 3586; x_wconf 88' lang='lat' dir='ltr'>me</span> <span class='ocrx_word' id='word_1_430' title='bbox 696 3513 882 3607; x_wconf 86' lang='lat' dir='ltr'>Evangelii</span> <span class='ocrx_word' id='word_1_431' title='bbox 905 3513 1050 3590; x_wconf 82' lang='lat' dir='ltr'>Christi.</span> <span class='ocrx_word' id='word_1_432' title='bbox 1102 3527 1190 3584; x_wconf 87' lang='lat' dir='ltr'>esset</span> <span class='ocrx_word' id='word_1_433' title='bbox 1212 3516 1255 3583; x_wconf 92' lang='lat' dir='ltr'>ad</span> <span class='ocrx_word' id='word_1_434' title='bbox 1273 3510 1507 3584; x_wconf 87' lang='lat' dir='ltr'>Betharabam</span> <span class='ocrx_word' id='word_1_435' title='bbox 1526 3515 1607 3614; x_wconf 89' lang='lat' dir='ltr'>(seu</span> <span class='ocrx_word' id='word_1_436' title='bbox 1623 3516 1875 3608; x_wconf 87' lang='lat' dir='ltr'>Bethabaram)</span> <span class='ocrx_word' id='word_1_437' title='bbox 1899 3526 2092 3610; x_wconf 84' lang='lat' dir='ltr'>accedere‘t,</span> 
     </span>
    </p>
   </div>
   <div class='ocr_carea' id='block_1_11' title="bbox 56 3616 2142 5523">
    <p class='ocr_par' dir='ltr' id='par_1_11' title="bbox 56 3616 2142 5523">
     <span class='ocr_line' id='line_1_34' title="bbox 58 3616 2142 3716; baseline 0 -21"><span class='ocrx_word' id='word_1_438' title='bbox 58 3620 302 3695; x_wconf 84' lang='lat' dir='ltr'>Comminatio</span> <span class='ocrx_word' id='word_1_439' title='bbox 318 3631 380 3691; x_wconf 80' lang='lat' dir='ltr'>est.</span> <span class='ocrx_word' id='word_1_440' title='bbox 431 3617 669 3688; x_wconf 83' lang='lat' dir='ltr'>Aliusveniet</span> <span class='ocrx_word' id='word_1_441' title='bbox 687 3618 884 3688; x_wconf 90' lang='lat' dir='ltr'>innomine</span> <span class='ocrx_word' id='word_1_442' title='bbox 900 3617 1049 3702; x_wconf 90' lang='lat' dir='ltr'>suo,il-</span> <span class='ocrx_word' id='word_1_443' title='bbox 1102 3630 1142 3685; x_wconf 91' lang='lat' dir='ltr'>ut</span> <span class='ocrx_word' id='word_1_444' title='bbox 1156 3616 1202 3684; x_wconf 91' lang='lat' dir='ltr'>ab</span> <span class='ocrx_word' id='word_1_445' title='bbox 1226 3640 1268 3685; x_wconf 89' lang='lat' dir='ltr'>eo</span> <span class='ocrx_word' id='word_1_446' title='bbox 1292 3616 1549 3704; x_wconf 88' lang='lat' dir='ltr'>baptizaretur,</span> <span class='ocrx_word' id='word_1_447' title='bbox 1576 3623 1706 3689; x_wconf 90' lang='lat' dir='ltr'>deinde</span> <span class='ocrx_word' id='word_1_448' title='bbox 1724 3623 1979 3716; x_wconf 89' lang='lat' dir='ltr'>aliquantisper</span> <span class='ocrx_word' id='word_1_449' title='bbox 1993 3649 2091 3696; x_wconf 91' lang='lat' dir='ltr'>com·</span> <span class='ocrx_word' id='word_1_450' title='bbox 2139 3630 2142 3639; x_wconf 88' lang='lat'>&#39;</span> 
     </span>
     <span class='ocr_line' id='line_1_35' title="bbox 57 3714 2091 3819; baseline 0.001 -25"><span class='ocrx_word' id='word_1_451' title='bbox 57 3724 130 3796; x_wconf 89' lang='lat' dir='ltr'>lum</span> <span class='ocrx_word' id='word_1_452' title='bbox 146 3720 342 3813; x_wconf 77' lang='lat' dir='ltr'>accipietis.</span> <span class='ocrx_word' id='word_1_453' title='bbox 392 3717 512 3788; x_wconf 84' lang='lat' dir='ltr'>Poena</span> <span class='ocrx_word' id='word_1_454' title='bbox 529 3733 579 3791; x_wconf 88' lang='lat' dir='ltr'>est</span> <span class='ocrx_word' id='word_1_455' title='bbox 595 3719 761 3791; x_wconf 89' lang='lat' dir='ltr'>contemti</span> <span class='ocrx_word' id='word_1_456' title='bbox 776 3718 959 3808; x_wconf 87' lang='lat' dir='ltr'>Evangelii</span> <span class='ocrx_word' id='word_1_457' title='bbox 976 3743 1051 3791; x_wconf 90' lang='lat' dir='ltr'>ma·</span> <span class='ocrx_word' id='word_1_458' title='bbox 1101 3730 1260 3787; x_wconf 89' lang='lat' dir='ltr'>moratus</span> <span class='ocrx_word' id='word_1_459' title='bbox 1284 3717 1323 3786; x_wconf 93' lang='lat' dir='ltr'>in</span> <span class='ocrx_word' id='word_1_460' title='bbox 1339 3714 1520 3803; x_wconf 87' lang='lat' dir='ltr'>Galilaea,</span> <span class='ocrx_word' id='word_1_461' title='bbox 1552 3724 1596 3789; x_wconf 91' lang='lat' dir='ltr'>ad</span> <span class='ocrx_word' id='word_1_462' title='bbox 1615 3721 1726 3792; x_wconf 90' lang='lat' dir='ltr'>Salim</span> <span class='ocrx_word' id='word_1_463' title='bbox 1745 3720 1892 3810; x_wconf 88' lang='lat' dir='ltr'>urbem,</span> <span class='ocrx_word' id='word_1_464' title='bbox 1923 3742 2091 3819; x_wconf 89' lang='lat' dir='ltr'>utsupra</span> 
     </span>
     <span class='ocr_line' id='line_1_36' title="bbox 57 3818 2092 3915; baseline -0.001 -17"><span class='ocrx_word' id='word_1_465' title='bbox 57 3826 109 3897; x_wconf 87' lang='lat' dir='ltr'>ior</span> <span class='ocrx_word' id='word_1_466' title='bbox 132 3823 282 3896; x_wconf 85' lang='lat' dir='ltr'>caecitas</span> <span class='ocrx_word' id='word_1_467' title='bbox 303 3835 343 3907; x_wconf 79' lang='lat' dir='ltr'>et¹</span> <span class='ocrx_word' id='word_1_468' title='bbox 358 3820 529 3904; x_wconf 89' lang='lat' dir='ltr'>amentia,</span> <span class='ocrx_word' id='word_1_469' title='bbox 560 3824 605 3890; x_wconf 88' lang='lat' dir='ltr'>ad</span> <span class='ocrx_word' id='word_1_470' title='bbox 628 3820 733 3891; x_wconf 84' lang='lat' dir='ltr'>Rom.</span> <span class='ocrx_word' id='word_1_471' title='bbox 755 3821 827 3890; x_wconf 87' lang='lat'><strong>11.:</strong></span> <span class='ocrx_word' id='word_1_472' title='bbox 862 3818 1052 3892; x_wconf 89' lang='lat' dir='ltr'>Oculisne</span> <span class='ocrx_word' id='word_1_473' title='bbox 1103 3843 1177 3911; x_wconf 87' lang='lat' dir='ltr'>cap.</span> <span class='ocrx_word' id='word_1_474' title='bbox 1200 3819 1234 3888; x_wconf 80' lang='lat'>5.</span> <span class='ocrx_word' id='word_1_475' title='bbox 1265 3819 1422 3889; x_wconf 89' lang='lat' dir='ltr'>narravit</span> <span class='ocrx_word' id='word_1_476' title='bbox 1446 3818 1615 3904; x_wconf 91' lang='lat' dir='ltr'>loannes,</span> <span class='ocrx_word' id='word_1_477' title='bbox 1658 3838 1692 3895; x_wconf 94' lang='lat' dir='ltr'>et</span> <span class='ocrx_word' id='word_1_478' title='bbox 1724 3826 1951 3915; x_wconf 86' lang='lat' dir='ltr'>baptizasset,</span> <span class='ocrx_word' id='word_1_479' title='bbox 1990 3842 2092 3897; x_wconf 87' lang='lat' dir='ltr'>ante·</span> 
     </span>
     <span class='ocr_line' id='line_1_37' title="bbox 57 3918 2091 4019; baseline 0 -21"><span class='ocrx_word' id='word_1_480' title='bbox 57 3929 227 4009; x_wconf 79' lang='lat' dir='ltr'>rideant,</span> <span class='ocrx_word' id='word_1_481' title='bbox 248 3937 313 3994; x_wconf 85' lang='lat' dir='ltr'>etc.</span> <span class='ocrx_word' id='word_1_482' title='bbox 354 3928 391 3996; x_wconf 79' lang='lat'>2.</span> <span class='ocrx_word' id='word_1_483' title='bbox 404 3918 512 3992; x_wconf 85' lang='lat' dir='ltr'>Thes.</span> <span class='ocrx_word' id='word_1_484' title='bbox 528 3926 582 3996; x_wconf 59' lang='lat' dir='ltr'>z:</span> <span class='ocrx_word' id='word_1_485' title='bbox 609 3919 703 4011; x_wconf 87' lang='lat' dir='ltr'>Quia</span> <span class='ocrx_word' id='word_1_486' title='bbox 719 3923 943 3992; x_wconf 86' lang='lat' dir='ltr'>dilectionem</span> <span class='ocrx_word' id='word_1_487' title='bbox 959 3922 1051 3992; x_wconf 88' lang='lat' dir='ltr'>veri·</span> <span class='ocrx_word' id='word_1_488' title='bbox 1103 3944 1209 4014; x_wconf 91' lang='lat' dir='ltr'>quam</span> <span class='ocrx_word' id='word_1_489' title='bbox 1230 3921 1275 3991; x_wconf 89' lang='lat' dir='ltr'>ab</span> <span class='ocrx_word' id='word_1_490' title='bbox 1293 3918 1436 3990; x_wconf 90' lang='lat' dir='ltr'>Herode</span> <span class='ocrx_word' id='word_1_491' title='bbox 1451 3938 1651 4012; x_wconf 88' lang='lat' dir='ltr'>caperetur,</span> <span class='ocrx_word' id='word_1_492' title='bbox 1686 3941 1719 4005; x_wconf 88' lang='lat' dir='ltr'>et</span> <span class='ocrx_word' id='word_1_493' title='bbox 1742 3927 1951 4019; x_wconf 89' lang='lat' dir='ltr'>aliquandiu</span> <span class='ocrx_word' id='word_1_494' title='bbox 1970 3943 2091 4018; x_wconf 84' lang='lat' dir='ltr'>postea</span> 
     </span>
     <span class='ocr_line' id='line_1_38' title="bbox 57 4020 2092 4118; baseline -0.001 -17"><span class='ocrx_word' id='word_1_495' title='bbox 57 4030 140 4102; x_wconf 81' lang='lat' dir='ltr'>tatis</span> <span class='ocrx_word' id='word_1_496' title='bbox 163 4050 239 4098; x_wconf 87' lang='lat' dir='ltr'>non</span> <span class='ocrx_word' id='word_1_497' title='bbox 260 4037 486 4117; x_wconf 82' lang='lat' dir='ltr'>receperunt3</span> <span class='ocrx_word' id='word_1_498' title='bbox 521 4024 603 4092; x_wconf 91' lang='lat' dir='ltr'>ideo</span> <span class='ocrx_word' id='word_1_499' title='bbox 626 4022 734 4094; x_wconf 91' lang='lat' dir='ltr'>mittit</span> <span class='ocrx_word' id='word_1_500' title='bbox 758 4021 1052 4094; x_wconf 84' lang='lat' dir='ltr'>eisDeuselbca·</span> <span class='ocrx_word' id='word_1_501' title='bbox 1103 4022 1332 4093; x_wconf 88' lang='lat' dir='ltr'>concionatus</span> <span class='ocrx_word' id='word_1_502' title='bbox 1354 4036 1406 4092; x_wconf 89' lang='lat' dir='ltr'>est</span> <span class='ocrx_word' id='word_1_503' title='bbox 1426 4020 1586 4110; x_wconf 90' lang='lat' dir='ltr'>Herodi,</span> <span class='ocrx_word' id='word_1_504' title='bbox 1620 4041 1655 4097; x_wconf 94' lang='lat' dir='ltr'>et</span> <span class='ocrx_word' id='word_1_505' title='bbox 1676 4050 1780 4118; x_wconf 87' lang='lat' dir='ltr'>saepe</span> <span class='ocrx_word' id='word_1_506' title='bbox 1805 4030 1849 4096; x_wconf 89' lang='lat' dir='ltr'>ab</span> <span class='ocrx_word' id='word_1_507' title='bbox 1873 4052 1914 4097; x_wconf 94' lang='lat' dir='ltr'>eo</span> <span class='ocrx_word' id='word_1_508' title='bbox 1937 4030 2092 4115; x_wconf 89' lang='lat' dir='ltr'>auditus,</span> 
     </span>
     <span class='ocr_line' id='line_1_39' title="bbox 59 4123 2093 4219; baseline -0.001 -16"><span class='ocrx_word' id='word_1_509' title='bbox 59 4155 133 4203; x_wconf 84' lang='lat' dir='ltr'>tem</span> <span class='ocrx_word' id='word_1_510' title='bbox 149 4128 418 4219; x_wconf 86' lang='lat' dir='ltr'>deceptionem,</span> <span class='ocrx_word' id='word_1_511' title='bbox 443 4138 484 4195; x_wconf 92' lang='lat' dir='ltr'>ut</span> <span class='ocrx_word' id='word_1_512' title='bbox 501 4138 646 4194; x_wconf 82' lang='lat' dir='ltr'>eventus</span> <span class='ocrx_word' id='word_1_513' title='bbox 667 4125 833 4215; x_wconf 86' lang='lat' dir='ltr'>ostendit,</span> <span class='ocrx_word' id='word_1_514' title='bbox 860 4125 896 4193; x_wconf 96' lang='lat' dir='ltr'>in</span> <span class='ocrx_word' id='word_1_515' title='bbox 915 4123 1053 4195; x_wconf 89' lang='lat' dir='ltr'>ludaeis</span> <span class='ocrx_word' id='word_1_516' title='bbox 1103 4125 1164 4193; x_wconf 90' lang='lat' dir='ltr'>sed</span> <span class='ocrx_word' id='word_1_517' title='bbox 1186 4124 1390 4192; x_wconf 72' lang='lat' dir='ltr'>tandem&#39;in</span> <span class='ocrx_word' id='word_1_518' title='bbox 1413 4149 1585 4194; x_wconf 89' lang='lat' dir='ltr'>carcerem</span> <span class='ocrx_word' id='word_1_519' title='bbox 1612 4129 1807 4212; x_wconf 87' lang='lat' dir='ltr'>coniectus,</span> <span class='ocrx_word' id='word_1_520' title='bbox 1846 4142 1881 4200; x_wconf 91' lang='lat' dir='ltr'>et</span> <span class='ocrx_word' id='word_1_521' title='bbox 1905 4129 1944 4199; x_wconf 86' lang='lat' dir='ltr'>in</span> <span class='ocrx_word' id='word_1_522' title='bbox 1964 4155 2005 4200; x_wconf 88' lang='lat' dir='ltr'>eo</span> <span class='ocrx_word' id='word_1_523' title='bbox 2026 4130 2093 4200; x_wconf 86' lang='lat' dir='ltr'>ali-</span> 
     </span>
     <span class='ocr_line' id='line_1_40' title="bbox 58 4223 2092 4327; baseline -0 -24"><span class='ocrx_word' id='word_1_524' title='bbox 58 4233 106 4304; x_wconf 83' lang='lat' dir='ltr'>ita</span> <span class='ocrx_word' id='word_1_525' title='bbox 124 4242 318 4303; x_wconf 84' lang='lat' dir='ltr'>creverunt</span> <span class='ocrx_word' id='word_1_526' title='bbox 336 4223 584 4321; x_wconf 72' lang='lat' dir='ltr'>pertinacia&#39;et</span> <span class='ocrx_word' id='word_1_527' title='bbox 599 4226 709 4311; x_wconf 84' lang='lat' dir='ltr'>furor,</span> <span class='ocrx_word' id='word_1_528' title='bbox 735 4241 776 4299; x_wconf 90' lang='lat' dir='ltr'>ut</span> <span class='ocrx_word' id='word_1_529' title='bbox 791 4228 933 4298; x_wconf 88' lang='lat' dir='ltr'>tandem</span> <span class='ocrx_word' id='word_1_530' title='bbox 949 4250 1052 4319; x_wconf 91' lang='lat' dir='ltr'>pror·</span> <span class='ocrx_word' id='word_1_531' title='bbox 1104 4225 1265 4319; x_wconf 92' lang='lat' dir='ltr'>quandiu</span> <span class='ocrx_word' id='word_1_532' title='bbox 1288 4226 1451 4295; x_wconf 87' lang='lat' dir='ltr'>detentus</span> <span class='ocrx_word' id='word_1_533' title='bbox 1476 4227 1679 4322; x_wconf 88' lang='lat' dir='ltr'>priusquam</span> <span class='ocrx_word' id='word_1_534' title='bbox 1705 4231 1978 4317; x_wconf 86' lang='lat' dir='ltr'>interficeretur,</span> <span class='ocrx_word' id='word_1_535' title='bbox 2008 4232 2092 4327; x_wconf 87' lang='lat' dir='ltr'>quia</span> 
     </span>
     <span class='ocr_line' id='line_1_41' title="bbox 57 4323 2092 4427; baseline -0.001 -21"><span class='ocrx_word' id='word_1_536' title='bbox 57 4356 116 4406; x_wconf 83' lang='lat' dir='ltr'>aus</span> <span class='ocrx_word' id='word_1_537' title='bbox 134 4333 328 4427; x_wconf 83' lang='lat' dir='ltr'>perderent</span> <span class='ocrx_word' id='word_1_538' title='bbox 343 4344 452 4402; x_wconf 88' lang='lat' dir='ltr'>totam</span> <span class='ocrx_word' id='word_1_539' title='bbox 468 4341 618 4419; x_wconf 87' lang='lat' dir='ltr'>gentem.</span> <span class='ocrx_word' id='word_1_540' title='bbox 650 4325 801 4400; x_wconf 84' lang='lat' dir='ltr'>Punitae</span> <span class='ocrx_word' id='word_1_541' title='bbox 817 4342 900 4401; x_wconf 92' lang='lat' dir='ltr'>sunt</span> <span class='ocrx_word' id='word_1_542' title='bbox 917 4343 952 4400; x_wconf 90' lang='lat' dir='ltr'>et</span> <span class='ocrx_word' id='word_1_543' title='bbox 967 4351 1053 4419; x_wconf 88' lang='lat' dir='ltr'>gen·</span> <span class='ocrx_word' id='word_1_544' title='bbox 1103 4323 1244 4398; x_wconf 89' lang='lat' dir='ltr'>Christo</span> <span class='ocrx_word' id='word_1_545' title='bbox 1263 4349 1457 4396; x_wconf 80' lang='lat' dir='ltr'>excercere</span> <span class='ocrx_word' id='word_1_546' title='bbox 1482 4329 1588 4399; x_wconf 90' lang='lat' dir='ltr'>mittit</span> <span class='ocrx_word' id='word_1_547' title='bbox 1610 4331 1812 4422; x_wconf 88' lang='lat' dir='ltr'>discipulos.</span> <span class='ocrx_word' id='word_1_548' title='bbox 1876 4330 1946 4403; x_wconf 89' lang='lat' dir='ltr'>Hic</span> <span class='ocrx_word' id='word_1_549' title='bbox 1970 4356 2092 4405; x_wconf 86' lang='lat' dir='ltr'>cursus</span> 
     </span>
     <span class='ocr_line' id='line_1_42' title="bbox 58 4426 2093 4533; baseline -0.001 -25"><span class='ocrx_word' id='word_1_550' title='bbox 58 4450 111 4508; x_wconf 87' lang='lat' dir='ltr'>tes</span> <span class='ocrx_word' id='word_1_551' title='bbox 138 4446 291 4533; x_wconf 90' lang='lat' dir='ltr'>propter</span> <span class='ocrx_word' id='word_1_552' title='bbox 329 4429 589 4520; x_wconf 87' lang='lat' dir='ltr'>neglectiouem</span> <span class='ocrx_word' id='word_1_553' title='bbox 626 4426 833 4521; x_wconf 81' lang='lat' dir='ltr'>Evangelii,</span> <span class='ocrx_word' id='word_1_554' title='bbox 879 4443 1054 4501; x_wconf 88' lang='lat' dir='ltr'>venerunt</span> <span class='ocrx_word' id='word_1_555' title='bbox 1105 4427 1251 4499; x_wconf 92' lang='lat' dir='ltr'>loannis</span> <span class='ocrx_word' id='word_1_556' title='bbox 1277 4452 1349 4497; x_wconf 92' lang='lat' dir='ltr'>non</span> <span class='ocrx_word' id='word_1_557' title='bbox 1367 4430 1485 4499; x_wconf 88' lang='lat' dir='ltr'>subito</span> <span class='ocrx_word' id='word_1_558' title='bbox 1513 4431 1629 4519; x_wconf 88' lang='lat' dir='ltr'>perfici</span> <span class='ocrx_word' id='word_1_559' title='bbox 1655 4433 1790 4522; x_wconf 91' lang='lat' dir='ltr'>potuit,</span> <span class='ocrx_word' id='word_1_560' title='bbox 1814 4436 1875 4504; x_wconf 90' lang='lat' dir='ltr'>sed</span> <span class='ocrx_word' id='word_1_561' title='bbox 1896 4435 2093 4506; x_wconf 84' lang='lat' dir='ltr'>intercessit</span> 
     </span>
     <span class='ocr_line' id='line_1_43' title="bbox 57 4526 2092 4629; baseline 0 -23"><span class='ocrx_word' id='word_1_562' title='bbox 57 4538 219 4629; x_wconf 84' lang='lat' dir='ltr'>primurn</span> <span class='ocrx_word' id='word_1_563' title='bbox 241 4528 428 4616; x_wconf 84' lang='lat' dir='ltr'>haeretici,</span> <span class='ocrx_word' id='word_1_564' title='bbox 453 4544 573 4624; x_wconf 83' lang='lat' dir='ltr'>postea</span> <span class='ocrx_word' id='word_1_565' title='bbox 589 4526 836 4623; x_wconf 88' lang='lat' dir='ltr'>Mabometus,</span> <span class='ocrx_word' id='word_1_566' title='bbox 862 4547 896 4603; x_wconf 90' lang='lat' dir='ltr'>et</span> <span class='ocrx_word' id='word_1_567' title='bbox 918 4555 1054 4603; x_wconf 88' lang='lat' dir='ltr'>errores</span> <span class='ocrx_word' id='word_1_568' title='bbox 1078 4564 1081 4621; x_wconf 82' lang='lat' dir='ltr'>i</span> <span class='ocrx_word' id='word_1_569' title='bbox 1105 4543 1245 4621; x_wconf 89' lang='lat' dir='ltr'>tempus</span> <span class='ocrx_word' id='word_1_570' title='bbox 1266 4530 1418 4621; x_wconf 89' lang='lat' dir='ltr'>amplius</span> <span class='ocrx_word' id='word_1_571' title='bbox 1439 4554 1553 4614; x_wconf 88' lang='lat' dir='ltr'>auno,</span> <span class='ocrx_word' id='word_1_572' title='bbox 1594 4557 1672 4603; x_wconf 87' lang='lat' dir='ltr'>curn</span> <span class='ocrx_word' id='word_1_573' title='bbox 1698 4532 1864 4607; x_wconf 85' lang='lat' dir='ltr'>Christus</span> <span class='ocrx_word' id='word_1_574' title='bbox 1889 4537 2029 4606; x_wconf 88' lang='lat' dir='ltr'>interim</span> <span class='ocrx_word' id='word_1_575' title='bbox 2052 4539 2092 4606; x_wconf 91' lang='lat' dir='ltr'>in</span> 
     </span>
     <span class='ocr_line' id='line_1_44' title="bbox 56 4628 2091 4730; baseline -0.001 -21"><span class='ocrx_word' id='word_1_576' title='bbox 56 4635 277 4710; x_wconf 82' lang='lat' dir='ltr'>Pontificum</span> <span class='ocrx_word' id='word_1_577' title='bbox 292 4650 328 4707; x_wconf 91' lang='lat' dir='ltr'>et</span> <span class='ocrx_word' id='word_1_578' title='bbox 340 4628 625 4719; x_wconf 89' lang='lat' dir='ltr'>Monachorum,</span> <span class='ocrx_word' id='word_1_579' title='bbox 649 4636 711 4728; x_wconf 92' lang='lat' dir='ltr'>qui</span> <span class='ocrx_word' id='word_1_580' title='bbox 724 4631 918 4707; x_wconf 82' lang='lat' dir='ltr'>Ecclesiam</span> <span class='ocrx_word' id='word_1_581' title='bbox 936 4630 1054 4704; x_wconf 88' lang='lat' dir='ltr'>horri-</span> <span class='ocrx_word' id='word_1_582' title='bbox 1106 4629 1236 4702; x_wconf 88' lang='lat' dir='ltr'>Iudaea</span> <span class='ocrx_word' id='word_1_583' title='bbox 1270 4630 1442 4701; x_wconf 91' lang='lat' dir='ltr'>incoasset</span> <span class='ocrx_word' id='word_1_584' title='bbox 1468 4633 1726 4722; x_wconf 88' lang='lat' dir='ltr'>ministerium,</span> <span class='ocrx_word' id='word_1_585' title='bbox 1761 4651 1795 4707; x_wconf 89' lang='lat' dir='ltr'>et</span> <span class='ocrx_word' id='word_1_586' title='bbox 1819 4662 1914 4708; x_wconf 91' lang='lat' dir='ltr'>nunc</span> <span class='ocrx_word' id='word_1_587' title='bbox 1936 4640 2091 4730; x_wconf 89' lang='lat' dir='ltr'>primum</span> 
     </span>
     <span class='ocr_line' id='line_1_45' title="bbox 60 4730 2092 4822; baseline 0 -13"><span class='ocrx_word' id='word_1_588' title='bbox 60 4740 188 4815; x_wconf 86' lang='lat' dir='ltr'>biliter</span> <span class='ocrx_word' id='word_1_589' title='bbox 201 4749 398 4812; x_wconf 83' lang='lat' dir='ltr'>vastarunt.</span> <span class='ocrx_word' id='word_1_590' title='bbox 1105 4733 1235 4805; x_wconf 90' lang='lat' dir='ltr'>tradito</span> <span class='ocrx_word' id='word_1_591' title='bbox 1252 4730 1385 4801; x_wconf 90' lang='lat' dir='ltr'>Ioanne</span> <span class='ocrx_word' id='word_1_592' title='bbox 1400 4731 1437 4800; x_wconf 88' lang='lat' dir='ltr'>iu</span> <span class='ocrx_word' id='word_1_593' title='bbox 1453 4757 1644 4822; x_wconf 87' lang='lat' dir='ltr'>carcerem,</span> <span class='ocrx_word' id='word_1_594' title='bbox 1669 4739 1707 4808; x_wconf 89' lang='lat' dir='ltr'>in</span> <span class='ocrx_word' id='word_1_595' title='bbox 1726 4737 1885 4809; x_wconf 91' lang='lat' dir='ltr'>Galilaea</span> <span class='ocrx_word' id='word_1_596' title='bbox 1903 4740 2092 4822; x_wconf 84' lang='lat' dir='ltr'>conciona-</span> 
     </span>
     <span class='ocr_line' id='line_1_46' title="bbox 1108 4835 2093 4933; baseline 0.004 -28"><span class='ocrx_word' id='word_1_597' title='bbox 1108 4849 1225 4916; x_wconf 89' lang='lat' dir='ltr'>retur,</span> <span class='ocrx_word' id='word_1_598' title='bbox 1261 4847 1295 4904; x_wconf 92' lang='lat' dir='ltr'>et</span> <span class='ocrx_word' id='word_1_599' title='bbox 1316 4857 1393 4902; x_wconf 90' lang='lat' dir='ltr'>eam</span> <span class='ocrx_word' id='word_1_600' title='bbox 1422 4835 1641 4924; x_wconf 86' lang='lat' dir='ltr'>circumiret,</span> <span class='ocrx_word' id='word_1_601' title='bbox 1675 4843 1792 4933; x_wconf 91' lang='lat' dir='ltr'>quoad</span> <span class='ocrx_word' id='word_1_602' title='bbox 1828 4841 1931 4910; x_wconf 90' lang='lat' dir='ltr'>etiam</span> <span class='ocrx_word' id='word_1_603' title='bbox 1956 4839 2093 4911; x_wconf 90' lang='lat' dir='ltr'>Herodi</span> 
     </span>
     <span class='ocr_line' id='line_1_47' title="bbox 427 4935 2095 5058; baseline 0.005 -54"><span class='ocrx_word' id='word_1_604' title='bbox 427 4968 493 5058; x_wconf 60' lang='lat' dir='ltr'>ca</span> <span class='ocrx_word' id='word_1_605' title='bbox 521 4977 567 5057; x_wconf 61' lang='lat' dir='ltr'>ut</span> <span class='ocrx_word' id='word_1_606' title='bbox 616 4969 696 5058; x_wconf 64' lang='lat' dir='ltr'>VL</span> <span class='ocrx_word' id='word_1_607' title='bbox 1108 4936 1285 5019; x_wconf 91' lang='lat' dir='ltr'>innotuit,</span> <span class='ocrx_word' id='word_1_608' title='bbox 1312 4935 1403 5005; x_wconf 90' lang='lat' dir='ltr'>sicut</span> <span class='ocrx_word' id='word_1_609' title='bbox 1418 4935 1561 5008; x_wconf 86' lang='lat' dir='ltr'>Marcus</span> <span class='ocrx_word' id='word_1_610' title='bbox 1578 4962 1653 5031; x_wconf 87' lang='lat' dir='ltr'>cap.</span> <span class='ocrx_word' id='word_1_611' title='bbox 1667 4947 1698 5014; x_wconf 91' lang='lat' dir='ltr'>l.</span> <span class='ocrx_word' id='word_1_612' title='bbox 1716 4942 1776 5026; x_wconf 91' lang='lat' dir='ltr'>ait,</span> <span class='ocrx_word' id='word_1_613' title='bbox 1799 4937 1981 5012; x_wconf 88' lang='lat' dir='ltr'>Christum</span> <span class='ocrx_word' id='word_1_614' title='bbox 1996 4954 2095 5034; x_wconf 87' lang='lat' dir='ltr'>post·</span> 
     </span>
     <span class='ocr_line' id='line_1_48' title="bbox 493 4995 2093 5130; baseline 0.012 -33"><span class='ocrx_word' id='word_1_615' title='bbox 493 4995 520 5080; x_wconf 73' lang='lat' dir='ltr'>l)</span> <span class='ocrx_word' id='word_1_616' title='bbox 1108 5059 1215 5130; x_wconf 88' lang='lat' dir='ltr'>quarn</span> <span class='ocrx_word' id='word_1_617' title='bbox 1240 5035 1390 5108; x_wconf 89' lang='lat' dir='ltr'>loannes</span> <span class='ocrx_word' id='word_1_618' title='bbox 1414 5040 1564 5110; x_wconf 88' lang='lat' dir='ltr'>traditus</span> <span class='ocrx_word' id='word_1_619' title='bbox 1581 5055 1653 5128; x_wconf 88' lang='lat' dir='ltr'>est,</span> <span class='ocrx_word' id='word_1_620' title='bbox 1676 5044 1813 5111; x_wconf 86' lang='lat' dir='ltr'>venisse</span> <span class='ocrx_word' id='word_1_621' title='bbox 1828 5044 1867 5112; x_wconf 90' lang='lat' dir='ltr'>in</span> <span class='ocrx_word' id='word_1_622' title='bbox 1886 5040 2093 5116; x_wconf 85' lang='lat' dir='ltr'>Galilaeam.</span> 
     </span>
     <span class='ocr_line' id='line_1_49' title="bbox 164 5132 2096 5236; baseline 0.001 -22"><span class='ocrx_word' id='word_1_623' title='bbox 164 5139 276 5216; x_wconf 89' lang='lat' dir='ltr'>lnitio</span> <span class='ocrx_word' id='word_1_624' title='bbox 290 5136 400 5212; x_wconf 89' lang='lat' dir='ltr'>huius</span> <span class='ocrx_word' id='word_1_625' title='bbox 415 5138 539 5232; x_wconf 84' lang='lat' dir='ltr'>capitis</span> <span class='ocrx_word' id='word_1_626' title='bbox 555 5134 691 5230; x_wconf 87' lang='lat' dir='ltr'>aliquid</span> <span class='ocrx_word' id='word_1_627' title='bbox 707 5134 751 5207; x_wconf 90' lang='lat' dir='ltr'>de</span> <span class='ocrx_word' id='word_1_628' title='bbox 765 5136 855 5207; x_wconf 89' lang='lat' dir='ltr'>serie</span> <span class='ocrx_word' id='word_1_629' title='bbox 875 5132 1057 5226; x_wconf 85' lang='lat' dir='ltr'>historiae,</span> <span class='ocrx_word' id='word_1_630' title='bbox 1109 5134 1206 5209; x_wconf 86' lang='lat' dir='ltr'>Hine</span> <span class='ocrx_word' id='word_1_631' title='bbox 1221 5139 1290 5210; x_wconf 87' lang='lat' dir='ltr'>iarn</span> <span class='ocrx_word' id='word_1_632' title='bbox 1308 5139 1468 5232; x_wconf 87' lang='lat' dir='ltr'>sequitur</span> <span class='ocrx_word' id='word_1_633' title='bbox 1475 5137 1620 5224; x_wconf 88' lang='lat' dir='ltr'>Pascha,</span> <span class='ocrx_word' id='word_1_634' title='bbox 1646 5145 1741 5236; x_wconf 91' lang='lat' dir='ltr'>quod</span> <span class='ocrx_word' id='word_1_635' title='bbox 1757 5144 1826 5214; x_wconf 90' lang='lat' dir='ltr'>luit</span> <span class='ocrx_word' id='word_1_636' title='bbox 1842 5144 1984 5215; x_wconf 88' lang='lat' dir='ltr'>initium</span> <span class='ocrx_word' id='word_1_637' title='bbox 1997 5143 2096 5216; x_wconf 89' lang='lat' dir='ltr'>tertii</span> 
     </span>
     <span class='ocr_line' id='line_1_50' title="bbox 60 5233 2099 5333; baseline 0 -15"><span class='ocrx_word' id='word_1_638' title='bbox 60 5260 97 5323; x_wconf 88' lang='lat' dir='ltr'>et</span> <span class='ocrx_word' id='word_1_639' title='bbox 117 5243 250 5319; x_wconf 86' lang='lat' dir='ltr'>ordine</span> <span class='ocrx_word' id='word_1_640' title='bbox 277 5266 455 5313; x_wconf 89' lang='lat' dir='ltr'>annorum</span> <span class='ocrx_word' id='word_1_641' title='bbox 479 5236 756 5333; x_wconf 84' lang='lat' dir='ltr'>praedicationis</span> <span class='ocrx_word' id='word_1_642' title='bbox 776 5233 910 5307; x_wconf 90' lang='lat' dir='ltr'>Christi</span> <span class='ocrx_word' id='word_1_643' title='bbox 934 5239 1058 5309; x_wconf 89' lang='lat' dir='ltr'>dicen·</span> <span class='ocrx_word' id='word_1_644' title='bbox 1110 5242 1232 5311; x_wconf 91' lang='lat' dir='ltr'>annia</span> <span class='ocrx_word' id='word_1_645' title='bbox 1250 5240 1509 5332; x_wconf 86' lang='lat' dir='ltr'>praedicatione</span> <span class='ocrx_word' id='word_1_646' title='bbox 1525 5239 1683 5329; x_wconf 87' lang='lat' dir='ltr'>loannis,</span> <span class='ocrx_word' id='word_1_647' title='bbox 1708 5246 1808 5319; x_wconf 85' lang='lat' dir='ltr'>cuius</span> <span class='ocrx_word' id='word_1_648' title='bbox 1824 5239 1884 5316; x_wconf 89' lang='lat' dir='ltr'>hic</span> <span class='ocrx_word' id='word_1_649' title='bbox 1899 5246 1939 5317; x_wconf 87' lang='lat' dir='ltr'>tit</span> <span class='ocrx_word' id='word_1_650' title='bbox 1952 5246 2099 5331; x_wconf 89' lang='lat' dir='ltr'>mentio,</span> 
     </span>
     <span class='ocr_line' id='line_1_51' title="bbox 62 5335 2099 5445; baseline -0.001 -22"><span class='ocrx_word' id='word_1_651' title='bbox 62 5350 150 5423; x_wconf 84' lang='lat' dir='ltr'>dnm</span> <span class='ocrx_word' id='word_1_652' title='bbox 170 5361 236 5420; x_wconf 85' lang='lat' dir='ltr'>est.</span> <span class='ocrx_word' id='word_1_653' title='bbox 297 5342 394 5433; x_wconf 86' lang='lat' dir='ltr'>Quia</span> <span class='ocrx_word' id='word_1_654' title='bbox 417 5341 512 5415; x_wconf 88' lang='lat' dir='ltr'>euim</span> <span class='ocrx_word' id='word_1_655' title='bbox 534 5336 594 5411; x_wconf 88' lang='lat' dir='ltr'>bie</span> <span class='ocrx_word' id='word_1_656' title='bbox 617 5340 656 5413; x_wconf 85' lang='lat' dir='ltr'>fit</span> <span class='ocrx_word' id='word_1_657' title='bbox 677 5338 811 5411; x_wconf 85' lang='lat' dir='ltr'>mentio</span> <span class='ocrx_word' id='word_1_658' title='bbox 825 5335 999 5429; x_wconf 81' lang='lat' dir='ltr'>Paschae,</span> <span class='ocrx_word' id='word_1_659' title='bbox 1023 5353 1059 5416; x_wconf 89' lang='lat' dir='ltr'>et</span> <span class='ocrx_word' id='word_1_660' title='bbox 1111 5366 1191 5417; x_wconf 89' lang='lat' dir='ltr'>cum</span> <span class='ocrx_word' id='word_1_661' title='bbox 1206 5355 1241 5413; x_wconf 90' lang='lat' dir='ltr'>et</span> <span class='ocrx_word' id='word_1_662' title='bbox 1253 5336 1416 5414; x_wconf 86' lang='lat' dir='ltr'>Christus</span> <span class='ocrx_word' id='word_1_663' title='bbox 1437 5343 1508 5413; x_wconf 87' lang='lat' dir='ltr'>iam</span> <span class='ocrx_word' id='word_1_664' title='bbox 1525 5344 1606 5431; x_wconf 85' lang='lat' dir='ltr'>lere</span> <span class='ocrx_word' id='word_1_665' title='bbox 1618 5346 1870 5440; x_wconf 87' lang='lat' dir='ltr'>sesquiannum</span> <span class='ocrx_word' id='word_1_666' title='bbox 1900 5349 2099 5445; x_wconf 88' lang='lat' dir='ltr'>praedicas·</span> 
     </span>
     <span class='ocr_line' id='line_1_52' title="bbox 116 5440 1593 5523; baseline -0.004 -3"><span class='ocrx_word' id='word_1_667' title='bbox 116 5452 303 5520; x_wconf 66' lang='lat' dir='ltr'>llszarrm</span> <span class='ocrx_word' id='word_1_668' title='bbox 321 5448 426 5518; x_wconf 77' lang='lat' dir='ltr'>Orsa.</span> <span class='ocrx_word' id='word_1_669' title='bbox 454 5440 542 5518; x_wconf 75' lang='lat' dir='ltr'>Vos.</span> <span class='ocrx_word' id='word_1_670' title='bbox 558 5444 638 5514; x_wconf 82' lang='lat' dir='ltr'>XV.</span> <span class='ocrx_word' id='word_1_671' title='bbox 1567 5444 1593 5523; x_wconf 80' lang='grc'>9</span> 
     </span>
    </p>
   </div>
   <div class='ocr_carea' id='block_1_12' title="bbox 0 0 2270 5780">
    <p class='ocr_par' dir='ltr' id='par_1_12' title="bbox 0 0 2270 5780">
     <span class='ocr_line' id='line_1_53' title="bbox 0 0 2270 5780; baseline 0 0"><span class='ocrx_word' id='word_1_672' title='bbox 0 0 2270 5780; x_wconf 95' lang='lat' dir='ltr'> </span> 
     </span>
    </p>
   </div>
   <div class='ocr_carea' id='block_1_13' title="bbox 1097 1079 2241 1185">
    <p class='ocr_par' dir='ltr' id='par_1_13' title="bbox 1097 1079 2241 1185">
     <span class='ocr_line' id='line_1_54' title="bbox 1097 1079 2241 1185; baseline 0.011 -31"><span class='ocrx_word' id='word_1_673' title='bbox 1097 1079 1267 1155; x_wconf 88' lang='lat' dir='ltr'>Pascbate</span> <span class='ocrx_word' id='word_1_674' title='bbox 1293 1108 1398 1174; x_wconf 89' lang='lat' dir='ltr'>supra</span> <span class='ocrx_word' id='word_1_675' title='bbox 1421 1086 1504 1155; x_wconf 92' lang='lat' dir='ltr'>satis</span> <span class='ocrx_word' id='word_1_676' title='bbox 1522 1091 1703 1185; x_wconf 89' lang='lat' dir='ltr'>perspicue</span> <span class='ocrx_word' id='word_1_677' title='bbox 1722 1093 1855 1162; x_wconf 88' lang='lat' dir='ltr'>dictum</span> <span class='ocrx_word' id='word_1_678' title='bbox 1874 1110 1944 1176; x_wconf 89' lang='lat' dir='ltr'>est,</span> <span class='ocrx_word' id='word_1_679' title='bbox 1977 1093 2087 1168; x_wconf 85' lang='lat' dir='ltr'>Chri·</span> <span class='ocrx_word' id='word_1_680' title='bbox 2136 1153 2141 1167; x_wconf 92' lang='lat'><strong><em>.</em></strong></span> <span class='ocrx_word' id='word_1_681' title='bbox 2238 1102 2241 1113; x_wconf 86' lang='lat'>&#39;</span> 
     </span>
    </p>
   </div>
  </div>
 </body>
</html>
