4522 5782
1072 40 1138 85 .„
1404 40 1423 73 .

70 191 176 291 rosc
326 187 430 266 xtu.
478 191 513 283 a.
545 126 1197 283 anamartoausc.cau1.1
1223 122 1580 305 innormans
1633 193 1740 269 eae.
1764 179 1911 284 mn.)
1955 192 1957 197 ’
2016 139 2117 317 coss

70 387 194 459 neque
225 367 414 458 perfectam
439 365 689 453 dilectionem,
729 390 845 459 neque
872 367 1064 464 perlectam
1120 357 1310 456 descriptio
1333 389 1533 452 armorum,
1559 367 1604 437 ad
1628 363 1802 460 Ephesios
1817 367 1968 455 ultimo,
1995 384 2112 441 sumta

70 467 162 557 legis
193 468 437 558 impletionem
472 467 566 538 ullus
594 464 702 539 homo
736 463 867 552 habet,
923 482 1066 558 excepto
1119 493 1159 538 ex
1184 465 1247 540 59.
1275 492 1351 560 cap.
1375 464 1512 541 Esaiae.

70 562 301 654 mediadore,
333 568 490 641 Domino
516 584 637 641 nostro
663 570 742 642 lesu
764 566 919 644 Christo.
981 569 1064 640 ldeo

70 672 205 743 caeteri
223 667 385 741 homines
400 696 464 743 nec
482 673 570 760 lege,
593 698 659 741 nec
675 674 865 744 dilectione
881 686 965 743 sunt
982 672 1065 743 iusti
1694 754 1696 760 Ι

70 788 196 842 coram
214 770 311 859 Deo,
339 778 398 843 sed
420 787 568 866 propter
590 776 823 844 mediatorem
848 775 926 854 lide,
944 776 1064 863 gratis,
1218 772 1341 858 Salus,
1376 773 1507 859 idest,
1543 776 1618 865 ipse
1649 771 1811 845 Christus
1840 771 2038 858 exhibitus,
2070 770 2137 851 et'

70 894 226 966 persona
246 877 416 968 recipitur
431 891 465 946 et
481 877 605 968 placet.
642 876 769 948 Postea
792 878 905 968 placet
924 892 957 946 et
972 901 1063 946 nova
1115 870 1303 964 Evangelii
1332 877 1548 967 praedicatio
1567 880 1661 948 intec
1680 877 1814 948 Gentes
1836 879 2005 965 dicuntur
2021 905 2105 969 pro.-

70 978 301 1062 nbcdientia,
341 979 503 1073 quamvis
526 980 652 1068 procul
678 982 776 1050 abest
797 1006 816 1048 a
841 979 1065 1066 perfectione,
1115 977 1194 1069 pius
1218 980 1362 1062 adesse,
1386 978 1470 1068 quia
1491 995 1593 1049 antea
1612 1004 1685 1048 non
1703 981 1770 1051 luit
1788 982 1985 1050 communis
2003 1006 2105 1073 prae-

70 1092 103 1149 et
131 1094 187 1149 est
209 1081 395 1169 languida,
421 1080 567 1165 mutila,
591 1085 755 1154 mendica
779 1095 813 1153 et
837 1081 997 1162 sordida,
1023 1095 1065 1150 ut
1116 1079 1247 1149 dicatio
1264 1080 1357 1149 inter
1375 1077 1512 1151 Gentes
1528 1104 1659 1172 sparsa.
1711 1081 1900 1152 Paucioces
1915 1082 2020 1151 etiam
2041 1072 2106 1154 lu?

70 1202 184 1279 supra
207 1184 463 1271 saepedictum
487 1196 548 1256 est.
1114 1181 1192 1248 daei
1225 1183 1489 1270 intelligebant,
1524 1186 1628 1276 quale
1655 1183 1814 1253 futurum
1831 1198 1930 1253 esset
1954 1207 2104 1275 regnum

1141 629 1302 735 Propior
1319 644 1371 704 est
1386 630 1494 706 salus
1511 659 1624 735 qnam
1640 647 1718 708 tum
1733 661 1811 706 cum
1829 633 2075 713 credebamus.

176 1281 234 1355 Sit
253 1285 363 1373 igitur
385 1285 503 1355 brevis
524 1285 721 1375 responsio:
745 1279 899 1352 Dilectio
923 1298 975 1353 est
993 1283 1062 1351 im·
1112 1277 1257 1352 Christi.
1309 1283 1381 1354 lam
1400 1284 1532 1376 iuquit:
1558 1276 1692 1353 Omnia
1708 1274 1790 1356 sunt
1809 1287 1919 1375 tnagis
1937 1287 2102 1368 illustria,
2194 1296 2197 1301 ’
2250 1330 2253 1337 ›

70 1385 185 1475 pletio
204 1386 301 1474 legis.
354 1385 461 1470 Item,
494 1383 560 1457 Est
581 1388 736 1467 iusticia,
768 1385 798 1454 si
821 1387 857 1453 id
882 1385 1061 1474 intelliga-
1113 1408 1218 1474 quam
1245 1397 1329 1454 tunc
1353 1410 1432 1455 cum
1456 1388 1703 1471 credebamus,
1741 1389 1875 1458 scilicet
1901 1391 1945 1458 de
1976 1400 2102 1458 ventu⁴

70 1507 132 1555 tur
148 1491 194 1556 de
213 1480 312 1570 idea,
339 1513 412 1558 non
433 1493 477 1559 de
501 1487 563 1558 tali
589 1488 798 1572 dilectione,
824 1488 939 1579 qualis
957 1487 1061 1556 estin
1112 1487 1160 1555 ris
1184 1481 1240 1556 his
1264 1488 1459 1571 beneficiis,
1502 1512 1591 1581 quae
1614 1500 1699 1559 tunc
1730 1490 1842 1560 multo
1874 1491 2101 1581 paucioribus

70 1583 284 1659 hominibus
303 1590 340 1657 in
358 1586 425 1661 hac
442 1593 522 1659 vita.
574 1587 671 1661 Haec
686 1589 771 1662 satis
787 1590 833 1658 sit
849 1590 1037 1658 monuisse.
1111 1602 1195 1658 nota
1221 1603 1332 1663 erant.
1386 1588 1567 1677 Significat
1586 1591 1712 1679 igitur,
1740 1593 1874 1661 obiecta
1894 1616 1988 1662 istinc
2014 1616 2099 1682 pro-

178 1691 291 1761 Addit
314 1707 430 1762 atatem
455 1691 588 1761 Paulus
611 1688 677 1762 hoc
702 1693 779 1762 loco
810 1691 1059 1781 repetitionem
1111 1689 1209 1780 pioca
1227 1713 1318 1771 esse,
1347 1691 1470 1771 idest,
1498 1692 1659 1762 notiora:
1688 1717 1762 1762 non
1780 1688 1847 1762 boc
1865 1694 1970 1777 dicit,
1996 1693 2101 1765 aliter

70 1794 253 1882 decalogi,
293 1807 328 1863 et
352 1794 552 1865 doctrinam
577 1794 621 1864 de
645 1794 856 1875 dilectione,
891 1794 973 1886 quia
998 1816 1059 1861 ne·
1110 1815 1205 1860 ntsnc
1223 1793 1349 1861 salvari
1371 1788 1557 1873 homiues,
1582 1792 1685 1863 aliter
1711 1809 1826 1884 patres
1849 1796 2099 1867 salvatosesse.
2212 1878 2221 1890 .

70 1899 243 1965 :esseest
268 1896 304 1962 iu
332 1892 397 1967 hac
419 1897 490 1966 vita
516 1896 649 1965 incoari
672 1895 931 1980 obedientiam,
964 1896 1059 1965 irrata
1108 1891 1199 1962 Nam
1226 1888 1368 1989 utrique
1392 1908 1509 1985 patres
1531 1911 1565 1965 et
1587 1895 1753 1987 deinceps
1773 1896 1833 1965 alii
1852 1891 2013 1967 homines
2030 1896 2098 1965 fide

70 1999 195 2069 >misia
219 1998 587 2088 praeceptamocalia,
620 1999 712 2069 sicut
733 1997 984 2087 scriptumest:
1019 1995 1061 2068 Si
1109 1997 1302 2067 salvantur.
1366 1995 1525 2066 'l'antum
1561 1991 1630 2065 hoc
1661 1997 1852 2066 discrimen
1884 2011 1956 2085 est,
1998 2000 2099 2092 quod

70 2101 125 2168 vis
151 2100 289 2188 ingredi
322 2101 360 2168 in
383 2101 510 2184 vitam,
558 2122 656 2169 serva
681 2102 864 2178 mandata,
908 2099 1059 2180 scilicet,
1108 2112 1223 2188 patres
1254 2100 1298 2167 de
1327 2110 1480 2168 venturo
1511 2097 1668 2168 Domino
1699 2101 1908 2186 credebant,
1957 2123 2023 2169 nos
2055 2100 2099 2170 de

70 2202 164 2271 sicut
180 2199 415 2288 Evangelium
433 2204 534 2271 docet
551 2217 695 2293 propter
715 2202 828 2271 filium
845 2224 912 2269 nos
934 2201 1057 2290 recipi,
1109 2194 1279 2272 exhibito.

70 2319 97 2373 rt
117 2303 343 2372 fideincoari
359 2304 618 2389 obedientiam,
652 2305 740 2374 sicut
768 2302 901 2374 Paulus
921 2303 1055 2396 inquit:
1151 2370 1155 2377 ,
1327 2369 1334 2388 ,
1584 2368 1628 2388 ..
1871 2371 1877 2389 ,
1960 2371 1967 2389 ,

70 2404 139 2475 per
164 2405 269 2473 fidem
294 2406 349 2474 lex
373 2405 563 2478 stabilitur·
885 2430 893 2491 3
1210 2366 1301 2445 Non
1317 2395 1357 2440 sn
1372 2366 1468 2441 luxu
1485 2394 1732 2442 concretorum
1749 2379 1782 2441 et
1798 2370 1995 2442 ebrietates.

1209 2510 1347 2602 Κῶμος
1369 2508 1541 2596 significat
1558 2500 1763 2579 convivium
1779 2509 1954 2580 sodalium
1970 2510 2015 2578 ad
2033 2532 2097 2580 voa

1109 2609 1261 2702 luptates
1282 2623 1316 2680 et
1339 2610 1443 2678 ludos
1466 2609 1686 2694 institutum,
1713 2612 1808 2681 unde
1821 2609 2014 2683 Comoedia
2038 2612 2096 2680 di-

171 2706 388 2781 Adbortatio
411 2724 672 2800 estatempore
695 2725 808 2782 sumta
832 2725 978 2801 propter
997 2735 1057 2780 oc·
1110 2725 1163 2783 cta
1187 2727 1249 2786 est.
1300 2710 1423 2781 Luxus
1439 2712 1534 2780 enim
1558 2727 1591 2782 et
1618 2714 1768 2782 ebrietas
1796 2727 1977 2798 taxantur,
2020 2737 2096 2784 non

70 2815 247 2893 minues,
263 2813 361 2904 quasi
379 2815 489 2882 dicat:
515 2813 588 2881 lam
605 2814 775 2882 immensa
793 2812 1057 2883 bonitateDeus
1110 2814 1286 2885 ususcibi
1305 2827 1340 2883 et
1357 2827 1461 2904 potus
1488 2815 1723 2898 necessarius,
1755 2813 1850 2884 ideo'
1862 2815 1954 2884 inira
1978 2815 2095 2886 addit:

70 2916 179 2988 uobis
204 2916 366 3006 patefecit
389 2912 624 3001 Evangelium
653 2914 832 2987 Gentibus
853 2915 1056 2999 etludaeis,
1110 2917 1242 2987 Curate
1257 2938 1417 2998 carnem,
1445 2939 1518 2984 non
1537 2918 1579 2984 ad
1598 2917 1820 3007 cupiditates.
1872 2914 1962 2988 Vult
1977 2916 2096 2987 curari

70 3043 153 3093 :um
177 3029 278 3086 antea
300 3018 337 3085 in
363 3020 516 3088 tenebris
540 3017 678 3104 essetis,
713 3031 747 3087 et
770 3040 832 3088 vos
850 3031 962 3090 vocat.
1015 3015 1054 3085 ld
1108 3040 1256 3109 corpus,
1280 3017 1434 3088 sedsine
1456 3018 1563 3097 luxu,
1591 3041 1636 3087 ne
1660 3019 1903 3109 impediantur
1927 3019 2007 3109 piae
2034 3043 2096 3088 co·

116 2548 212 2624 Iam
237 2548 331 2625 isora
357 2564 426 2643 est,
467 2579 534 2625 nos
557 2578 605 2626 ex
625 2579 766 2626 sommo
789 2553 1005 2654 expergisci.

70 3143 251 3194 summum
288 3120 495 3189 beneficium
529 3142 777 3208 agnoscamus,
822 3144 886 3189 nec
917 3132 1054 3209 tantum
1107 3121 1312 3210 gitationes,
1338 3117 1533 3199 invocatio,
1565 3132 1599 3189 et
1621 3120 1771 3188 aliarum
1799 3121 1971 3189 victutum
1994 3143 2095 3188 exer·
2217 3192 2222 3201 ,

70 3243 205 3294 munus
226 3224 497 3309 adspernamur,
522 3225 580 3290 sed
604 3222 705 3290 avide
723 3224 995 3312 amplectamur,
1021 3234 1055 3290 et
1106 3224 1187 3292 citia
1212 3238 1276 3295 etc.
1328 3220 1428 3293 Sicut
1452 3235 1485 3290 et
1507 3220 1633 3291 Petrus
1656 3222 1792 3317 inquit:
1830 3221 1917 3294 Sitis
1941 3221 2094 3293 modesti

70 3324 146 3399 Deo
172 3323 391 3397 obediamus.
440 3321 601 3395 Eandem
624 3319 907 3396 adhortationem
925 3348 1055 3415 propo·
1106 3337 1141 3394 et
1162 3325 1272 3394 sobrii
1295 3325 1339 3392 ad
1363 3323 1613 3413 precationem.

70 3430 122 3499 nit
137 3425 332 3509 Dominus,
349 3426 430 3519 quia
447 3450 520 3496 non
539 3427 706 3496 omnibus
721 3429 940 3520 temporibus
955 3425 1054 3495 simi·
1208 3425 1370 3497 luniores
1392 3424 1616 3494 considerent
1633 3420 1796 3523 phrasin:
1824 3423 2095 3496 Providentiam

70 3532 154 3600 liter
170 3528 388 3616 conspicitur
403 3530 463 3598 lux
479 3526 686 3616 Evangelii:
713 3528 916 3613 Ambulate,
938 3529 1057 3622 inquit
1106 3529 1224 3599 carnis
1240 3552 1285 3597 ne
1300 3527 1414 3599 lacite.
1467 3527 1540 3597 Hic
1555 3527 1650 3595 euim
1673 3529 1893 3617 peregrinam
1917 3530 2095 3620 interpre-

70 3630 272 3710 Dominus,
299 3631 383 3698 dum
406 3631 521 3700 lucem
544 3626 700 3717 habetis,
734 3655 779 3700 ne
803 3632 969 3701 tenebrae
994 3655 1056 3701 vos
1105 3631 1275 3701 tationem
1298 3628 1435 3721 quaerit
1459 3626 1698 3716 Atrgnstinus,
1724 3627 1778 3698 Ne
1801 3645 1994 3723 sequantur
2015 3654 2093 3699 car-

70 3736 240 3806 obruant.
292 3730 341 3802 Ut
356 3733 393 3801 in
413 3730 559 3817 ludaea,
585 3747 702 3823 spreta
721 3734 929 3818 vocatione,
953 3758 1055 3804 secu·
1106 3733 1200 3801 nalia
1222 3732 1391 3808 consilia,
1422 3742 1462 3807 ut
1487 3732 1557 3798 dici
1581 3744 1697 3822 posset
1721 3756 1847 3814 avaro,
1888 3756 1934 3801 ne
1958 3732 2094 3802 carnali

70 3854 126 3908 tae
143 3850 227 3904 sunt
248 3835 399 3904 maiores
416 3838 591 3920 tenebrae,
616 3850 647 3904 et
665 3837 783 3926 magni
799 3839 947 3921 furores,
970 3861 1055 3906 con·
1105 3834 1255 3904 consilio
1272 3843 1418 3927 quaerat
1434 3855 1519 3922 opes
1533 3856 1598 3922 pec
1613 3856 1753 3904 usuras:
1778 3847 1812 3903 et
1830 3835 1959 3924 cupido
1975 3833 2093 3903 domi-

70 3938 230 4013 lusiones
265 3937 495 4028 opinionum,
534 3951 568 4007 et
607 3934 814 4028 Principum
841 3939 1056 4023 discordiae,
1105 3937 1260 4007 nationis
1281 3935 1352 4005 diei
1377 3948 1512 4026 posset,
1538 3933 1591 4003 Ne
1613 3936 1760 4004 invadas
1786 3958 1934 4025 regnum
1957 3934 2093 4006 illicitis

70 4040 204 4138 quibus
235 4053 453 4110 attraxerunt
483 4040 649 4111 ultimum
681 4041 853 4112 exitium:
888 4043 936 4111 ita
959 4042 998 4112 fit
1020 4055 1055 4111 et
1105 4039 1232 4113 modis.
1283 4036 1354 4109 Sed
1374 4030 1511 4127 phrasis
1532 4036 1829 4127 aliudsignilicat.
1881 4038 1981 4108 lubet
1997 4034 2094 4112 Pauz

70 4144 151 4215 aliis
165 4143 397 4230 temporibus.
448 4138 495 4213 Et
511 4166 606 4212 nnnc
622 4141 725 4212 multi
738 4143 937 4214 abutuntur
953 4166 1056 4234 pcae-
1104 4141 1160 4211 lus
1174 4163 1298 4211 curare
1312 4160 1459 4229 corpus,
1484 4140 1544 4207 sed
1563 4133 1693 4208 habere
1709 4139 1882 4209 rationem
1897 4139 2012 4209 carnis
2028 4162 2093 4209 seu

70 4257 170 4317 textu
197 4243 386 4329 libertatis,
413 4257 448 4314 et
470 4259 609 4315 vertunt
637 4245 783 4334 gratiam
798 4244 865 4316 Dei
889 4246 929 4314 in
951 4258 1054 4337 petu—
1104 4242 1283 4334 corporis,
1309 4243 1434 4324 idest,
1460 4240 1685 4311 considerare
1707 4241 1794 4334 quid
1812 4241 1971 4330 corporis
1990 4241 2091 4309 inco-

70 4346 240 4429 lantiam,
283 4360 323 4416 ut
358 4347 482 4416 Petrus
516 4348 686 4440 loquitur.
738 4344 822 4416 ldeo
858 4361 1056 4442 sequuntur
1102 4345 1245 4415 lumilas
1268 4344 1440 4434 postulet,
1466 4345 1525 4410 sed
1548 4342 1641 4412 iusto
1664 4343 1980 4412 modo'etordiue.
2031 4340 2092 4413 Sic

70 4447 221 4521 dissidia
243 4448 475 4536 opinionum,
508 4462 542 4519 et
568 4450 657 4520 aliae
686 4450 924 4529 calamitates,
960 4450 1053 4519 bella
1102 4441 1357 4533 Demosthenes
1374 4443 1514 4537 inquit:
1541 4443 1731 4515 ποιεῖσθαι
1746 4440 1929 4542 πρόνοιαν
1949 4443 2089 4543 saetae,
2134 4521 2137 4526 ,

70 4566 104 4622 et
137 4550 364 4619 confusiones
395 4551 639 4641 imperiorum.
698 4546 745 4622 Et
760 4557 805 4625 ·2.
830 4545 996 4623 Corinth.
1018 4551 1053 4624 6.
1103 4550 1140 4619 id
1163 4563 1233 4633 est,
1267 4543 1396 4618 habere
1423 4545 1596 4616 rationem
1621 4547 1712 4619 festi.

70 4652 205 4724 Paulus
238 4654 378 4746 inquit:
420 4649 511 4722 Ecce
549 4678 646 4723 nunc
685 4667 825 4745 tempus
860 4668 1053 4744 acceptum.
1516 4711 1524 4730 .
1673 4713 1680 4732 .

70 4753 198 4826 Monet
212 4755 328 4834 enim,
354 4779 400 4823 ne
414 4755 531 4826 oblata
548 4754 715 4825 beneficia
734 4757 970 4848 negligamus,
989 4780 1054 4827 nec
1408 4709 1556 4787 Ind‘m‘
1581 4703 1788 4793 Ch'ssl‘m'·

70 4859 118 4928 ris
143 4856 252 4946 impie
274 4857 474 4931 abutamur.
1205 4856 1301 4927 Haec
1323 4856 1434 4944 figura
1457 4857 1632 4925 sermonis
1661 4881 1734 4926 non
1758 4872 1898 4930 tautum
1920 4859 2095 4949 siguificat

174 4957 349 5028 Somnum
387 4960 549 5028 nominat
582 4959 818 5047 ignorantiam
849 4957 1055 5052 Evangelii,
1103 4961 1359 5037 imitationem,
1388 4970 1429 5027 ut
1454 4957 1483 5026 si
1507 4958 1604 5027 dicas
1631 4958 1789 5051 Principi
1814 4963 1925 5045 irato,
1960 4960 2093 5030 lnduas
2197 4966 2200 4971 ’

70 5060 223 5152 vigilias
246 5061 475 5148 agnitionem.
527 5059 572 5129 Et
602 5061 685 5152 quia
717 5063 940 5150 vigilantium
972 5077 1055 5134 sunt
1104 5066 1263 5135 animum
1280 5057 1432 5147 Augusti
1450 5059 1488 5127 in
1508 5062 1731 5151 reprimenda
1752 5064 1823 5142 ira,
1852 5065 1887 5131 id
1905 5074 1978 5152 est,
2009 5062 2094 5130 imi-

70 5166 211 5235 labores
235 5177 269 5232 et
292 5164 509 5248 certamina,
550 5162 648 5232 iubet
670 5185 808 5233 sumere
829 5189 925 5234 arma
956 5165 1055 5249 lucis,
1105 5163 1540 5237 teriseiusclementiam.
1593 5162 1663 5234 Sed
1687 5166 1777 5233 aliae
1798 5164 1910 5233 multo
1937 5163 2094 5254 potiores

70 5267 203 5338 scilicet
232 5289 333 5333 verae
354 5266 536 5334 doctrinae
564 5265 824 5355 cognitionem,
857 5267 1053 5336 invocatio·
1103 5267 1377 5359 significationes
1401 5280 1483 5334 sunt
1510 5261 1698 5349 hocloco,
1733 5290 1884 5359 quacum
1902 5265 1940 5334 lit
1958 5267 2092 5334 mentio
2121 5353 2125 5360 Ι

70 5392 171 5456 nem,
197 5366 443 5460 tolerantiam,
469 5392 599 5438 novam
619 5369 880 5455 obedientiam,
904 5382 946 5442 ut
963 5381 1055 5440 estat
1102 5372 1141 5441 in
1164 5370 1276 5462 capite
1298 5367 1359 5443 61.
1381 5364 1526 5437 Esaiae:
1565 5364 1736 5437 Gaudens
1759 5367 1921 5457 gaudebo
1951 5367 1989 5437 in
2015 5364 2093 5452 uo,
