4522 5782
88 226 112 301 a
435 216 519 295 ιιιι.
568 210 870 293 minutato
895 210 1158 315 travano.
1184 210 1399 293 toauots.
1450 214 1699 296 cauxvu.
1997 180 2075 297 sssf
2128 328 2135 335 .

88 414 202 478 trum,
233 405 271 465 et
290 391 451 462 omnium
474 389 700 473 solatiorum,
733 412 824 481 quae
851 398 1030 477 expetunt.
1081 410 1146 457 nec
1166 385 1240 457 ulla
1260 380 1424 457 humana
1446 388 1617 477 sapientia
1637 390 1712 479 regi
1737 390 1796 460 illa
1813 388 1969 483 pericula
1984 416 2069 483 pos·

88 510 132 568 tta
154 494 228 564 vita
252 516 324 564 nox
347 506 401 565 est
424 490 529 582 plena
552 492 800 575 tenebrarum,
832 489 1030 579 inignora·
1080 502 1183 572 sunt,
1213 513 1278 557 nec
1307 491 1481 560 sustinere
1512 514 1552 558 ea
1585 490 1699 559 ullum
1729 494 1841 564 robur
1871 488 2081 565 humanum

88 597 227 673 uereri
243 594 363 677 Deiet
385 594 669 686 permanentium
692 595 890 687 bottpruma
919 612 1029 683 ‘luae-
1080 604 1203 679 potest.
1255 590 1326 661 Sed
1358 592 1407 681 pii
1438 586 1503 660 hac
1530 614 1567 660 se
1594 595 1836 664 consolatione
1856 608 2068 678 sustentent,

88 698 359 779 ntautemlalsa
373 695 523 786 gaudia,
547 696 585 765 id
610 707 681 780 est,
715 692 868 788 quaein
893 689 1029 782 magnis
1078 695 1174 797 qttpd
1203 692 1320 763 sciunt
1344 694 1458 761 iuvari
1486 717 1527 763 ac
1548 694 1692 763 defendi
1718 720 1784 767 nos
1807 721 1827 767 a
1849 694 1944 785 Deo,
1976 698 2068 769 sicut

88 801 189 871 ¹reris
212 799 399 871 doloribus
429 820 502 866 nou
526 810 674 890 possunt
697 819 855 870 recreare
879 794 1029 863 animos.
1078 789 1136 865 hie
1153 794 1299 886 petitur:
1326 792 1435 865 Serva
1452 820 1546 866 eosa
1563 796 1666 866 malo.

88 902 209 995 unpeio
227 902 317 972 victo
332 924 407 971 uon
424 899 564 971 leniunt
580 899 741 969 dolorem
758 897 851 969 ullae
864 896 1028 985 volupta·
1178 926 1239 1001 Sit
1260 943 1294 999 ep
1310 928 1431 999 3333„
1453 932 1540 1002 dicit
1562 932 1607 1002 de
1627 932 1756 1003 ffinm
1771 928 1868 1001 Mosp
1892 955 1955 1025 per
1968 954 2067 1003 mm

88 1048 109 1091 '2
141 1018 205 1123 ³¹¹}
227 1005 321 1073 “¹¹³²
343 1026 422 1095 ’μ’
445 1002 683 1081 ³⁰¹⁵¹¹⁰²¹¹¹¹¹²
714 1013 749 1072 ²⁸
772 1000 801 1070 ’ἰ
819 1020 907 1094 ‘1⁰³⁸
920 992 1028 1067 imm
1077 1032 1242 1100 rubrum:
1270 1030 1343 1121 Qui
1368 1032 1488 1103 eduxit
1511 1034 1632 1105 dextra
1649 1032 1799 1119 Mosen,
1824 1028 1970 1104 brachio
1989 1038 2066 1104 ma-

88 1130 135 1191 ⁵⁸·
162 1120 233 1177 ⁰¹¹⁰
252 1116 474 1223 ⁸V³¹fe⁸⁶¹¹¹¹f·
525 1100 575 1175 Αἱ
597 1115 741 1221 5⁶⁰⁰¹f³
763 1125 845 1171 ‘¹¹¹¹‘
866 1100 954 1170 ΨΒ*
973 1098 1026 1169 ¹⁰·
1078 1134 1209 1203 iestatis
1233 1144 1342 1207 suae.'
1380 1132 1485 1203 ltem:
1511 1134 1666 1227 Spiritus
1681 1133 1830 1207 Domini
1847 1138 1973 1206 ductor
1989 1136 2067 1207 eius

88 1208 217 1303 solyma
246 1209 292 1279 ab
329 1219 463 1295 mgentt
500 1218 655 1275 exercitu
683 1206 899 1276 ctrcumdata
932 1213 1026 1272 esta
1077 1236 1162 1319 fnit,
1188 1250 1252 1307 epe·
1306 1232 1384 1315 Hoc
1406 1236 1513 1317 modo
1538 1260 1675 1329 semper
1698 1232 1987 1309 ducffloeleshm
2002 1260 2067 1329 per

88 1306 280 1431 ”Pthflfiba
319 1309 381 1403 qui
405 1321 507 1395 ‘mm
537 1310 657 1425 defem
687 1306 802 1423 ΨΜ
831 1306 965 1375 *Ῑῑθηῑ
992 1316 1027 1373 ⁰⁸
1078 1337 1231 1425 iugentia
1248 1338 1421 1429 pericula,
1445 1350 1613 1433 tanquam
1628 1362 1692 1431 per
1705 1340 1820 1410 undat
1833 1338 1879 1409 ab
1895 1339 1973 1430 ipso
1987 1334 2066 1411 Deo

88 1425 291 1503 ''pmffla
315 1425 435 1481 ‘³¹¹¹‘st
453 1404 625 1479 E²²⁰h¹²⁸
641 1421 771 1482 '‘¹¹¹¹“
787 1408 924 1481 summ
940 1428 1025 1475 ⁰⁰¹¹·
1076 1436 1210 1510 certum
1228 1454 1296 1523 est,
1324 1454 1358 1509 et
1374 1434 1440 1509 hac
1455 1440 1523 1510 fide
1539 1454 1573 1511 et
1590 1440 1814 1511 invocatione
1829 1440 1899 1513 Dei
1914 1462 1969 1510 res
1984 1454 2065 1511 tan-

88 1515 270 1593 mnm’
307 1512 372 1585 ὀὴ
396 1509 511 1581 Deum
533 1510 729 1589 “fimum-¹¹¹
750 1532 823 1581 ‘⁵⁵²
847 1504 1025 1578 Ecdeme
1077 1556 1150 1627 tae,
1178 1564 1268 1634 quae
1291 1542 1394 1631 longe
1411 1555 1579 1635 superant
1595 1544 1686 1613 vires
1700 1554 1859 1623 nostras,
1885 1542 2065 1613 sustinen-

88 1639 137 1697 te,
166 1617 205 1685 io
227 1612 292 1685 hae
318 1613 566 1732 consolatione
581 1612 805 1731 acquiescit,
824 1610 1027 1727 „origitur
1078 1646 1253 1723 ‹taesuot
1305 1642 1417 1735 saepe
1433 1644 1543 1734 igitur
1560 1640 1752 1734 cogitantes
1766 1632 2065 1734 donastitsperi-

88 1718 244 1839 helfa-1⁸³
260 1730 291 1786 ²¹
308 1716 602 1835 Ῐῑῇἕὸῑῑῧξθῦὼξ·
654 1712 683 1785 Ρ
686 1736 729 1784 ¹¹⁵
744 1737 807 1808 <1¹¹¹
828 1714 914 1829 5¹¹²!
926 1734 1024 1829 Ψ·
1077 1746 1184 1835 culis,
1224 1740 1317 1815 hanc
1353 1745 1591 1837 precationem
1626 1744 1691 1817 lilii
1720 1744 1789 1817 Dei
1824 1745 2065 1829 recordemur,
2115 1750 2142 1817 '.

88 1844 115 1891 ts
130 1834 168 1891 et
188 1831 449 1891 invocationem
474 1818 696 1909 intelligunt,
732 1811 819 1887 haee
840 1811 1025 1887 antithesis
1077 1872 1167 1942 quae
1196 1862 1230 1919 ,p
1256 1859 1341 1915 pun,
1361 1846 1503 1919 recita„
1526 1861 1561 1919 et
1581 1848 1743 1921 exaudit,
1766 1860 1836 1936 est,
1866 1862 1902 1919 02
1925 1846 2066 1917 assidue

88 1946 109 1992 n
124 1935 180 1993 ²⁸1
195 1922 361 1995 ⁰bssfflffl·
1077 1973 1194 2019 coram
1213 1961 1356 2020 aeteruo
1372 1961 1469 2040 patre
1484 1950 1666 2043 repetitur.
1719 1948 1845 2023 Manet
1860 1950 1956 2019 enim
1970 1948 2067 2019 iilius

1078 2050 1144 2121 Dei
1167 2050 1376 2121 intercessor
1396 2052 1576 2137 assiduus,
1600 2074 1665 2122 nec
1681 2052 1781 2122 irrita
1796 2066 1848 2123 est
1863 2052 1939 2121 eius
1951 2050 2065 2121 inter-

1077 2152 1207 2236 cessio,
1232 2155 1292 2221 sed
1319 2154 1484 2244 impetrat
1505 2152 1612 2223 nobis
1630 2154 1769 2225 assidue
1786 2154 1977 2237 auxilium,
2002 2154 2065 2221 de-

1075 2254 1270 2324 fensionem
1307 2269 1341 2325 et
1380 2255 1637 2327 liberationem.
1714 2252 1773 2325 Ad
1815 2253 2063 2345 cogitationem

1077 2351 1183 2425 huius
1199 2358 1411 2449 precationis
1429 2348 1663 2448 adiungamus
1677 2370 1711 2429 et
1728 2356 1998 2450 promissiones,
2023 2368 2064 2425 ut

1075 2454 1201 2529 Esaiae
1216 2456 1291 2530 tu:
1319 2455 1395 2549 Ego
1413 2481 1474 2528 vos
1489 2462 1595 2531 etiam
1610 2460 1648 2529 in
1662 2473 1800 2531 senecta
1811 2460 1972 2553 gestabo,
2000 2478 2063 2545 ego

1074 2560 1160 2647 ieci,
1186 2582 1248 2653 ego
1266 2562 1397 2649 leram,
1422 2583 1485 2651 ego
1503 2558 1659 2633 salvabo.

167 2080 258 2161 Noa
283 2108 394 2180 rogo,
418 2092 457 2155 ol
473 2078 589 2156 tollas
607 2104 666 2155 eos
683 2078 726 2154 de
740 2074 891 2160 mando.

133 2224 305 2295 Testatur
321 2236 355 2293 et
369 2218 437 2292 hoc
451 2221 588 2291 dictum
604 2222 694 2292 velle
710 2216 845 2300 Deum,
871 2230 912 2291 ut
926 2215 1025 2287 omni

88 2351 194 2420 opore
213 2326 250 2395 in
269 2322 334 2394 hac
347 2323 489 2395 mortali
505 2321 597 2404 vita,
625 2324 665 2396 in
689 2347 758 2417 qua
776 2321 887 2391 tristis
899 2318 1024 2389 conlu-

109 2444 163 2501 est
184 2425 371 2499 hominum
393 2439 428 2497 et
450 2425 698 2516 imperiorum,
737 2448 875 2513 semper
902 2422 1024 2516 aliqua

93 2530 252 2603 Ecclesia
276 2552 357 2597 vera
378 2525 454 2598 Deo
478 2529 632 2620 placens.
684 2522 782 2596 Duas
807 2523 916 2613 igitur
936 2547 1024 2594 con-

88 2636 227 2707 ationes
250 2654 291 2701 ex
314 2624 380 2701 hac
403 2629 574 2721 petitione
603 2650 800 2699 sumamus:
853 2622 1024 2710 Alteram,

88 2740 132 2809 ⁰⁶
157 2759 238 2805 ⁰⁰¹⁰
258 2746 391 2804 mlum
418 2732 463 2803 δὴ
484 2754 688 2801 mmmmm
712 2753 785 2799 ⁰⁵⁵⁰
807 2724 873 2797 Del
899 2726 1023 2797 Belle·
1124 2742 1309 2839 Sontt'fica
1333 2770 1392 2819 eos
1417 2745 1457 2818 t'n
1481 2746 1631 2819 veritate
1655 2756 1739 2836 luo,
1763 2768 1881 2820 sermo
1903 2754 1988 2817 tuus
2011 2754 2062 2816 est
2128 2762 2131 2767 ·

88 2866 143 2925 m,
182 2859 321 2927 semper
353 2834 504 2905 sciamus
527 2832 641 2903 Deum
672 2832 845 2901 efficacem
866 2853 941 2900 esse
961 2852 1023 2920 per
1176 2848 1324 2925 vemas·

88 2940 288 3031 angelium,
314 2934 429 3005 Deum
461 2935 567 3005 noltis
589 2935 728 3019 adesse,
760 2946 794 3003 et
816 2933 1023 3023 promissio·

88 3070 96 3115 t
114 3066 255 3131 semper
271 3054 363 3111 ratas
377 3060 449 3107 esse
466 3052 501 3108 et
518 3038 614 3121 lieri,
640 3050 674 3105 et
690 3059 762 3105 esse
778 3037 935 3103 membra
952 3028 1023 3102 Ec-

88 3148 159 3217 siae
181 3142 268 3226 Dei,
300 3156 333 3211 et
357 3135 524 3210 haeredes
547 3140 639 3210 vitae
660 3152 822 3207 aeternae
844 3160 921 3221 eos,
960 3133 1022 3229 qui

88 3251 183 3319 tdunt
192 3242 399 3333 Evangelio,
425 3256 460 3312 et
475 3240 713 3312 ministerium
724 3236 911 3328 Evangelii
929 3260 1023 3308 sem·

88 3372 193 3421 :esse
218 3348 358 3429 efficax,
391 3343 481 3415 sicut
504 3341 678 3435 promittit
701 3337 880 3413 Christus:
932 3338 1023 3409 Ecce

88 3482 95 3522 t
112 3450 297 3545 vobiscum
314 3471 392 3517 sum
407 3448 572 3519 oscinibus
588 3445 714 3517 diebus
736 3467 848 3538 osque
868 3444 912 3513 ad
938 3466 1024 3513 con·

88 3553 306 3627 ornationem
319 3549 440 3619 seculi.

133 3654 258 3725 Altera
273 3650 467 3721 consolatio
484 3660 552 3731 est,
578 3648 673 3742 quod
698 3648 855 3719 defensio
875 3646 1023 3738 promit·

88 3783 120 3827 tr
136 3760 309 3827 adversus
333 3752 449 3821 omnis
466 3749 605 3843 generis
621 3752 779 3838 furores,
806 3750 936 3842 quibus
952 3744 1022 3818 Ec-

88 3862 136 3929 sia
155 3868 394 3951 oppugnatur.
445 3851 484 3923 Si
500 3850 597 3923 Deus
610 3875 691 3921 mox
707 3853 908 3923 abduxisset
924 3848 1023 3940 Apo-

88 3964 140 4033 los
157 3987 200 4031 ert
216 3954 281 4027 hac
296 3957 388 4047 vita,
415 3968 449 4025 et
466 3968 625 4024 ornasset
646 3977 706 4023 eos
730 3968 872 4024 aeterna
897 3953 1022 4041 gloria,

88 4080 120 4135 et
143 4088 184 4132 ea
209 4062 354 4155 quidem
378 4056 542 4127 liberatio
580 4055 812 4140 admiranda,
854 4058 914 4125 sed
938 4051 1024 4124 haec

88 4168 146 4237 tlto
163 4162 363 4233 mirabilior
388 4173 458 4243 est,
485 4158 580 4251 quod
596 4152 790 4227 Ecclesiam
811 4159 909 4227 omni
934 4172 1022 4228 tem-

88 4294 117 4339 te
135 4268 235 4337 velut
250 4265 289 4333 in
307 4261 395 4333 mari
412 4262 521 4332 rubro
547 4272 695 4330 stantem
721 4259 815 4329 iuter
839 4261 966 4329 lluctus
989 4272 1023 4328 et

88 4384 150 4443 stes
181 4379 316 4452 servat,
357 4363 505 4455 imperia
536 4362 735 4455 plerunque
766 4376 848 4433 suut
880 4360 1021 4430 inimica

88 4471 245 4563 augelio,
271 4482 305 4540 et
330 4490 432 4557 saepe
457 4464 605 4535 immani
629 4463 837 4534 erudelitate
860 4488 1019 4553 grassan-

104 4577 274 4645 adversus
290 4570 410 4639 omnia
427 4568 583 4636 membra
597 4560 785 4641 Ecclesiae.
835 4564 1020 4636 Praeterea

89 4680 183 4748 xima
203 4699 284 4767 pars
302 4668 489 4744 hominum
514 4668 728 4753 coutemnit,
754 4680 788 4747 et
811 4668 887 4739 odit
901 4692 1019 4738 veram

91 4782 166 4855 Deo
189 4776 409 4857 doctrinam,
451 4772 648 4845 inflammat
681 4770 847 4842 diabolus
878 4772 1021 4855 multos,

88 4883 117 4951 in
136 4883 214 4973 ipso
232 4874 409 4949 Ecclesiae
424 4887 546 4957 coctu,
577 4888 618 4943 ut
636 4887 754 4943 serant
776 4870 1019 4943 conturbatio-

88 4984 333 5072 tdogmstum,
367 4991 428 5049 aut
448 4989 587 5048 certent
607 4974 864 5045 ambitionibus
884 4988 917 5044 et
940 4974 1020 5043 aliis
1173 4968 1374 5063 Diligenter
1387 4986 1504 5043 autem
1520 4974 1782 5046 observandum
1796 4986 1859 5057 est,
1885 4972 1981 5065 quod
1994 4962 2062 5038 no-

88 5082 298 5156 tiditatibus.
349 5078 443 5151 Hinc
463 5079 616 5150 existunt
638 5077 794 5167 ingentia
816 5076 1021 5165 certamina,
1072 5072 1234 5144 minatim
1255 5074 1342 5165 petit
1366 5074 1500 5144 servari
1521 5074 1719 5146 doctrinam
1738 5077 1777 5144 in
1793 5073 1995 5165 discipulis,
2022 5070 2060 5137 id

88 5188 279 5281 prudentes
292 5180 436 5265 vident,
469 5176 665 5249 Ecclesiam
687 5177 857 5248 omnibus
883 5193 1019 5269 tempo·
1071 5188 1141 5261 est,
1171 5176 1209 5244 in
1235 5175 1465 5247 discentibus.
1516 5174 1686 5271 Requirit
1709 5178 1818 5267 igitur
1839 5175 1997 5245 studium
2025 5185 2061 5242 et

88 5314 126 5363 us
158 5290 197 5359 in
230 5285 363 5357 talibus
392 5280 562 5381 periculis
589 5279 746 5365 versari,
791 5301 833 5348 ac
860 5277 1021 5349 sisteret
1071 5276 1311 5367 cognitionem
1333 5277 1474 5359 literae,
1499 5279 1577 5350 vult
1601 5301 1667 5349 nos
1685 5280 1864 5349 auditores
1880 5296 1952 5343 esse
1969 5270 2059 5343 Pro·

88 5394 167 5467 itlue
198 5390 295 5465 inter
318 5406 492 5483 aquarum
522 5380 685 5455 cumulos
712 5380 751 5451 in
781 5380 872 5451 mari
899 5382 1023 5469 rubro,
1071 5376 1270 5473 phetartuo.
1322 5376 1364 5449 lo
1387 5403 1429 5451 eo
1449 5393 1550 5453 coetu
1564 5380 1776 5452 discentium
1794 5389 1828 5447 et
1843 5375 2058 5473 amplecten-

1174 3002 1319 3095 Repetit
1342 3004 1537 3096 expressius
1560 3004 1797 3097 precationem
1818 3006 1863 3075 de
1881 3003 2062 3075 doctrinae

1075 3105 1239 3191 veritate,
1265 3118 1304 3175 ιιι
1317 3106 1676 3195 DeusEvangelium,
1698 3123 1732 3180 et
1749 3131 1867 3177 veram
1881 3131 1921 3177 ac
1935 3128 2062 3197 puram

1075 3206 1261 3297 Evangelii
1282 3209 1491 3279 senteutiam
1507 3208 1545 3278 in
1562 3209 1764 3301 Apostolis‚
1789 3223 1822 3280 et
1841 3208 2006 3298 deinc'eps
2024 3206 2063 3275 in

1073 3310 1272 3381 ministerio
1288 3325 1422 3395 servet,
1446 3310 1538 3381 sicut
1553 3325 1586 3381 et
1600 3309 1723 3384 Esaias
1740 3328 1905 3405 precatur
1920 3334 1993 3402 cap·
2010 3310 2061 3383 8.:

1074 3409 1235 3507 Obsigna
1258 3413 1367 3503 legem
1390 3413 1429 3482 in
1451 3412 1637 3505 discipulis
1657 3415 1766 3498 meis,
1798 3414 1835 3482 id
1858 3427 1926 3499 est,
1957 3412 2062 3480 video

1073 3514 1292 3587 tristissimas
1313 3516 1477 3586 tenebras
1497 3515 1536 3583 in
1552 3516 1683 3608 populo
1699 3514 1768 3587 Dei
1784 3528 1962 3587 secuturas
1977 3536 2064 3595 esse,

1074 3630 1109 3687 et
1124 3617 1255 3687 multos
1271 3616 1471 3688 abiecturos
1486 3640 1560 3687 esse
1575 3619 1773 3697 doctrinam
1790 3621 1834 3690 de
1845 3616 1993 3703 Messio,
2019 3618 2063 3683 de

1075 3720 1160 3797 lide,
1185 3721 1229 3788 de
1251 3742 1332 3788 vera
1349 3718 1593 3804 invocatione,
1616 3721 1661 3789 de
1677 3722 1768 3791 veris
1785 3720 1939 3791 cultibus
1956 3736 1988 3787 et
2004 3740 2061 3785 re-

1073 3832 1236 3909 cepturos
1256 3815 1415 3889 ethnicas
1436 3820 1626 3911 opiniones
1647 3822 1692 3891 de
1713 3821 1861 3914 imperio
1876 3819 2060 3889 mundano

1074 3919 1246 4005 Messiae,
1271 3923 1315 3990 de
1335 3922 1558 3992 cumulandis
1580 3922 1771 3997 sacrificiis.
1823 3921 1893 3992 Sed
1915 3933 1948 3989 te
1964 3918 2062 3989 Deus

1073 4046 1156 4107 oro,
1181 4024 1330 4094 verbum
1352 4025 1448 4117 quod
1471 4019 1659 4116 Prophetis
1683 4023 1876 4107 tradidisti,
1901 4044 2000 4091 serva
2022 4020 2062 4087 in

1073 4124 1252 4194 mentibus
1275 4149 1416 4207 eorum,
1442 4125 1503 4219 qui
1525 4120 1766 4217 propheticam
1782 4123 1980 4195 doctrinam
1997 4146 2062 4190 au-

1073 4227 1196 4311 diunt,
1220 4227 1379 4313 discunt,
1404 4241 1439 4298 et
1453 4228 1726 4320 amplectuntur,
1752 4226 1944 4319 etquidem
1961 4247 2061 4293 serva

1073 4330 1317 4420 obsignatam,
1351 4355 1397 4399 ne
1428 4330 1632 4412 effundant,
1666 4343 1727 4399 aut
1756 4332 1903 4398 verbum
1933 4328 2062 4416 ipsum,

1072 4444 1134 4502 aut
1156 4431 1313 4503 nativam
1336 4431 1565 4511 sententiam,
1591 4430 1681 4499 sicut
1703 4429 1921 4515 Sadducaei,
1947 4453 1992 4497 ne
2016 4426 2062 4497 li-

1073 4548 1182 4603 teram
1205 4534 1350 4627 quidem
1372 4528 1631 4624 Prophetarum
1654 4532 1880 4625 recipiebant.
1933 4524 2061 4599 Phari-

1071 4635 1143 4705 saei
1173 4634 1289 4705 videri
1313 4636 1480 4705 volebant
1502 4633 1654 4703 retinere
1675 4634 1833 4721 literam,
1863 4636 1923 4707 sed
1947 4630 2061 4701 inter-

1072 4736 1286 4826 pretationes
1309 4735 1414 4806 falsas
1427 4736 1659 4829 affingebant,
1684 4751 1725 4809 ut
1737 4734 1855 4809 adhuc
1873 4732 2012 4807 ludaeis
2026 4746 2061 4802 et

1070 4832 1256 4910 haereticis
1273 4837 1440 4911 usitatum
1457 4854 1518 4911 est.
