<?xml version="1.0" encoding="UTF-8"?>
<!DOCTYPE html PUBLIC "-//W3C//DTD XHTML 1.0 Transitional//EN"
    "http://www.w3.org/TR/xhtml1/DTD/xhtml1-transitional.dtd">
<html xmlns="http://www.w3.org/1999/xhtml" xml:lang="en" lang="en">
 <head>
  <title>
</title>
<meta http-equiv="Content-Type" content="text/html;charset=utf-8" />
  <meta name='ocr-system' content='tesseract 3.04.00' />
  <meta name='ocr-capabilities' content='ocr_page ocr_carea ocr_par ocr_line ocrx_word'/>
</head>
<body>
  <div class='ocr_page' id='page_1' title='image "./corpusreformato01melagoog/corpusreformato01melagoog_0430.png"; bbox 0 0 4522 5782; ppageno 0'>
   <div class='ocr_carea' id='block_1_1' title="bbox 68 64 2109 223">
    <p class='ocr_par' dir='ltr' id='par_1_1' title="bbox 68 64 2109 223">
     <span class='ocr_line' id='line_1_1' title="bbox 68 64 2109 223; baseline 0.043 -57"><span class='ocrx_word' id='word_1_1' title='bbox 68 88 149 191; x_wconf 66' lang='lat' dir='ltr'><strong>aa</strong></span> <span class='ocrx_word' id='word_1_2' title='bbox 267 112 270 117; x_wconf 62' lang='grc'>’</span> <span class='ocrx_word' id='word_1_3' title='bbox 337 64 454 189; x_wconf 71' lang='lat' dir='ltr'><strong>&#39;xuc</strong></span> <span class='ocrx_word' id='word_1_4' title='bbox 497 78 542 191; x_wconf 64' lang='grc' dir='ltr'><strong>εξ</strong></span> <span class='ocrx_word' id='word_1_5' title='bbox 560 112 861 192; x_wconf 74' lang='grc' dir='ltr'>εΝιιιεΑτιο</span> <span class='ocrx_word' id='word_1_6' title='bbox 888 114 1045 193; x_wconf 76' lang='lat' dir='ltr'><strong>aaran</strong></span> <span class='ocrx_word' id='word_1_7' title='bbox 1069 110 1217 187; x_wconf 78' lang='lat' dir='ltr'><strong>raum</strong></span> <span class='ocrx_word' id='word_1_8' title='bbox 1243 106 1311 193; x_wconf 79' lang='lat' dir='ltr'><strong>ao</strong></span> <span class='ocrx_word' id='word_1_9' title='bbox 1337 105 1601 223; x_wconf 59' lang='lat' dir='ltr'><strong>nonnas·</strong></span> <span class='ocrx_word' id='word_1_10' title='bbox 1639 105 1759 191; x_wconf 64' lang='lat' dir='ltr'><strong>W·</strong></span> <span class='ocrx_word' id='word_1_11' title='bbox 1785 116 1814 193; x_wconf 70' lang='lat'><strong>¹¹·</strong></span> <span class='ocrx_word' id='word_1_12' title='bbox 2022 133 2109 219; x_wconf 59' lang='lat'><strong>”³³⁴</strong></span> 
     </span>
    </p>
   </div>
   <div class='ocr_carea' id='block_1_2' title="bbox 69 279 2157 890">
    <p class='ocr_par' dir='ltr' id='par_1_2' title="bbox 72 279 2104 586">
     <span class='ocr_line' id='line_1_2' title="bbox 72 279 2104 383; baseline 0.018 -45"><span class='ocrx_word' id='word_1_13' title='bbox 72 294 195 375; x_wconf 54' lang='lat' dir='ltr'><strong>mm</strong></span> <span class='ocrx_word' id='word_1_14' title='bbox 229 306 325 356; x_wconf 71' lang='lat' dir='ltr'><strong>mm</strong></span> <span class='ocrx_word' id='word_1_15' title='bbox 357 298 393 357; x_wconf 57' lang='grc' dir='ltr'><strong>ρ(</strong></span> <span class='ocrx_word' id='word_1_16' title='bbox 424 286 599 377; x_wconf 55' lang='lat' dir='ltr'><strong>singulari</strong></span> <span class='ocrx_word' id='word_1_17' title='bbox 635 289 869 380; x_wconf 53' lang='lat' dir='ltr'><strong>pausatione</strong></span> <span class='ocrx_word' id='word_1_18' title='bbox 905 288 1065 382; x_wconf 65' lang='lat' dir='ltr'><strong>promul.</strong></span> <span class='ocrx_word' id='word_1_19' title='bbox 1121 279 1194 352; x_wconf 71' lang='lat'><strong>⁰00</strong></span> <span class='ocrx_word' id='word_1_20' title='bbox 1210 283 1401 363; x_wconf 76' lang='lat' dir='ltr'><strong>sentimus,</strong></span> <span class='ocrx_word' id='word_1_21' title='bbox 1415 283 1459 353; x_wconf 65' lang='lat' dir='ltr'><strong>ad</strong></span> <span class='ocrx_word' id='word_1_22' title='bbox 1476 281 1767 373; x_wconf 64' lang='lat' dir='ltr'><strong>glorificaiiomm</strong></span> <span class='ocrx_word' id='word_1_23' title='bbox 1782 292 1955 383; x_wconf 55' lang='lat' dir='ltr'><strong>petilini,</strong></span> <span class='ocrx_word' id='word_1_24' title='bbox 1978 299 2104 374; x_wconf 62' lang='lat' dir='ltr'><strong>limem</strong></span> 
     </span>
     <span class='ocr_line' id='line_1_3' title="bbox 72 384 2103 490; baseline 0.009 -35"><span class='ocrx_word' id='word_1_25' title='bbox 72 399 238 475; x_wconf 82' lang='lat' dir='ltr'><strong>gataest,</strong></span> <span class='ocrx_word' id='word_1_26' title='bbox 264 399 300 456; x_wconf 90' lang='lat' dir='ltr'><strong>et</strong></span> <span class='ocrx_word' id='word_1_27' title='bbox 322 411 342 457; x_wconf 86' lang='lat' dir='ltr'><strong>a</strong></span> <span class='ocrx_word' id='word_1_28' title='bbox 366 387 442 479; x_wconf 84' lang='lat' dir='ltr'><strong>lege</strong></span> <span class='ocrx_word' id='word_1_29' title='bbox 467 391 699 461; x_wconf 89' lang='lat' dir='ltr'><strong>discernenda</strong></span> <span class='ocrx_word' id='word_1_30' title='bbox 722 406 792 484; x_wconf 88' lang='lat' dir='ltr'><strong>est,</strong></span> <span class='ocrx_word' id='word_1_31' title='bbox 820 405 859 464; x_wconf 93' lang='lat' dir='ltr'><strong>ut</strong></span> <span class='ocrx_word' id='word_1_32' title='bbox 881 415 983 484; x_wconf 89' lang='lat' dir='ltr'><strong>saepe</strong></span> <span class='ocrx_word' id='word_1_33' title='bbox 1008 390 1065 459; x_wconf 89' lang='lat' dir='ltr'><strong>di·</strong></span> <span class='ocrx_word' id='word_1_34' title='bbox 1117 408 1221 465; x_wconf 80' lang='lat' dir='ltr'><strong>eunt,</strong></span> <span class='ocrx_word' id='word_1_35' title='bbox 1261 388 1403 453; x_wconf 61' lang='lat' dir='ltr'><strong>credere</strong></span> <span class='ocrx_word' id='word_1_36' title='bbox 1430 384 1480 467; x_wconf 66' lang='grc' dir='ltr'><strong>οἳ,</strong></span> <span class='ocrx_word' id='word_1_37' title='bbox 1511 385 1658 474; x_wconf 82' lang='lat' dir='ltr'><strong>diligere</strong></span> <span class='ocrx_word' id='word_1_38' title='bbox 1688 413 1787 476; x_wconf 92' lang='lat' dir='ltr'><strong>eum,</strong></span> <span class='ocrx_word' id='word_1_39' title='bbox 1822 391 1987 469; x_wconf 83' lang='lat' dir='ltr'><strong>invocare</strong></span> <span class='ocrx_word' id='word_1_40' title='bbox 2008 427 2103 490; x_wconf 75' lang='lat' dir='ltr'><strong>erim,</strong></span> 
     </span>
     <span class='ocr_line' id='line_1_4' title="bbox 72 485 1935 586; baseline 0.008 -30"><span class='ocrx_word' id='word_1_41' title='bbox 72 499 170 557; x_wconf 87' lang='lat' dir='ltr'><strong>ctum</strong></span> <span class='ocrx_word' id='word_1_42' title='bbox 194 500 257 558; x_wconf 90' lang='lat' dir='ltr'><strong>est.</strong></span> <span class='ocrx_word' id='word_1_43' title='bbox 1117 500 1151 556; x_wconf 89' lang='grc' dir='ltr'><strong>ει</strong></span> <span class='ocrx_word' id='word_1_44' title='bbox 1171 487 1317 554; x_wconf 84' lang='lat' dir='ltr'><strong>obedire</strong></span> <span class='ocrx_word' id='word_1_45' title='bbox 1333 488 1364 554; x_wconf 85' lang='lat' dir='ltr'><strong>ei</strong></span> <span class='ocrx_word' id='word_1_46' title='bbox 1389 485 1619 572; x_wconf 75' lang='lat' dir='ltr'><strong>incudibus,</strong></span> <span class='ocrx_word' id='word_1_47' title='bbox 1643 512 1732 581; x_wconf 87' lang='lat' dir='ltr'><strong>quos</strong></span> <span class='ocrx_word' id='word_1_48' title='bbox 1748 499 1935 586; x_wconf 87' lang='lat' dir='ltr'><strong>praecepit.</strong></span> 
     </span>
    </p>

    <p class='ocr_par' dir='ltr' id='par_1_3' title="bbox 69 584 2157 890">
     <span class='ocr_line' id='line_1_5' title="bbox 176 584 2100 687; baseline 0.012 -36"><span class='ocrx_word' id='word_1_49' title='bbox 176 584 238 661; x_wconf 74' lang='lat' dir='ltr'><strong>Pit</strong></span> <span class='ocrx_word' id='word_1_50' title='bbox 259 602 378 661; x_wconf 81' lang='lat' dir='ltr'><strong>autem</strong></span> <span class='ocrx_word' id='word_1_51' title='bbox 401 584 461 660; x_wconf 87' lang='lat' dir='ltr'><strong>hic</strong></span> <span class='ocrx_word' id='word_1_52' title='bbox 480 591 614 663; x_wconf 85' lang='lat' dir='ltr'><strong>mentio</strong></span> <span class='ocrx_word' id='word_1_53' title='bbox 629 591 716 682; x_wconf 75' lang='lat' dir='ltr'><strong>legia</strong></span> <span class='ocrx_word' id='word_1_54' title='bbox 734 606 899 681; x_wconf 75' lang='lat' dir='ltr'><strong>naturae,</strong></span> <span class='ocrx_word' id='word_1_55' title='bbox 925 595 971 664; x_wconf 85' lang='lat' dir='ltr'><strong>de</strong></span> <span class='ocrx_word' id='word_1_56' title='bbox 994 615 1063 687; x_wconf 86' lang='lat' dir='ltr'><strong>qna</strong></span> <span class='ocrx_word' id='word_1_57' title='bbox 1141 644 1145 655; x_wconf 88' lang='lat'>.</span> <span class='ocrx_word' id='word_1_58' title='bbox 1216 585 1400 657; x_wconf 84' lang='lat' dir='ltr'><strong>Discamus</strong></span> <span class='ocrx_word' id='word_1_59' title='bbox 1426 589 1689 678; x_wconf 82' lang='lat' dir='ltr'><strong>autemsinguli</strong></span> <span class='ocrx_word' id='word_1_60' title='bbox 1711 592 2100 675; x_wconf 78' lang='lat' dir='ltr'><strong>inexercitiistimorio</strong></span> 
     </span>
     <span class='ocr_line' id='line_1_6' title="bbox 69 683 2157 788; baseline 0.008 -29"><span class='ocrx_word' id='word_1_61' title='bbox 69 688 269 781; x_wconf 70' lang='lat' dir='ltr'><strong>cogitantes</strong></span> <span class='ocrx_word' id='word_1_62' title='bbox 290 705 399 764; x_wconf 90' lang='lat' dir='ltr'><strong>totam</strong></span> <span class='ocrx_word' id='word_1_63' title='bbox 429 693 723 785; x_wconf 77' lang='lat' dir='ltr'><strong>complectamur,</strong></span> <span class='ocrx_word' id='word_1_64' title='bbox 750 698 787 766; x_wconf 90' lang='lat' dir='ltr'><strong>id</strong></span> <span class='ocrx_word' id='word_1_65' title='bbox 817 710 888 781; x_wconf 87' lang='lat' dir='ltr'><strong>est,</strong></span> <span class='ocrx_word' id='word_1_66' title='bbox 913 695 1064 766; x_wconf 88' lang='lat' dir='ltr'><strong>sciamus</strong></span> <span class='ocrx_word' id='word_1_67' title='bbox 1115 683 1200 773; x_wconf 82' lang='lat' dir='ltr'><strong>Dei,</strong></span> <span class='ocrx_word' id='word_1_68' title='bbox 1235 702 1269 758; x_wconf 90' lang='grc' dir='ltr'><strong>ει</strong></span> <span class='ocrx_word' id='word_1_69' title='bbox 1293 689 1546 772; x_wconf 80' lang='lat' dir='ltr'><strong>invocationis,</strong></span> <span class='ocrx_word' id='word_1_70' title='bbox 1588 692 1673 783; x_wconf 88' lang='lat' dir='ltr'><strong>quid</strong></span> <span class='ocrx_word' id='word_1_71' title='bbox 1706 692 1753 764; x_wconf 91' lang='lat' dir='ltr'><strong>sit</strong></span> <span class='ocrx_word' id='word_1_72' title='bbox 1775 688 1861 766; x_wconf 90' lang='lat' dir='ltr'><strong>haec</strong></span> <span class='ocrx_word' id='word_1_73' title='bbox 1881 701 2100 788; x_wconf 86' lang='lat' dir='ltr'><strong>glorificatio.</strong></span> <span class='ocrx_word' id='word_1_74' title='bbox 2152 718 2157 730; x_wconf 75' lang='lat'><strong>⁴</strong></span> 
     </span>
     <span class='ocr_line' id='line_1_7' title="bbox 69 784 2098 890; baseline 0.014 -43"><span class='ocrx_word' id='word_1_75' title='bbox 69 790 180 863; x_wconf 53' lang='lat' dir='ltr'><strong>simul</strong></span> <span class='ocrx_word' id='word_1_76' title='bbox 195 792 266 863; x_wconf 63' lang='lat' dir='ltr'><strong>diei</strong></span> <span class='ocrx_word' id='word_1_77' title='bbox 283 806 319 864; x_wconf 60' lang='lat' dir='ltr'><strong>et</strong></span> <span class='ocrx_word' id='word_1_78' title='bbox 335 816 409 865; x_wconf 52' lang='grc' dir='ltr'><strong>ρης</strong></span> <span class='ocrx_word' id='word_1_79' title='bbox 424 789 560 876; x_wconf 68' lang='lat' dir='ltr'><strong>Deum,</strong></span> <span class='ocrx_word' id='word_1_80' title='bbox 587 810 622 868; x_wconf 67' lang='lat' dir='ltr'><strong>er</strong></span> <span class='ocrx_word' id='word_1_81' title='bbox 642 798 738 890; x_wconf 74' lang='lat' dir='ltr'><strong>quod</strong></span> <span class='ocrx_word' id='word_1_82' title='bbox 756 799 825 869; x_wconf 66' lang='lat' dir='ltr'><strong>coli</strong></span> <span class='ocrx_word' id='word_1_83' title='bbox 843 797 928 869; x_wconf 63' lang='lat' dir='ltr'><strong>velit</strong></span> <span class='ocrx_word' id='word_1_84' title='bbox 941 797 1061 867; x_wconf 65' lang='lat' dir='ltr'><strong>obaer-</strong></span> <span class='ocrx_word' id='word_1_85' title='bbox 1116 787 1168 857; x_wconf 86' lang='lat' dir='ltr'><strong>Ac</strong></span> <span class='ocrx_word' id='word_1_86' title='bbox 1183 787 1275 860; x_wconf 85' lang='lat' dir='ltr'><strong>fiunt</strong></span> <span class='ocrx_word' id='word_1_87' title='bbox 1299 784 1364 859; x_wconf 89' lang='lat' dir='ltr'><strong>hae</strong></span> <span class='ocrx_word' id='word_1_88' title='bbox 1381 790 1633 880; x_wconf 70' lang='lat' dir='ltr'><strong>descriptiones</strong></span> <span class='ocrx_word' id='word_1_89' title='bbox 1648 791 1859 867; x_wconf 72' lang='lat' dir='ltr'><strong>illustriores</strong></span> <span class='ocrx_word' id='word_1_90' title='bbox 1875 803 2098 877; x_wconf 88' lang='lat' dir='ltr'><strong>considerata</strong></span> 
     </span>
    </p>
   </div>
   <div class='ocr_carea' id='block_1_3' title="bbox 67 886 2198 3363">
    <p class='ocr_par' dir='ltr' id='par_1_4' title="bbox 67 886 2099 2008">
     <span class='ocr_line' id='line_1_8' title="bbox 71 886 2094 992; baseline 0.009 -32"><span class='ocrx_word' id='word_1_91' title='bbox 71 890 220 987; x_wconf 72' lang='lat' dir='ltr'><strong>radone</strong></span> <span class='ocrx_word' id='word_1_92' title='bbox 231 893 447 964; x_wconf 89' lang='lat' dir='ltr'><strong>discriminis</strong></span> <span class='ocrx_word' id='word_1_93' title='bbox 463 889 694 967; x_wconf 87' lang='lat' dir='ltr'><strong>honestorum</strong></span> <span class='ocrx_word' id='word_1_94' title='bbox 719 912 753 969; x_wconf 93' lang='grc' dir='ltr'><strong>ει</strong></span> <span class='ocrx_word' id='word_1_95' title='bbox 769 899 940 992; x_wconf 88' lang='lat' dir='ltr'><strong>turpium.</strong></span> <span class='ocrx_word' id='word_1_96' title='bbox 991 894 1061 967; x_wconf 86' lang='lat' dir='ltr'><strong>Hic</strong></span> <span class='ocrx_word' id='word_1_97' title='bbox 1114 886 1293 964; x_wconf 84' lang='lat' dir='ltr'><strong>antithesi.</strong></span> <span class='ocrx_word' id='word_1_98' title='bbox 1369 890 1451 960; x_wconf 79' lang='lat' dir='ltr'><strong>Non</strong></span> <span class='ocrx_word' id='word_1_99' title='bbox 1488 893 1653 964; x_wconf 86' lang='lat' dir='ltr'><strong>tribuunt</strong></span> <span class='ocrx_word' id='word_1_100' title='bbox 1677 894 1758 965; x_wconf 76' lang='lat' dir='ltr'><strong>Deo</strong></span> <span class='ocrx_word' id='word_1_101' title='bbox 1789 898 1938 988; x_wconf 64' lang='lat' dir='ltr'><strong>gloriam</strong></span> <span class='ocrx_word' id='word_1_102' title='bbox 1973 902 2094 978; x_wconf 78' lang='grc' dir='ltr'>ἄθεοι.</span> 
     </span>
     <span class='ocr_line' id='line_1_9' title="bbox 69 989 2094 1094; baseline 0.007 -29"><span class='ocrx_word' id='word_1_103' title='bbox 69 992 178 1065; x_wconf 84' lang='lat' dir='ltr'><strong>etiarn</strong></span> <span class='ocrx_word' id='word_1_104' title='bbox 199 1007 361 1085; x_wconf 89' lang='lat' dir='ltr'><strong>repetant</strong></span> <span class='ocrx_word' id='word_1_105' title='bbox 382 995 540 1067; x_wconf 90' lang='lat' dir='ltr'><strong>iuniores</strong></span> <span class='ocrx_word' id='word_1_106' title='bbox 560 999 758 1069; x_wconf 89' lang='lat' dir='ltr'><strong>doctrinam</strong></span> <span class='ocrx_word' id='word_1_107' title='bbox 774 996 1060 1094; x_wconf 74' lang='lat' dir='ltr'><strong>philosophicam</strong></span> <span class='ocrx_word' id='word_1_108' title='bbox 1113 989 1185 1061; x_wconf 71' lang='lat' dir='ltr'><strong>Nec</strong></span> <span class='ocrx_word' id='word_1_109' title='bbox 1201 993 1353 1063; x_wconf 86' lang='lat' dir='ltr'><strong>cultores</strong></span> <span class='ocrx_word' id='word_1_110' title='bbox 1376 993 1575 1090; x_wconf 65' lang='lat' dir='ltr'><strong>id⁰l⁰r¹1ms</strong></span> <span class='ocrx_word' id='word_1_111' title='bbox 1600 995 1662 1089; x_wconf 66' lang='lat' dir='ltr'><strong>qui</strong></span> <span class='ocrx_word' id='word_1_112' title='bbox 1686 996 1825 1086; x_wconf 78' lang='lat' dir='ltr'><strong>fingunt</strong></span> <span class='ocrx_word' id='word_1_113' title='bbox 1847 996 2014 1075; x_wconf 88' lang='lat' dir='ltr'><strong>horribili</strong></span> <span class='ocrx_word' id='word_1_114' title='bbox 2028 1030 2094 1079; x_wconf 88' lang='lat' dir='ltr'><strong>au-</strong></span> 
     </span>
     <span class='ocr_line' id='line_1_10' title="bbox 69 1091 2099 1191; baseline 0.016 -43"><span class='ocrx_word' id='word_1_115' title='bbox 69 1094 116 1165; x_wconf 61' lang='lat' dir='ltr'><strong>de</strong></span> <span class='ocrx_word' id='word_1_116' title='bbox 140 1095 345 1188; x_wconf 56' lang='lat' dir='ltr'><strong>pflugipist,</strong></span> <span class='ocrx_word' id='word_1_117' title='bbox 385 1111 425 1169; x_wconf 67' lang='lat' dir='ltr'><strong>ut</strong></span> <span class='ocrx_word' id='word_1_118' title='bbox 448 1099 669 1190; x_wconf 63' lang='lat' dir='ltr'><strong>perspicuam</strong></span> <span class='ocrx_word' id='word_1_119' title='bbox 699 1102 941 1172; x_wconf 66' lang='lat' dir='ltr'><strong>definitionem</strong></span> <span class='ocrx_word' id='word_1_120' title='bbox 974 1101 1061 1191; x_wconf 72' lang='lat' dir='ltr'><strong>legis</strong></span> <span class='ocrx_word' id='word_1_121' title='bbox 1112 1092 1368 1164; x_wconf 81' lang='lat' dir='ltr'><strong>daclalurbatn</strong></span> <span class='ocrx_word' id='word_1_122' title='bbox 1384 1091 1554 1169; x_wconf 67' lang='lat' dir='ltr'><strong>Dedrtlm.</strong></span> <span class='ocrx_word' id='word_1_123' title='bbox 1596 1094 1679 1179; x_wconf 59' lang='lat' dir='ltr'><strong>‚Nec</strong></span> <span class='ocrx_word' id='word_1_124' title='bbox 1703 1099 1763 1190; x_wconf 79' lang='lat' dir='ltr'><strong>qui</strong></span> <span class='ocrx_word' id='word_1_125' title='bbox 1787 1100 1955 1177; x_wconf 64' lang='lat' dir='ltr'><strong>invocant</strong></span> <span class='ocrx_word' id='word_1_126' title='bbox 1981 1103 2099 1180; x_wconf 74' lang='lat' dir='ltr'><strong>homi·</strong></span> 
     </span>
     <span class='ocr_line' id='line_1_11' title="bbox 71 1194 2098 1296; baseline 0.014 -29"><span class='ocrx_word' id='word_1_127' title='bbox 71 1208 223 1268; x_wconf 82' lang='lat' dir='ltr'><strong>naturae</strong></span> <span class='ocrx_word' id='word_1_128' title='bbox 244 1211 399 1270; x_wconf 86' lang='lat' dir='ltr'><strong>teneant.</strong></span> <span class='ocrx_word' id='word_1_129' title='bbox 446 1197 527 1269; x_wconf 77' lang='lat' dir='ltr'><strong>Lex</strong></span> <span class='ocrx_word' id='word_1_130' title='bbox 550 1217 698 1272; x_wconf 87' lang='lat' dir='ltr'><strong>naturae</strong></span> <span class='ocrx_word' id='word_1_131' title='bbox 719 1216 752 1272; x_wconf 90' lang='lat' dir='ltr'><strong>et</strong></span> <span class='ocrx_word' id='word_1_132' title='bbox 773 1204 903 1275; x_wconf 79' lang='lat' dir='ltr'><strong>noticia</strong></span> <span class='ocrx_word' id='word_1_133' title='bbox 927 1202 1060 1296; x_wconf 92' lang='lat' dir='ltr'><strong>princi·</strong></span> <span class='ocrx_word' id='word_1_134' title='bbox 1113 1216 1175 1262; x_wconf 70' lang='lat'><strong>¹1⁹³</strong></span> <span class='ocrx_word' id='word_1_135' title='bbox 1188 1209 1359 1268; x_wconf 76' lang='lat' dir='ltr'><strong>¹1¹⁰tl⁰0⁸·</strong></span> <span class='ocrx_word' id='word_1_136' title='bbox 1410 1194 1485 1266; x_wconf 69' lang='lat' dir='ltr'><strong>Nec</strong></span> <span class='ocrx_word' id='word_1_137' title='bbox 1508 1197 1569 1290; x_wconf 65' lang='lat'><strong>(1¹¹3</strong></span> <span class='ocrx_word' id='word_1_138' title='bbox 1591 1199 1688 1270; x_wconf 64' lang='grc' dir='ltr'><strong>3ιῖΰά</strong></span> <span class='ocrx_word' id='word_1_139' title='bbox 1714 1200 1853 1290; x_wconf 67' lang='lat' dir='ltr'><strong>finium</strong></span> <span class='ocrx_word' id='word_1_140' title='bbox 1875 1203 2098 1296; x_wconf 60' lang='lat' dir='ltr'><strong>mentum,</strong></span> 
     </span>
     <span class='ocr_line' id='line_1_12' title="bbox 71 1298 2097 1398; baseline 0.011 -31"><span class='ocrx_word' id='word_1_141' title='bbox 71 1298 216 1389; x_wconf 89' lang='lat' dir='ltr'><strong>piorum</strong></span> <span class='ocrx_word' id='word_1_142' title='bbox 240 1300 476 1390; x_wconf 84' lang='lat' dir='ltr'><strong>practicarum</strong></span> <span class='ocrx_word' id='word_1_143' title='bbox 499 1316 533 1372; x_wconf 89' lang='lat' dir='ltr'><strong>et</strong></span> <span class='ocrx_word' id='word_1_144' title='bbox 557 1301 845 1388; x_wconf 87' lang='lat' dir='ltr'><strong>conclusionum,</strong></span> <span class='ocrx_word' id='word_1_145' title='bbox 870 1328 960 1398; x_wconf 84' lang='lat' dir='ltr'><strong>quae</strong></span> <span class='ocrx_word' id='word_1_146' title='bbox 976 1306 1059 1374; x_wconf 89' lang='lat' dir='ltr'><strong>inde</strong></span> <span class='ocrx_word' id='word_1_147' title='bbox 1111 1318 1216 1387; x_wconf 61' lang='lat' dir='ltr'><strong>quam</strong></span> <span class='ocrx_word' id='word_1_148' title='bbox 1240 1298 1331 1367; x_wconf 66' lang='lat' dir='ltr'><strong>⁸5⁶¹ss</strong></span> <span class='ocrx_word' id='word_1_149' title='bbox 1354 1320 1390 1366; x_wconf 62' lang='grc' dir='ltr'><strong>*θ</strong></span> <span class='ocrx_word' id='word_1_150' title='bbox 1414 1299 1595 1387; x_wconf 82' lang='lat' dir='ltr'><strong>patefecit,</strong></span> <span class='ocrx_word' id='word_1_151' title='bbox 1629 1317 1667 1371; x_wconf 70' lang='lat'><strong>¹¹¹</strong></span> <span class='ocrx_word' id='word_1_152' title='bbox 1692 1298 1963 1378; x_wconf 62' lang='lat' dir='ltr'><strong>Mahomllftloe</strong></span> <span class='ocrx_word' id='word_1_153' title='bbox 1985 1324 2018 1381; x_wconf 77' lang='lat' dir='ltr'><strong>et</strong></span> <span class='ocrx_word' id='word_1_154' title='bbox 2037 1309 2097 1383; x_wconf 86' lang='lat' dir='ltr'><strong>lu·</strong></span> 
     </span>
     <span class='ocr_line' id='line_1_13' title="bbox 68 1392 2099 1503; baseline 0.011 -34"><span class='ocrx_word' id='word_1_155' title='bbox 68 1400 265 1470; x_wconf 87' lang='lat' dir='ltr'><strong>necessaria</strong></span> <span class='ocrx_word' id='word_1_156' title='bbox 287 1403 539 1495; x_wconf 83' lang='lat' dir='ltr'><strong>consequentia</strong></span> <span class='ocrx_word' id='word_1_157' title='bbox 565 1418 797 1492; x_wconf 84' lang='lat' dir='ltr'><strong>extruuntur,</strong></span> <span class='ocrx_word' id='word_1_158' title='bbox 823 1407 930 1477; x_wconf 87' lang='lat' dir='ltr'><strong>insita</strong></span> <span class='ocrx_word' id='word_1_159' title='bbox 957 1430 1060 1476; x_wconf 89' lang='lat' dir='ltr'><strong>meu·</strong></span> <span class='ocrx_word' id='word_1_160' title='bbox 1111 1397 1189 1465; x_wconf 67' lang='lat'><strong>(¹³05</strong></span> <span class='ocrx_word' id='word_1_161' title='bbox 1205 1397 1327 1488; x_wconf 66' lang='lat' dir='ltr'><strong>impii,</strong></span> <span class='ocrx_word' id='word_1_162' title='bbox 1352 1411 1385 1468; x_wconf 71' lang='lat' dir='ltr'><strong>el</strong></span> <span class='ocrx_word' id='word_1_163' title='bbox 1408 1392 1588 1471; x_wconf 53' lang='lat' dir='ltr'><strong>hamuel·</strong></span> <span class='ocrx_word' id='word_1_164' title='bbox 1639 1400 1712 1472; x_wconf 61' lang='grc' dir='ltr'><strong>Νθῢ</strong></span> <span class='ocrx_word' id='word_1_165' title='bbox 1731 1404 1791 1497; x_wconf 70' lang='grc' dir='ltr'><strong>ΨΙῙ</strong></span> <span class='ocrx_word' id='word_1_166' title='bbox 1807 1423 1949 1479; x_wconf 62' lang='grc' dir='ltr'><strong>ΜΘΝ</strong></span> <span class='ocrx_word' id='word_1_167' title='bbox 1963 1409 2001 1478; x_wconf 77' lang='grc' dir='ltr'><strong>ῐῐι</strong></span> <span class='ocrx_word' id='word_1_168' title='bbox 2016 1436 2099 1503; x_wconf 75' lang='lat' dir='ltr'><strong>pet·</strong></span> 
     </span>
     <span class='ocr_line' id='line_1_14' title="bbox 68 1496 2097 1597; baseline 0.002 -26"><span class='ocrx_word' id='word_1_169' title='bbox 68 1500 166 1571; x_wconf 86' lang='lat' dir='ltr'><strong>tibus</strong></span> <span class='ocrx_word' id='word_1_170' title='bbox 180 1496 524 1589; x_wconf 87' lang='lat' dir='ltr'><strong>homiuumaDeo,</strong></span> <span class='ocrx_word' id='word_1_171' title='bbox 549 1519 584 1576; x_wconf 88' lang='lat' dir='ltr'><strong>et</strong></span> <span class='ocrx_word' id='word_1_172' title='bbox 607 1530 806 1596; x_wconf 85' lang='lat' dir='ltr'><strong>congruens</strong></span> <span class='ocrx_word' id='word_1_173' title='bbox 820 1534 901 1579; x_wconf 90' lang='lat' dir='ltr'><strong>cum</strong></span> <span class='ocrx_word' id='word_1_174' title='bbox 917 1522 1058 1579; x_wconf 87' lang='lat' dir='ltr'><strong>aeterna</strong></span> <span class='ocrx_word' id='word_1_175' title='bbox 1111 1513 1214 1589; x_wconf 68' lang='lat' dir='ltr'><strong>petua</strong></span> <span class='ocrx_word' id='word_1_176' title='bbox 1246 1499 1477 1570; x_wconf 87' lang='lat' dir='ltr'><strong>dubitatione.</strong></span> <span class='ocrx_word' id='word_1_177' title='bbox 1555 1499 1627 1570; x_wconf 87' lang='lat' dir='ltr'><strong>Nec</strong></span> <span class='ocrx_word' id='word_1_178' title='bbox 1670 1503 1731 1596; x_wconf 88' lang='lat' dir='ltr'><strong>qui</strong></span> <span class='ocrx_word' id='word_1_179' title='bbox 1769 1506 1878 1597; x_wconf 87' lang='lat' dir='ltr'><strong>impia</strong></span> <span class='ocrx_word' id='word_1_180' title='bbox 1909 1514 2097 1586; x_wconf 74' lang='lat' dir='ltr'><strong>securitate</strong></span> 
     </span>
     <span class='ocr_line' id='line_1_15' title="bbox 67 1601 2098 1709; baseline 0.007 -38"><span class='ocrx_word' id='word_1_181' title='bbox 67 1624 194 1672; x_wconf 88' lang='lat' dir='ltr'><strong>norma</strong></span> <span class='ocrx_word' id='word_1_182' title='bbox 212 1603 340 1674; x_wconf 92' lang='lat' dir='ltr'><strong>mentis</strong></span> <span class='ocrx_word' id='word_1_183' title='bbox 358 1605 516 1690; x_wconf 80' lang='lat' dir='ltr'><strong>divinae,</strong></span> <span class='ocrx_word' id='word_1_184' title='bbox 534 1620 573 1677; x_wconf 91' lang='lat' dir='ltr'><strong>ut</strong></span> <span class='ocrx_word' id='word_1_185' title='bbox 586 1612 769 1692; x_wconf 88' lang='lat' dir='ltr'><strong>ostendat,</strong></span> <span class='ocrx_word' id='word_1_186' title='bbox 795 1624 830 1681; x_wconf 92' lang='grc' dir='ltr'><strong>ει</strong></span> <span class='ocrx_word' id='word_1_187' title='bbox 843 1634 917 1681; x_wconf 87' lang='lat' dir='ltr'><strong>csse</strong></span> <span class='ocrx_word' id='word_1_188' title='bbox 931 1606 1058 1692; x_wconf 88' lang='lat' dir='ltr'><strong>Deum,</strong></span> <span class='ocrx_word' id='word_1_189' title='bbox 1110 1612 1221 1671; x_wconf 78' lang='lat' dir='ltr'><strong>ruunt</strong></span> <span class='ocrx_word' id='word_1_190' title='bbox 1243 1601 1282 1669; x_wconf 76' lang='lat' dir='ltr'><strong>in</strong></span> <span class='ocrx_word' id='word_1_191' title='bbox 1307 1602 1435 1671; x_wconf 66' lang='lat' dir='ltr'><strong>scelera</strong></span> <span class='ocrx_word' id='word_1_192' title='bbox 1458 1615 1581 1673; x_wconf 75' lang='lat' dir='ltr'><strong>contra</strong></span> <span class='ocrx_word' id='word_1_193' title='bbox 1613 1605 1876 1679; x_wconf 72' lang='lat' dir='ltr'><strong>conscientiam·</strong></span> <span class='ocrx_word' id='word_1_194' title='bbox 1932 1609 2006 1702; x_wconf 84' lang='lat' dir='ltr'><strong>Nec</strong></span> <span class='ocrx_word' id='word_1_195' title='bbox 2033 1614 2098 1709; x_wconf 86' lang='lat' dir='ltr'><strong>¹qui</strong></span> 
     </span>
     <span class='ocr_line' id='line_1_16' title="bbox 70 1701 2099 1801; baseline 0.006 -28"><span class='ocrx_word' id='word_1_196' title='bbox 70 1715 105 1773; x_wconf 87' lang='lat' dir='ltr'><strong>et</strong></span> <span class='ocrx_word' id='word_1_197' title='bbox 117 1703 236 1797; x_wconf 85' lang='lat' dir='ltr'><strong>qualis</strong></span> <span class='ocrx_word' id='word_1_198' title='bbox 248 1704 294 1774; x_wconf 92' lang='lat' dir='ltr'><strong>sit</strong></span> <span class='ocrx_word' id='word_1_199' title='bbox 302 1755 314 1789; x_wconf 90' lang='lat'><strong>,</strong></span> <span class='ocrx_word' id='word_1_200' title='bbox 341 1720 376 1777; x_wconf 90' lang='lat' dir='ltr'><strong>et</strong></span> <span class='ocrx_word' id='word_1_201' title='bbox 391 1708 487 1800; x_wconf 87' lang='lat' dir='ltr'><strong>quod</strong></span> <span class='ocrx_word' id='word_1_202' title='bbox 510 1709 701 1801; x_wconf 87' lang='lat' dir='ltr'><strong>praecipiat</strong></span> <span class='ocrx_word' id='word_1_203' title='bbox 715 1712 848 1780; x_wconf 77' lang='lat' dir='ltr'><strong>servari</strong></span> <span class='ocrx_word' id='word_1_204' title='bbox 865 1710 1058 1781; x_wconf 70' lang='lat' dir='ltr'><strong>discrimen</strong></span> <span class='ocrx_word' id='word_1_205' title='bbox 1110 1701 1279 1773; x_wconf 82' lang='lat' dir='ltr'><strong>invocant</strong></span> <span class='ocrx_word' id='word_1_206' title='bbox 1302 1703 1378 1772; x_wconf 90' lang='lat' dir='ltr'><strong>sine</strong></span> <span class='ocrx_word' id='word_1_207' title='bbox 1400 1704 1580 1793; x_wconf 79' lang='lat' dir='ltr'><strong>agnitione</strong></span> <span class='ocrx_word' id='word_1_208' title='bbox 1603 1707 1825 1794; x_wconf 88' lang='lat' dir='ltr'><strong>mediatoris,</strong></span> <span class='ocrx_word' id='word_1_209' title='bbox 1857 1721 1892 1780; x_wconf 90' lang='lat' dir='ltr'><strong>et</strong></span> <span class='ocrx_word' id='word_1_210' title='bbox 1916 1712 2099 1792; x_wconf 75' lang='lat' dir='ltr'><strong>sinerem</strong></span> 
     </span>
     <span class='ocr_line' id='line_1_17' title="bbox 69 1798 2094 1904; baseline 0.014 -47"><span class='ocrx_word' id='word_1_211' title='bbox 69 1798 301 1875; x_wconf 59' lang='lat' dir='ltr'><strong>hommum</strong></span> <span class='ocrx_word' id='word_1_212' title='bbox 324 1821 359 1876; x_wconf 60' lang='lat' dir='ltr'><strong>eg</strong></span> <span class='ocrx_word' id='word_1_213' title='bbox 380 1807 559 1896; x_wconf 61' lang='lat' dir='ltr'><strong>turpium,</strong></span> <span class='ocrx_word' id='word_1_214' title='bbox 592 1826 626 1881; x_wconf 57' lang='lat' dir='ltr'><strong>eg</strong></span> <span class='ocrx_word' id='word_1_215' title='bbox 650 1813 747 1904; x_wconf 72' lang='lat' dir='ltr'><strong>quod</strong></span> <span class='ocrx_word' id='word_1_216' title='bbox 765 1813 988 1884; x_wconf 56' lang='lat' dir='ltr'><strong>iudicatum,</strong></span> <span class='ocrx_word' id='word_1_217' title='bbox 1002 1813 1058 1896; x_wconf 60' lang='lat' dir='ltr'><strong>gir,</strong></span> <span class='ocrx_word' id='word_1_218' title='bbox 1109 1802 1191 1872; x_wconf 85' lang='lat' dir='ltr'><strong>lide.</strong></span> <span class='ocrx_word' id='word_1_219' title='bbox 1239 1802 1312 1874; x_wconf 86' lang='lat' dir='ltr'><strong>Nec</strong></span> <span class='ocrx_word' id='word_1_220' title='bbox 1328 1805 1389 1897; x_wconf 93' lang='lat' dir='ltr'><strong>qui</strong></span> <span class='ocrx_word' id='word_1_221' title='bbox 1405 1806 1601 1901; x_wconf 77' lang='lat' dir='ltr'><strong>excogitant</strong></span> <span class='ocrx_word' id='word_1_222' title='bbox 1616 1807 1732 1878; x_wconf 86' lang='lat' dir='ltr'><strong>cultus</strong></span> <span class='ocrx_word' id='word_1_223' title='bbox 1747 1824 1869 1881; x_wconf 89' lang='lat' dir='ltr'><strong>contra</strong></span> <span class='ocrx_word' id='word_1_224' title='bbox 1886 1815 2094 1887; x_wconf 88' lang='lat' dir='ltr'><strong>mandatum</strong></span> 
     </span>
     <span class='ocr_line' id='line_1_18' title="bbox 67 1900 2096 2008; baseline 0.014 -49"><span class='ocrx_word' id='word_1_225' title='bbox 67 1920 110 1975; x_wconf 56' lang='grc' dir='ltr'><strong>η</strong></span> <span class='ocrx_word' id='word_1_226' title='bbox 122 1906 469 2003; x_wconf 58' lang='lat' dir='ltr'><strong>punitumgeosqui</strong></span> <span class='ocrx_word' id='word_1_227' title='bbox 488 1934 563 1980; x_wconf 69' lang='lat'>„011</span> <span class='ocrx_word' id='word_1_228' title='bbox 584 1929 737 1985; x_wconf 56' lang='lat' dir='ltr'><strong>gemm,</strong></span> <span class='ocrx_word' id='word_1_229' title='bbox 1109 1900 1187 1972; x_wconf 87' lang='lat' dir='ltr'><strong>Dei.</strong></span> <span class='ocrx_word' id='word_1_230' title='bbox 1263 1902 1336 1974; x_wconf 89' lang='lat' dir='ltr'><strong>Nec</strong></span> <span class='ocrx_word' id='word_1_231' title='bbox 1375 1906 1437 2000; x_wconf 90' lang='lat' dir='ltr'><strong>qui</strong></span> <span class='ocrx_word' id='word_1_232' title='bbox 1474 1920 1704 1978; x_wconf 89' lang='lat' dir='ltr'><strong>contemnunt</strong></span> <span class='ocrx_word' id='word_1_233' title='bbox 1736 1924 1796 1980; x_wconf 89' lang='lat' dir='ltr'><strong>aut</strong></span> <span class='ocrx_word' id='word_1_234' title='bbox 1833 1930 2096 2008; x_wconf 88' lang='lat' dir='ltr'><strong>persequuntur</strong></span> 
     </span>
    </p>

    <p class='ocr_par' dir='ltr' id='par_1_5' title="bbox 70 2000 2096 2706">
     <span class='ocr_line' id='line_1_19' title="bbox 173 2000 2094 2108; baseline 0.011 -29"><span class='ocrx_word' id='word_1_235' title='bbox 173 2006 327 2079; x_wconf 85' lang='lat' dir='ltr'><strong>Addidit</strong></span> <span class='ocrx_word' id='word_1_236' title='bbox 343 2025 459 2081; x_wconf 89' lang='lat' dir='ltr'><strong>autem</strong></span> <span class='ocrx_word' id='word_1_237' title='bbox 478 2009 611 2083; x_wconf 87' lang='lat' dir='ltr'><strong>Paulus</strong></span> <span class='ocrx_word' id='word_1_238' title='bbox 629 2015 776 2085; x_wconf 87' lang='lat' dir='ltr'><strong>diserte:</strong></span> <span class='ocrx_word' id='word_1_239' title='bbox 802 2011 898 2087; x_wconf 84' lang='lat' dir='ltr'><strong>Deus</strong></span> <span class='ocrx_word' id='word_1_240' title='bbox 914 2018 966 2086; x_wconf 90' lang='lat' dir='ltr'><strong>eis</strong></span> <span class='ocrx_word' id='word_1_241' title='bbox 981 2038 1058 2087; x_wconf 88' lang='lat' dir='ltr'><strong>nra·</strong></span> <span class='ocrx_word' id='word_1_242' title='bbox 1108 2000 1356 2095; x_wconf 65' lang='lat' dir='ltr'><strong>Emssfflum·</strong></span> <span class='ocrx_word' id='word_1_243' title='bbox 1416 2004 1582 2099; x_wconf 59' lang='lat' dir='ltr'><strong>Denique</strong></span> <span class='ocrx_word' id='word_1_244' title='bbox 1616 2024 1655 2079; x_wconf 64' lang='lat'><strong>¹¹¹</strong></span> <span class='ocrx_word' id='word_1_245' title='bbox 1685 2022 1766 2078; x_wconf 59' lang='grc' dir='ltr'><strong>’ΜΘ</strong></span> <span class='ocrx_word' id='word_1_246' title='bbox 1787 2012 1880 2099; x_wconf 62' lang='grc' dir='ltr'><strong>(ῙῙῘῙ,</strong></span> <span class='ocrx_word' id='word_1_247' title='bbox 1913 2018 2094 2108; x_wconf 65' lang='lat' dir='ltr'><strong>ffll⁸l⁰8⁰⁸</strong></span> 
     </span>
     <span class='ocr_line' id='line_1_20' title="bbox 71 2105 2094 2206; baseline 0.004 -27"><span class='ocrx_word' id='word_1_248' title='bbox 71 2110 272 2195; x_wconf 82' lang='lat' dir='ltr'><strong>nilestavit,</strong></span> <span class='ocrx_word' id='word_1_249' title='bbox 296 2111 333 2179; x_wconf 92' lang='lat' dir='ltr'><strong>id</strong></span> <span class='ocrx_word' id='word_1_250' title='bbox 358 2128 428 2195; x_wconf 89' lang='lat' dir='ltr'><strong>est,</strong></span> <span class='ocrx_word' id='word_1_251' title='bbox 452 2114 584 2206; x_wconf 81' lang='lat' dir='ltr'><strong>duplex</strong></span> <span class='ocrx_word' id='word_1_252' title='bbox 602 2117 723 2185; x_wconf 75' lang='lat' dir='ltr'><strong>himen</strong></span> <span class='ocrx_word' id='word_1_253' title='bbox 740 2117 895 2188; x_wconf 73' lang='lat' dir='ltr'><strong>inditum</strong></span> <span class='ocrx_word' id='word_1_254' title='bbox 920 2131 971 2187; x_wconf 65' lang='lat' dir='ltr'><strong>aar</strong></span> <span class='ocrx_word' id='word_1_255' title='bbox 986 2113 1058 2187; x_wconf 79' lang='lat' dir='ltr'><strong>hu·</strong></span> <span class='ocrx_word' id='word_1_256' title='bbox 1110 2120 1271 2177; x_wconf 89' lang='lat' dir='ltr'><strong>sumatur</strong></span> <span class='ocrx_word' id='word_1_257' title='bbox 1286 2131 1328 2176; x_wconf 87' lang='lat' dir='ltr'><strong>ex</strong></span> <span class='ocrx_word' id='word_1_258' title='bbox 1347 2109 1571 2178; x_wconf 85' lang='lat' dir='ltr'><strong>enarratione</strong></span> <span class='ocrx_word' id='word_1_259' title='bbox 1586 2105 1763 2201; x_wconf 81' lang='lat' dir='ltr'><strong>Decalogi.</strong></span> <span class='ocrx_word' id='word_1_260' title='bbox 1819 2111 1889 2184; x_wconf 90' lang='lat' dir='ltr'><strong>lam</strong></span> <span class='ocrx_word' id='word_1_261' title='bbox 1905 2118 2039 2206; x_wconf 90' lang='lat' dir='ltr'><strong>cogita,</strong></span> <span class='ocrx_word' id='word_1_262' title='bbox 2053 2120 2094 2189; x_wconf 92' lang='lat' dir='ltr'><strong>in</strong></span> 
     </span>
     <span class='ocr_line' id='line_1_21' title="bbox 71 2203 2095 2312; baseline 0.004 -31"><span class='ocrx_word' id='word_1_263' title='bbox 71 2213 186 2281; x_wconf 86' lang='lat' dir='ltr'><strong>ruanis</strong></span> <span class='ocrx_word' id='word_1_264' title='bbox 201 2213 388 2287; x_wconf 88' lang='lat' dir='ltr'><strong>ruentibus.</strong></span> <span class='ocrx_word' id='word_1_265' title='bbox 440 2213 577 2286; x_wconf 69' lang='lat' dir='ltr'><strong>Nom-ia</strong></span> <span class='ocrx_word' id='word_1_266' title='bbox 593 2219 762 2308; x_wconf 83' lang='lat' dir='ltr'><strong>simplex,</strong></span> <span class='ocrx_word' id='word_1_267' title='bbox 779 2224 874 2312; x_wconf 90' lang='lat' dir='ltr'><strong>quod</strong></span> <span class='ocrx_word' id='word_1_268' title='bbox 892 2220 938 2290; x_wconf 87' lang='lat' dir='ltr'><strong>sit</strong></span> <span class='ocrx_word' id='word_1_269' title='bbox 951 2217 1058 2303; x_wconf 87' lang='lat' dir='ltr'><strong>Deus,</strong></span> <span class='ocrx_word' id='word_1_270' title='bbox 1110 2222 1185 2280; x_wconf 94' lang='lat' dir='ltr'><strong>toto</strong></span> <span class='ocrx_word' id='word_1_271' title='bbox 1203 2230 1330 2296; x_wconf 88' lang='lat' dir='ltr'><strong>genere</strong></span> <span class='ocrx_word' id='word_1_272' title='bbox 1356 2203 1533 2294; x_wconf 87' lang='lat' dir='ltr'><strong>humano,</strong></span> <span class='ocrx_word' id='word_1_273' title='bbox 1560 2234 1666 2303; x_wconf 87' lang='lat' dir='ltr'><strong>quarn</strong></span> <span class='ocrx_word' id='word_1_274' title='bbox 1691 2208 1913 2284; x_wconf 87' lang='lat' dir='ltr'><strong>horribiliter</strong></span> <span class='ocrx_word' id='word_1_275' title='bbox 1934 2239 2095 2307; x_wconf 87' lang='lat' dir='ltr'><strong>grassen-</strong></span> 
     </span>
     <span class='ocr_line' id='line_1_22' title="bbox 71 2310 2093 2408; baseline 0.005 -27"><span class='ocrx_word' id='word_1_276' title='bbox 71 2324 104 2384; x_wconf 92' lang='lat' dir='ltr'><strong>ct</strong></span> <span class='ocrx_word' id='word_1_277' title='bbox 128 2313 375 2394; x_wconf 83' lang='lat' dir='ltr'><strong>ratiocinatio,</strong></span> <span class='ocrx_word' id='word_1_278' title='bbox 411 2340 585 2408; x_wconf 87' lang='lat' dir='ltr'><strong>quaereus</strong></span> <span class='ocrx_word' id='word_1_279' title='bbox 619 2319 820 2391; x_wconf 70' lang='lat' dir='ltr'><strong>testimonia</strong></span> <span class='ocrx_word' id='word_1_280' title='bbox 855 2321 895 2391; x_wconf 83' lang='lat' dir='ltr'><strong>in</strong></span> <span class='ocrx_word' id='word_1_281' title='bbox 930 2321 1057 2392; x_wconf 71' lang='lat' dir='ltr'><strong>ordine</strong></span> <span class='ocrx_word' id='word_1_282' title='bbox 1109 2322 1169 2380; x_wconf 91' lang='lat' dir='ltr'><strong>tur</strong></span> <span class='ocrx_word' id='word_1_283' title='bbox 1198 2310 1413 2402; x_wconf 85' lang='lat' dir='ltr'><strong>multiplices</strong></span> <span class='ocrx_word' id='word_1_284' title='bbox 1434 2311 1571 2381; x_wconf 84' lang='lat' dir='ltr'><strong>furores</strong></span> <span class='ocrx_word' id='word_1_285' title='bbox 1600 2325 1722 2382; x_wconf 90' lang='lat' dir='ltr'><strong>contra</strong></span> <span class='ocrx_word' id='word_1_286' title='bbox 1747 2314 1898 2402; x_wconf 90' lang='lat' dir='ltr'><strong>primam</strong></span> <span class='ocrx_word' id='word_1_287' title='bbox 1922 2318 2093 2392; x_wconf 86' lang='lat' dir='ltr'><strong>tabulam.</strong></span> 
     </span>
     <span class='ocr_line' id='line_1_23' title="bbox 70 2405 2096 2509; baseline 0.013 -41"><span class='ocrx_word' id='word_1_288' title='bbox 70 2426 321 2489; x_wconf 50' lang='lat' dir='ltr'><strong>maturarum,</strong></span> <span class='ocrx_word' id='word_1_289' title='bbox 923 2458 930 2468; x_wconf 83' lang='lat'><em>.</em></span> <span class='ocrx_word' id='word_1_290' title='bbox 1110 2405 1354 2501; x_wconf 70' lang='lat' dir='ltr'><strong>Agnoscamus</strong></span> <span class='ocrx_word' id='word_1_291' title='bbox 1369 2424 1404 2482; x_wconf 91' lang='lat' dir='ltr'><strong>et</strong></span> <span class='ocrx_word' id='word_1_292' title='bbox 1427 2410 1650 2482; x_wconf 86' lang='lat' dir='ltr'><strong>infirmitates</strong></span> <span class='ocrx_word' id='word_1_293' title='bbox 1666 2426 1824 2505; x_wconf 86' lang='lat' dir='ltr'><strong>nostras,</strong></span> <span class='ocrx_word' id='word_1_294' title='bbox 1841 2417 1923 2509; x_wconf 85' lang='lat' dir='ltr'><strong>quia</strong></span> <span class='ocrx_word' id='word_1_295' title='bbox 1941 2420 2047 2491; x_wconf 87' lang='lat' dir='ltr'><strong>timor</strong></span> <span class='ocrx_word' id='word_1_296' title='bbox 2060 2436 2096 2494; x_wconf 91' lang='grc' dir='ltr'><strong>ει</strong></span> 
     </span>
     <span class='ocr_line' id='line_1_24' title="bbox 1109 2512 2096 2611; baseline 0.011 -30"><span class='ocrx_word' id='word_1_297' title='bbox 1109 2512 1214 2595; x_wconf 82' lang='lat' dir='ltr'><strong>fides,</strong></span> <span class='ocrx_word' id='word_1_298' title='bbox 1240 2527 1282 2593; x_wconf 79' lang='grc' dir='ltr'><strong>Ιει</strong></span> <span class='ocrx_word' id='word_1_299' title='bbox 1299 2513 1389 2583; x_wconf 89' lang='lat' dir='ltr'><strong>aliae</strong></span> <span class='ocrx_word' id='word_1_300' title='bbox 1412 2513 1578 2600; x_wconf 85' lang='lat' dir='ltr'><strong>virtutes,</strong></span> <span class='ocrx_word' id='word_1_301' title='bbox 1604 2514 1719 2586; x_wconf 89' lang='lat' dir='ltr'><strong>multo</strong></span> <span class='ocrx_word' id='word_1_302' title='bbox 1739 2530 1824 2588; x_wconf 89' lang='lat' dir='ltr'><strong>sunt</strong></span> <span class='ocrx_word' id='word_1_303' title='bbox 1844 2516 2096 2611; x_wconf 69' lang='lat' dir='ltr'><strong>languidiores,</strong></span> 
     </span>
     <span class='ocr_line' id='line_1_25' title="bbox 1108 2616 1581 2706; baseline 0.004 -23"><span class='ocrx_word' id='word_1_304' title='bbox 1108 2637 1213 2706; x_wconf 88' lang='lat' dir='ltr'><strong>quam</strong></span> <span class='ocrx_word' id='word_1_305' title='bbox 1231 2638 1304 2685; x_wconf 86' lang='lat' dir='ltr'><strong>esse</strong></span> <span class='ocrx_word' id='word_1_306' title='bbox 1321 2616 1497 2686; x_wconf 88' lang='lat' dir='ltr'><strong>debebant</strong></span> <span class='ocrx_word' id='word_1_307' title='bbox 1513 2631 1581 2688; x_wconf 90' lang='lat' dir='ltr'><strong>ete.</strong></span> 
     </span>
    </p>

    <p class='ocr_par' dir='ltr' id='par_1_6' title="bbox 67 2709 2198 3363">
     <span class='ocr_line' id='line_1_26' title="bbox 169 2709 2198 2811; baseline 0.007 -30"><span class='ocrx_word' id='word_1_308' title='bbox 169 2709 240 2782; x_wconf 86' lang='lat' dir='ltr'><strong>Hic</strong></span> <span class='ocrx_word' id='word_1_309' title='bbox 256 2713 440 2784; x_wconf 91' lang='lat' dir='ltr'><strong>sciendum</strong></span> <span class='ocrx_word' id='word_1_310' title='bbox 457 2730 526 2800; x_wconf 89' lang='lat' dir='ltr'><strong>est,</strong></span> <span class='ocrx_word' id='word_1_311' title='bbox 553 2733 698 2811; x_wconf 90' lang='lat' dir='ltr'><strong>propter</strong></span> <span class='ocrx_word' id='word_1_312' title='bbox 714 2740 800 2811; x_wconf 87' lang='lat' dir='ltr'><strong>quas</strong></span> <span class='ocrx_word' id='word_1_313' title='bbox 822 2737 942 2785; x_wconf 81' lang='lat' dir='ltr'><strong>causas</strong></span> <span class='ocrx_word' id='word_1_314' title='bbox 957 2715 1057 2785; x_wconf 88' lang='lat' dir='ltr'><strong>Deus</strong></span> <span class='ocrx_word' id='word_1_315' title='bbox 1211 2713 1353 2786; x_wconf 86' lang='lat' dir='ltr'><strong>Gratias</strong></span> <span class='ocrx_word' id='word_1_316' title='bbox 1376 2740 1477 2807; x_wconf 85' lang='lat' dir='ltr'><strong>agere</strong></span> <span class='ocrx_word' id='word_1_317' title='bbox 1502 2731 1552 2787; x_wconf 91' lang='lat' dir='ltr'><strong>est</strong></span> <span class='ocrx_word' id='word_1_318' title='bbox 1579 2740 1660 2808; x_wconf 91' lang='lat' dir='ltr'><strong>pars</strong></span> <span class='ocrx_word' id='word_1_319' title='bbox 1683 2717 1968 2807; x_wconf 77' lang='lat' dir='ltr'><strong>glorificationis,</strong></span> <span class='ocrx_word' id='word_1_320' title='bbox 1996 2725 2094 2794; x_wconf 88' lang='lat' dir='ltr'><strong>vide·</strong></span> <span class='ocrx_word' id='word_1_321' title='bbox 2195 2762 2198 2767; x_wconf 94' lang='lat'>·</span> 
     </span>
     <span class='ocr_line' id='line_1_27' title="bbox 70 2808 2094 2911; baseline 0.007 -30"><span class='ocrx_word' id='word_1_322' title='bbox 70 2812 107 2882; x_wconf 93' lang='lat' dir='ltr'><strong>io</strong></span> <span class='ocrx_word' id='word_1_323' title='bbox 129 2808 278 2883; x_wconf 87' lang='lat' dir='ltr'><strong>homine</strong></span> <span class='ocrx_word' id='word_1_324' title='bbox 297 2816 448 2885; x_wconf 84' lang='lat' dir='ltr'><strong>voluerit</strong></span> <span class='ocrx_word' id='word_1_325' title='bbox 468 2817 640 2911; x_wconf 86' lang='lat' dir='ltr'><strong>reliquam</strong></span> <span class='ocrx_word' id='word_1_326' title='bbox 665 2843 739 2888; x_wconf 88' lang='lat' dir='ltr'><strong>esse</strong></span> <span class='ocrx_word' id='word_1_327' title='bbox 763 2819 848 2906; x_wconf 88' lang='lat' dir='ltr'><strong>legis</strong></span> <span class='ocrx_word' id='word_1_328' title='bbox 870 2814 1056 2903; x_wconf 75' lang='lat' dir='ltr'><strong>noticiam,</strong></span> <span class='ocrx_word' id='word_1_329' title='bbox 1108 2815 1189 2886; x_wconf 90' lang='lat' dir='ltr'><strong>licet</strong></span> <span class='ocrx_word' id='word_1_330' title='bbox 1210 2841 1416 2906; x_wconf 82' lang='lat' dir='ltr'><strong>agnoscere,</strong></span> <span class='ocrx_word' id='word_1_331' title='bbox 1449 2821 1542 2911; x_wconf 89' lang='lat' dir='ltr'><strong>quod</strong></span> <span class='ocrx_word' id='word_1_332' title='bbox 1569 2820 1710 2889; x_wconf 87' lang='lat' dir='ltr'><strong>nonsit</strong></span> <span class='ocrx_word' id='word_1_333' title='bbox 1738 2821 1873 2891; x_wconf 87' lang='lat' dir='ltr'><strong>otiosus</strong></span> <span class='ocrx_word' id='word_1_334' title='bbox 1895 2820 2010 2911; x_wconf 83' lang='lat' dir='ltr'><strong>Deus,</strong></span> <span class='ocrx_word' id='word_1_335' title='bbox 2031 2830 2094 2897; x_wconf 89' lang='lat' dir='ltr'><strong>sed</strong></span> 
     </span>
     <span class='ocr_line' id='line_1_28' title="bbox 68 2917 2092 3013; baseline 0.006 -28"><span class='ocrx_word' id='word_1_336' title='bbox 68 2938 219 3009; x_wconf 79' lang='lat' dir='ltr'><strong>quarum</strong></span> <span class='ocrx_word' id='word_1_337' title='bbox 245 2917 356 3007; x_wconf 88' lang='lat' dir='ltr'><strong>prima</strong></span> <span class='ocrx_word' id='word_1_338' title='bbox 381 2933 453 3007; x_wconf 87' lang='lat' dir='ltr'><strong>est,</strong></span> <span class='ocrx_word' id='word_1_339' title='bbox 481 2933 519 2989; x_wconf 90' lang='lat' dir='ltr'><strong>ut</strong></span> <span class='ocrx_word' id='word_1_340' title='bbox 536 2934 628 2990; x_wconf 88' lang='lat' dir='ltr'><strong>extet</strong></span> <span class='ocrx_word' id='word_1_341' title='bbox 653 2921 893 2992; x_wconf 88' lang='lat' dir='ltr'><strong>testimonium</strong></span> <span class='ocrx_word' id='word_1_342' title='bbox 916 2919 959 2986; x_wconf 92' lang='lat' dir='ltr'><strong>de</strong></span> <span class='ocrx_word' id='word_1_343' title='bbox 976 2920 1056 2988; x_wconf 86' lang='lat' dir='ltr'><strong>Deo</strong></span> <span class='ocrx_word' id='word_1_344' title='bbox 1108 2942 1188 2987; x_wconf 83' lang='lat' dir='ltr'><strong>vere</strong></span> <span class='ocrx_word' id='word_1_345' title='bbox 1205 2943 1272 2988; x_wconf 90' lang='lat' dir='ltr'><strong>uus</strong></span> <span class='ocrx_word' id='word_1_346' title='bbox 1288 2935 1403 3004; x_wconf 81' lang='lat' dir='ltr'><strong>curet,</strong></span> <span class='ocrx_word' id='word_1_347' title='bbox 1429 2918 1610 3004; x_wconf 77' lang='lat' dir='ltr'><strong>exaudiat,</strong></span> <span class='ocrx_word' id='word_1_348' title='bbox 1637 2921 1733 2992; x_wconf 84' lang='lat' dir='ltr'><strong>iuvet</strong></span> <span class='ocrx_word' id='word_1_349' title='bbox 1758 2938 1850 2992; x_wconf 86' lang='lat' dir='ltr'><strong>recte</strong></span> <span class='ocrx_word' id='word_1_350' title='bbox 1875 2924 2092 3013; x_wconf 84' lang='lat' dir='ltr'><strong>invocantes,</strong></span> 
     </span>
     <span class='ocr_line' id='line_1_29' title="bbox 67 3014 2092 3111; baseline 0.008 -26"><span class='ocrx_word' id='word_1_351' title='bbox 67 3015 104 3085; x_wconf 91' lang='lat' dir='ltr'><strong>in</strong></span> <span class='ocrx_word' id='word_1_352' title='bbox 124 3017 243 3091; x_wconf 90' lang='lat' dir='ltr'><strong>nobis.</strong></span> <span class='ocrx_word' id='word_1_353' title='bbox 294 3020 477 3104; x_wconf 87' lang='lat' dir='ltr'><strong>Secunda,</strong></span> <span class='ocrx_word' id='word_1_354' title='bbox 512 3036 552 3092; x_wconf 94' lang='lat' dir='ltr'><strong>ut</strong></span> <span class='ocrx_word' id='word_1_355' title='bbox 572 3035 709 3092; x_wconf 90' lang='lat' dir='ltr'><strong>accuset</strong></span> <span class='ocrx_word' id='word_1_356' title='bbox 734 3037 768 3094; x_wconf 95' lang='lat' dir='ltr'><strong>et</strong></span> <span class='ocrx_word' id='word_1_357' title='bbox 798 3024 942 3090; x_wconf 90' lang='lat' dir='ltr'><strong>damnet</strong></span> <span class='ocrx_word' id='word_1_358' title='bbox 972 3044 1054 3111; x_wconf 89' lang='lat' dir='ltr'><strong>pec·</strong></span> <span class='ocrx_word' id='word_1_359' title='bbox 1108 3033 1142 3087; x_wconf 90' lang='lat' dir='ltr'><strong>et</strong></span> <span class='ocrx_word' id='word_1_360' title='bbox 1159 3014 1250 3089; x_wconf 91' lang='lat' dir='ltr'><strong>hanc</strong></span> <span class='ocrx_word' id='word_1_361' title='bbox 1268 3024 1460 3092; x_wconf 84' lang='lat' dir='ltr'><strong>bonitatem</strong></span> <span class='ocrx_word' id='word_1_362' title='bbox 1479 3022 1676 3107; x_wconf 86' lang='lat' dir='ltr'><strong>celebrare,</strong></span> <span class='ocrx_word' id='word_1_363' title='bbox 1701 3036 1736 3095; x_wconf 88' lang='lat' dir='ltr'><strong>et</strong></span> <span class='ocrx_word' id='word_1_364' title='bbox 1751 3048 1817 3094; x_wconf 88' lang='lat' dir='ltr'><strong>uos</strong></span> <span class='ocrx_word' id='word_1_365' title='bbox 1833 3020 1910 3096; x_wconf 89' lang='lat' dir='ltr'><strong>Deo</strong></span> <span class='ocrx_word' id='word_1_366' title='bbox 1927 3054 2092 3099; x_wconf 86' lang='lat' dir='ltr'><strong>reveren·</strong></span> 
     </span>
     <span class='ocr_line' id='line_1_30' title="bbox 67 3116 1678 3213; baseline 0.004 -26"><span class='ocrx_word' id='word_1_367' title='bbox 67 3130 156 3192; x_wconf 86' lang='lat' dir='ltr'><strong>cata.</strong></span> <span class='ocrx_word' id='word_1_368' title='bbox 209 3117 354 3209; x_wconf 77' lang='lat' dir='ltr'><strong>Tertia,</strong></span> <span class='ocrx_word' id='word_1_369' title='bbox 381 3138 420 3192; x_wconf 93' lang='lat' dir='ltr'><strong>ut</strong></span> <span class='ocrx_word' id='word_1_370' title='bbox 443 3136 540 3211; x_wconf 87' lang='lat' dir='ltr'><strong>regat</strong></span> <span class='ocrx_word' id='word_1_371' title='bbox 563 3123 799 3213; x_wconf 86' lang='lat' dir='ltr'><strong>disciplinam.</strong></span> <span class='ocrx_word' id='word_1_372' title='bbox 855 3122 979 3192; x_wconf 87' lang='lat' dir='ltr'><strong>Postea</strong></span> <span class='ocrx_word' id='word_1_373' title='bbox 997 3145 1055 3191; x_wconf 89' lang='lat' dir='ltr'><strong>re·</strong></span> <span class='ocrx_word' id='word_1_374' title='bbox 1106 3133 1160 3190; x_wconf 86' lang='lat' dir='ltr'><strong>ter</strong></span> <span class='ocrx_word' id='word_1_375' title='bbox 1180 3124 1353 3203; x_wconf 82' lang='lat' dir='ltr'><strong>subiicere</strong></span> <span class='ocrx_word' id='word_1_376' title='bbox 1371 3140 1403 3194; x_wconf 93' lang='lat' dir='ltr'><strong>et</strong></span> <span class='ocrx_word' id='word_1_377' title='bbox 1420 3147 1499 3192; x_wconf 88' lang='lat' dir='ltr'><strong>eum</strong></span> <span class='ocrx_word' id='word_1_378' title='bbox 1516 3116 1678 3213; x_wconf 86' lang='lat' dir='ltr'><strong>diligere.</strong></span> 
     </span>
     <span class='ocr_line' id='line_1_31' title="bbox 67 3220 1793 3363; baseline 0.007 -73"><span class='ocrx_word' id='word_1_379' title='bbox 67 3220 161 3291; x_wconf 86' lang='lat' dir='ltr'><strong>natis</strong></span> <span class='ocrx_word' id='word_1_380' title='bbox 172 3220 278 3290; x_wconf 89' lang='lat' dir='ltr'><strong>etiam</strong></span> <span class='ocrx_word' id='word_1_381' title='bbox 292 3245 383 3314; x_wconf 87' lang='lat' dir='ltr'><strong>opus</strong></span> <span class='ocrx_word' id='word_1_382' title='bbox 399 3237 449 3295; x_wconf 86' lang='lat' dir='ltr'><strong>est</strong></span> <span class='ocrx_word' id='word_1_383' title='bbox 462 3224 665 3313; x_wconf 78' lang='lat' dir='ltr'><strong>cognitione</strong></span> <span class='ocrx_word' id='word_1_384' title='bbox 680 3222 862 3316; x_wconf 81' lang='lat' dir='ltr'><strong>Deculogi,</strong></span> <span class='ocrx_word' id='word_1_385' title='bbox 878 3238 918 3296; x_wconf 93' lang='lat' dir='ltr'><strong>ut</strong></span> <span class='ocrx_word' id='word_1_386' title='bbox 932 3223 1055 3310; x_wconf 86' lang='lat' dir='ltr'><strong>sciant,</strong></span> <span class='ocrx_word' id='word_1_387' title='bbox 1402 3285 1583 3362; x_wconf 53' lang='lat' dir='ltr'><strong>Tradidit</strong></span> <span class='ocrx_word' id='word_1_388' title='bbox 1608 3312 1666 3360; x_wconf 61' lang='lat' dir='ltr'><em>m</em></span> <span class='ocrx_word' id='word_1_389' title='bbox 1686 3286 1793 3363; x_wconf 63' lang='lat' dir='ltr'><strong>Dm</strong></span> 
     </span>
    </p>
   </div>
   <div class='ocr_carea' id='block_1_4' title="bbox 19 3320 2204 5344">
    <p class='ocr_par' dir='ltr' id='par_1_7' title="bbox 19 3320 2204 5344">
     <span class='ocr_line' id='line_1_32' title="bbox 67 3320 546 3415; baseline 0.015 -24"><span class='ocrx_word' id='word_1_390' title='bbox 67 3320 130 3414; x_wconf 88' lang='lat' dir='ltr'><strong>qni</strong></span> <span class='ocrx_word' id='word_1_391' title='bbox 146 3324 264 3394; x_wconf 88' lang='lat' dir='ltr'><strong>cultus</strong></span> <span class='ocrx_word' id='word_1_392' title='bbox 279 3322 356 3394; x_wconf 88' lang='lat' dir='ltr'><strong>Deo</strong></span> <span class='ocrx_word' id='word_1_393' title='bbox 373 3324 546 3415; x_wconf 85' lang='lat' dir='ltr'><strong>placeant.</strong></span> 
     </span>
     <span class='ocr_line' id='line_1_33' title="bbox 1208 3425 2093 3521; baseline 0.003 -25"><span class='ocrx_word' id='word_1_394' title='bbox 1208 3425 1290 3497; x_wconf 79' lang='lat' dir='ltr'><strong>Diri</strong></span> <span class='ocrx_word' id='word_1_395' title='bbox 1324 3428 1474 3521; x_wconf 85' lang='lat' dir='ltr'><strong>primam</strong></span> <span class='ocrx_word' id='word_1_396' title='bbox 1506 3436 1762 3498; x_wconf 84' lang='lat' dir='ltr'><strong>accusationem</strong></span> <span class='ocrx_word' id='word_1_397' title='bbox 1790 3425 1899 3497; x_wconf 88' lang='lat' dir='ltr'><strong>luisse</strong></span> <span class='ocrx_word' id='word_1_398' title='bbox 1932 3434 2093 3517; x_wconf 83' lang='lat' dir='ltr'><strong>peccatis·</strong></span> 
     </span>
     <span class='ocr_line' id='line_1_34' title="bbox 1104 3525 2090 3623; baseline 0.006 -27"><span class='ocrx_word' id='word_1_399' title='bbox 1104 3552 1204 3612; x_wconf 90' lang='lat' dir='ltr'><strong>rum,</strong></span> <span class='ocrx_word' id='word_1_400' title='bbox 1230 3555 1320 3623; x_wconf 85' lang='lat' dir='ltr'><strong>qnae</strong></span> <span class='ocrx_word' id='word_1_401' title='bbox 1344 3543 1502 3620; x_wconf 83' lang='lat' dir='ltr'><strong>pugnant</strong></span> <span class='ocrx_word' id='word_1_402' title='bbox 1519 3553 1598 3598; x_wconf 86' lang='lat' dir='ltr'><strong>cnm</strong></span> <span class='ocrx_word' id='word_1_403' title='bbox 1619 3527 1732 3617; x_wconf 91' lang='lat' dir='ltr'><strong>prima</strong></span> <span class='ocrx_word' id='word_1_404' title='bbox 1746 3525 1898 3602; x_wconf 86' lang='lat' dir='ltr'><strong>Tabula.</strong></span> <span class='ocrx_word' id='word_1_405' title='bbox 1951 3527 2090 3601; x_wconf 87' lang='lat' dir='ltr'><strong>Deinde</strong></span> 
     </span>
     <span class='ocr_line' id='line_1_35' title="bbox 167 3625 2089 3722; baseline 0.001 -24"><span class='ocrx_word' id='word_1_406' title='bbox 167 3625 333 3699; x_wconf 86' lang='lat' dir='ltr'><strong>Primum</strong></span> <span class='ocrx_word' id='word_1_407' title='bbox 359 3644 499 3701; x_wconf 88' lang='lat' dir='ltr'><strong>accusat</strong></span> <span class='ocrx_word' id='word_1_408' title='bbox 530 3629 756 3720; x_wconf 89' lang='lat' dir='ltr'><strong>impietatem.</strong></span> <span class='ocrx_word' id='word_1_409' title='bbox 821 3626 869 3700; x_wconf 85' lang='lat' dir='ltr'><strong>Et</strong></span> <span class='ocrx_word' id='word_1_410' title='bbox 899 3631 1053 3720; x_wconf 88' lang='lat' dir='ltr'><strong>comple-</strong></span> <span class='ocrx_word' id='word_1_411' title='bbox 1105 3632 1267 3722; x_wconf 89' lang='lat' dir='ltr'><strong>sequitur</strong></span> <span class='ocrx_word' id='word_1_412' title='bbox 1291 3633 1465 3703; x_wconf 87' lang='lat' dir='ltr'><strong>accusatio</strong></span> <span class='ocrx_word' id='word_1_413' title='bbox 1486 3630 1657 3699; x_wconf 89' lang='lat' dir='ltr'><strong>scelerum</strong></span> <span class='ocrx_word' id='word_1_414' title='bbox 1679 3644 1801 3699; x_wconf 92' lang='lat' dir='ltr'><strong>contra</strong></span> <span class='ocrx_word' id='word_1_415' title='bbox 1823 3634 2012 3700; x_wconf 89' lang='lat' dir='ltr'><strong>secundam</strong></span> <span class='ocrx_word' id='word_1_416' title='bbox 2037 3646 2089 3700; x_wconf 90' lang='lat' dir='ltr'><strong>ta·</strong></span> 
     </span>
     <span class='ocr_line' id='line_1_36' title="bbox 63 3726 2091 3826; baseline -0 -24"><span class='ocrx_word' id='word_1_417' title='bbox 63 3732 192 3802; x_wconf 84' lang='lat' dir='ltr'><strong>stenda</strong></span> <span class='ocrx_word' id='word_1_418' title='bbox 206 3745 290 3799; x_wconf 90' lang='lat' dir='ltr'><strong>suut</strong></span> <span class='ocrx_word' id='word_1_419' title='bbox 307 3726 365 3800; x_wconf 87' lang='lat' dir='ltr'><strong>hic</strong></span> <span class='ocrx_word' id='word_1_420' title='bbox 380 3732 499 3801; x_wconf 89' lang='lat' dir='ltr'><strong>omnia</strong></span> <span class='ocrx_word' id='word_1_421' title='bbox 517 3745 655 3822; x_wconf 87' lang='lat' dir='ltr'><strong>peccata</strong></span> <span class='ocrx_word' id='word_1_422' title='bbox 675 3732 868 3821; x_wconf 88' lang='lat' dir='ltr'><strong>pugnantia</strong></span> <span class='ocrx_word' id='word_1_423' title='bbox 883 3755 962 3801; x_wconf 88' lang='lat' dir='ltr'><strong>cum</strong></span> <span class='ocrx_word' id='word_1_424' title='bbox 979 3733 1053 3824; x_wconf 89' lang='lat' dir='ltr'><strong>pri·</strong></span> <span class='ocrx_word' id='word_1_425' title='bbox 1105 3734 1237 3801; x_wconf 88' lang='lat' dir='ltr'><strong>bulam.</strong></span> <span class='ocrx_word' id='word_1_426' title='bbox 1289 3732 1382 3821; x_wconf 87' lang='lat' dir='ltr'><strong>Quia</strong></span> <span class='ocrx_word' id='word_1_427' title='bbox 1398 3734 1542 3826; x_wconf 89' lang='lat' dir='ltr'><strong>quando</strong></span> <span class='ocrx_word' id='word_1_428' title='bbox 1558 3731 1666 3801; x_wconf 91' lang='lat' dir='ltr'><strong>corda</strong></span> <span class='ocrx_word' id='word_1_429' title='bbox 1682 3753 1757 3801; x_wconf 91' lang='lat' dir='ltr'><strong>non</strong></span> <span class='ocrx_word' id='word_1_430' title='bbox 1775 3746 1948 3819; x_wconf 79' lang='lat' dir='ltr'><strong>reguntur</strong></span> <span class='ocrx_word' id='word_1_431' title='bbox 1964 3755 1982 3798; x_wconf 90' lang='lat' dir='ltr'><strong>a</strong></span> <span class='ocrx_word' id='word_1_432' title='bbox 2002 3728 2091 3812; x_wconf 87' lang='lat' dir='ltr'><strong>Deo,</strong></span> 
     </span>
     <span class='ocr_line' id='line_1_37' title="bbox 64 3830 2088 3925; baseline -0.001 -21"><span class='ocrx_word' id='word_1_433' title='bbox 64 3830 300 3917; x_wconf 79' lang='lat' dir='ltr'><strong>ma&#39;l&#39;abrda,</strong></span> <span class='ocrx_word' id='word_1_434' title='bbox 328 3834 686 3925; x_wconf 82' lang='lat' dir='ltr'><strong>quorumcatalogus</strong></span> <span class='ocrx_word' id='word_1_435' title='bbox 707 3847 868 3903; x_wconf 88' lang='lat' dir='ltr'><strong>sumatur</strong></span> <span class='ocrx_word' id='word_1_436' title='bbox 887 3857 926 3902; x_wconf 86' lang='lat' dir='ltr'><strong>ex</strong></span> <span class='ocrx_word' id='word_1_437' title='bbox 950 3857 1053 3903; x_wconf 90' lang='lat' dir='ltr'><strong>enar·</strong></span> <span class='ocrx_word' id='word_1_438' title='bbox 1105 3847 1302 3924; x_wconf 89' lang='lat' dir='ltr'><strong>sequuntur</strong></span> <span class='ocrx_word' id='word_1_439' title='bbox 1325 3835 1431 3904; x_wconf 90' lang='lat' dir='ltr'><strong>etiam</strong></span> <span class='ocrx_word' id='word_1_440' title='bbox 1464 3846 1552 3903; x_wconf 88' lang='lat' dir='ltr'><strong>tetra</strong></span> <span class='ocrx_word' id='word_1_441' title='bbox 1580 3833 1709 3902; x_wconf 89' lang='lat' dir='ltr'><strong>delicta</strong></span> <span class='ocrx_word' id='word_1_442' title='bbox 1741 3846 1863 3901; x_wconf 88' lang='lat' dir='ltr'><strong>contra</strong></span> <span class='ocrx_word' id='word_1_443' title='bbox 1896 3834 2088 3901; x_wconf 88' lang='lat' dir='ltr'><strong>&#39;secundam</strong></span> 
     </span>
     <span class='ocr_line' id='line_1_38' title="bbox 45 3930 2087 4024; baseline -0.002 -19"><span class='ocrx_word' id='word_1_444' title='bbox 45 3932 400 4021; x_wconf 56' lang='lat' dir='ltr'><strong>,adunaverunt</strong></span> <span class='ocrx_word' id='word_1_445' title='bbox 431 3933 480 4005; x_wconf 85' lang='lat' dir='ltr'><strong>Et</strong></span> <span class='ocrx_word' id='word_1_446' title='bbox 494 3934 762 4024; x_wconf 85' lang='lat' dir='ltr'><strong>diligentissime</strong></span> <span class='ocrx_word' id='word_1_447' title='bbox 778 3937 971 4021; x_wconf 84' lang='lat' dir='ltr'><strong>cogitemus</strong></span> <span class='ocrx_word' id='word_1_448' title='bbox 986 3938 1053 4004; x_wconf 86' lang='lat' dir='ltr'><strong>do·</strong></span> <span class='ocrx_word' id='word_1_449' title='bbox 1105 3934 1280 4020; x_wconf 89' lang='lat' dir='ltr'><strong>tabulam,</strong></span> <span class='ocrx_word' id='word_1_450' title='bbox 1309 3936 1401 4007; x_wconf 84' lang='lat' dir='ltr'><strong>sicut</strong></span> <span class='ocrx_word' id='word_1_451' title='bbox 1424 3930 1483 4005; x_wconf 88' lang='lat' dir='ltr'><strong>hie</strong></span> <span class='ocrx_word' id='word_1_452' title='bbox 1506 3932 1639 4005; x_wconf 85' lang='lat' dir='ltr'><strong>Paulus</strong></span> <span class='ocrx_word' id='word_1_453' title='bbox 1661 3933 1852 4022; x_wconf 86' lang='lat' dir='ltr'><strong>significat,</strong></span> <span class='ocrx_word' id='word_1_454' title='bbox 1881 3933 2087 4002; x_wconf 88' lang='lat' dir='ltr'><strong>coecitatem</strong></span> 
     </span>
     <span class='ocr_line' id='line_1_39' title="bbox 65 4032 2087 4129; baseline -0.003 -22"><span class='ocrx_word' id='word_1_455' title='bbox 65 4035 218 4107; x_wconf 66' lang='lat' dir='ltr'><strong>minam</strong></span> <span class='ocrx_word' id='word_1_456' title='bbox 239 4039 283 4103; x_wconf 89' lang='lat' dir='ltr'><strong>de</strong></span> <span class='ocrx_word' id='word_1_457' title='bbox 301 4037 413 4124; x_wconf 86' lang='lat' dir='ltr'><strong>prima</strong></span> <span class='ocrx_word' id='word_1_458' title='bbox 429 4037 570 4120; x_wconf 89' lang='lat' dir='ltr'><strong>tabula,</strong></span> <span class='ocrx_word' id='word_1_459' title='bbox 596 4037 775 4129; x_wconf 85' lang='lat' dir='ltr'><strong>quomodo</strong></span> <span class='ocrx_word' id='word_1_460' title='bbox 800 4037 884 4106; x_wconf 88' lang='lat' dir='ltr'><strong>velit</strong></span> <span class='ocrx_word' id='word_1_461' title='bbox 909 4037 1053 4125; x_wconf 86' lang='lat' dir='ltr'><strong>agnosci</strong></span> <span class='ocrx_word' id='word_1_462' title='bbox 1103 4059 1253 4127; x_wconf 88' lang='lat' dir='ltr'><strong>poenam</strong></span> <span class='ocrx_word' id='word_1_463' title='bbox 1279 4061 1351 4108; x_wconf 87' lang='lat' dir='ltr'><strong>esse</strong></span> <span class='ocrx_word' id='word_1_464' title='bbox 1372 4035 1579 4127; x_wconf 87' lang='lat' dir='ltr'><strong>impietatis:</strong></span> <span class='ocrx_word' id='word_1_465' title='bbox 1612 4048 1648 4106; x_wconf 93' lang='lat' dir='ltr'><strong>et</strong></span> <span class='ocrx_word' id='word_1_466' title='bbox 1667 4056 1825 4120; x_wconf 83' lang='lat' dir='ltr'><strong>expresse</strong></span> <span class='ocrx_word' id='word_1_467' title='bbox 1857 4034 1975 4126; x_wconf 87' lang='lat' dir='ltr'><strong>inquit</strong></span> <span class='ocrx_word' id='word_1_468' title='bbox 1992 4032 2087 4103; x_wconf 90' lang='lat' dir='ltr'><strong>Pau-</strong></span> 
     </span>
     <span class='ocr_line' id='line_1_40' title="bbox 66 4133 2204 4230; baseline -0.001 -23"><span class='ocrx_word' id='word_1_469' title='bbox 66 4151 102 4207; x_wconf 88' lang='lat' dir='ltr'><strong>et</strong></span> <span class='ocrx_word' id='word_1_470' title='bbox 117 4137 276 4206; x_wconf 82' lang='lat' dir='ltr'><strong>invocari</strong></span> <span class='ocrx_word' id='word_1_471' title='bbox 293 4134 406 4206; x_wconf 89' lang='lat' dir='ltr'><strong>Deus:</strong></span> <span class='ocrx_word' id='word_1_472' title='bbox 434 4136 530 4225; x_wconf 87' lang='lat' dir='ltr'><strong>Quid</strong></span> <span class='ocrx_word' id='word_1_473' title='bbox 551 4138 691 4208; x_wconf 83' lang='lat' dir='ltr'><strong>differat</strong></span> <span class='ocrx_word' id='word_1_474' title='bbox 714 4137 893 4208; x_wconf 87' lang='lat' dir='ltr'><strong>invocatio</strong></span> <span class='ocrx_word' id='word_1_475' title='bbox 911 4133 1051 4207; x_wconf 88' lang='lat' dir='ltr'><strong>ethnica</strong></span> <span class='ocrx_word' id='word_1_476' title='bbox 1103 4137 1160 4207; x_wconf 92' lang='lat' dir='ltr'><strong>lus</strong></span> <span class='ocrx_word' id='word_1_477' title='bbox 1188 4141 1233 4207; x_wconf 89' lang='lat' dir='ltr'><strong>ad</strong></span> <span class='ocrx_word' id='word_1_478' title='bbox 1266 4134 1441 4230; x_wconf 88' lang='lat' dir='ltr'><strong>Ephesios</strong></span> <span class='ocrx_word' id='word_1_479' title='bbox 1469 4140 1643 4217; x_wconf 86' lang='lat' dir='ltr'><strong>secundo,</strong></span> <span class='ocrx_word' id='word_1_480' title='bbox 1684 4134 1878 4205; x_wconf 90' lang='lat' dir='ltr'><strong>Diabolum</strong></span> <span class='ocrx_word' id='word_1_481' title='bbox 1909 4133 2085 4204; x_wconf 85' lang='lat' dir='ltr'><strong>efficacem</strong></span> <span class='ocrx_word' id='word_1_482' title='bbox 2200 4161 2204 4168; x_wconf 93' lang='lat'><strong>·</strong></span> 
     </span>
     <span class='ocr_line' id='line_1_41' title="bbox 67 4233 2085 4332; baseline -0.003 -23"><span class='ocrx_word' id='word_1_483' title='bbox 67 4240 115 4309; x_wconf 83' lang='lat' dir='ltr'><strong>ab</strong></span> <span class='ocrx_word' id='word_1_484' title='bbox 129 4238 356 4309; x_wconf 85' lang='lat' dir='ltr'><strong>invocatione</strong></span> <span class='ocrx_word' id='word_1_485' title='bbox 374 4262 467 4312; x_wconf 86' lang='lat' dir='ltr'><strong>vera.</strong></span> <span class='ocrx_word' id='word_1_486' title='bbox 501 4239 597 4328; x_wconf 88' lang='lat' dir='ltr'><strong>Quid</strong></span> <span class='ocrx_word' id='word_1_487' title='bbox 615 4239 812 4323; x_wconf 88' lang='lat' dir='ltr'><strong>sitTimor,</strong></span> <span class='ocrx_word' id='word_1_488' title='bbox 828 4240 915 4332; x_wconf 88' lang='lat' dir='ltr'><strong>quid</strong></span> <span class='ocrx_word' id='word_1_489' title='bbox 933 4237 1051 4324; x_wconf 87' lang='lat' dir='ltr'><strong>Fides,</strong></span> <span class='ocrx_word' id='word_1_490' title='bbox 1103 4240 1236 4309; x_wconf 87' lang='lat' dir='ltr'><strong>essein</strong></span> <span class='ocrx_word' id='word_1_491' title='bbox 1260 4239 1390 4331; x_wconf 81' lang='lat' dir='ltr'><strong>impiis.</strong></span> <span class='ocrx_word' id='word_1_492' title='bbox 1442 4236 1491 4311; x_wconf 77' lang='lat' dir='ltr'><strong>lit</strong></span> <span class='ocrx_word' id='word_1_493' title='bbox 1513 4240 1558 4307; x_wconf 90' lang='lat' dir='ltr'><strong>de</strong></span> <span class='ocrx_word' id='word_1_494' title='bbox 1584 4238 1668 4307; x_wconf 87' lang='lat' dir='ltr'><strong>luda</strong></span> <span class='ocrx_word' id='word_1_495' title='bbox 1691 4236 1840 4305; x_wconf 83' lang='lat' dir='ltr'><strong>dicitur:</strong></span> <span class='ocrx_word' id='word_1_496' title='bbox 1872 4233 2020 4305; x_wconf 86' lang='lat' dir='ltr'><strong>intravit</strong></span> <span class='ocrx_word' id='word_1_497' title='bbox 2045 4236 2085 4305; x_wconf 90' lang='lat' dir='ltr'><strong>in</strong></span> 
     </span>
     <span class='ocr_line' id='line_1_42' title="bbox 67 4335 2085 4434; baseline -0.001 -25"><span class='ocrx_word' id='word_1_498' title='bbox 67 4338 156 4434; x_wconf 83' lang='lat' dir='ltr'><strong>quid</strong></span> <span class='ocrx_word' id='word_1_499' title='bbox 181 4339 310 4409; x_wconf 82' lang='lat' dir='ltr'><strong>fiducia</strong></span> <span class='ocrx_word' id='word_1_500' title='bbox 332 4342 501 4410; x_wconf 87' lang='lat' dir='ltr'><strong>accedens</strong></span> <span class='ocrx_word' id='word_1_501' title='bbox 530 4343 573 4411; x_wconf 89' lang='lat' dir='ltr'><strong>ad</strong></span> <span class='ocrx_word' id='word_1_502' title='bbox 605 4341 718 4410; x_wconf 89' lang='lat' dir='ltr'><strong>Deum</strong></span> <span class='ocrx_word' id='word_1_503' title='bbox 752 4340 789 4407; x_wconf 92' lang='lat' dir='ltr'><strong>in</strong></span> <span class='ocrx_word' id='word_1_504' title='bbox 816 4341 1051 4425; x_wconf 86' lang='lat' dir='ltr'><strong>invocatione,</strong></span> <span class='ocrx_word' id='word_1_505' title='bbox 1102 4363 1183 4408; x_wconf 91' lang='lat' dir='ltr'><strong>eum</strong></span> <span class='ocrx_word' id='word_1_506' title='bbox 1203 4340 1362 4411; x_wconf 85' lang='lat' dir='ltr'><strong>Satanas.</strong></span> <span class='ocrx_word' id='word_1_507' title='bbox 1411 4340 1514 4411; x_wconf 86' lang='lat' dir='ltr'><strong>item:</strong></span> <span class='ocrx_word' id='word_1_508' title='bbox 1542 4335 1616 4428; x_wconf 86' lang='lat' dir='ltr'><strong>Qui</strong></span> <span class='ocrx_word' id='word_1_509' title='bbox 1631 4336 1713 4408; x_wconf 87' lang='lat' dir='ltr'><strong>lacit</strong></span> <span class='ocrx_word' id='word_1_510' title='bbox 1726 4350 1924 4427; x_wconf 89' lang='lat' dir='ltr'><strong>peccatum,</strong></span> <span class='ocrx_word' id='word_1_511' title='bbox 1949 4360 1990 4406; x_wconf 83' lang='lat' dir='ltr'><strong>ex</strong></span> <span class='ocrx_word' id='word_1_512' title='bbox 2006 4337 2085 4407; x_wconf 89' lang='lat' dir='ltr'><strong>dia-</strong></span> 
     </span>
     <span class='ocr_line' id='line_1_43' title="bbox 64 4431 2085 4535; baseline -0 -26"><span class='ocrx_word' id='word_1_513' title='bbox 64 4442 152 4534; x_wconf 86' lang='lat' dir='ltr'><strong>quid</strong></span> <span class='ocrx_word' id='word_1_514' title='bbox 180 4438 288 4531; x_wconf 87' lang='lat' dir='ltr'><strong>Spes,</strong></span> <span class='ocrx_word' id='word_1_515' title='bbox 323 4442 385 4535; x_wconf 89' lang='lat' dir='ltr'><strong>qui</strong></span> <span class='ocrx_word' id='word_1_516' title='bbox 406 4442 479 4512; x_wconf 91' lang='lat' dir='ltr'><strong>sint</strong></span> <span class='ocrx_word' id='word_1_517' title='bbox 502 4443 578 4511; x_wconf 91' lang='lat' dir='ltr'><strong>veri</strong></span> <span class='ocrx_word' id='word_1_518' title='bbox 602 4443 735 4526; x_wconf 90' lang='lat' dir='ltr'><strong>cultus,</strong></span> <span class='ocrx_word' id='word_1_519' title='bbox 769 4445 950 4533; x_wconf 87' lang='lat' dir='ltr'><strong>quomodo</strong></span> <span class='ocrx_word' id='word_1_520' title='bbox 975 4443 1050 4511; x_wconf 89' lang='lat' dir='ltr'><strong>heri</strong></span> <span class='ocrx_word' id='word_1_521' title='bbox 1103 4442 1265 4514; x_wconf 87' lang='lat' dir='ltr'><strong>holoest.</strong></span> <span class='ocrx_word' id='word_1_522' title='bbox 1314 4440 1554 4525; x_wconf 86' lang='lat' dir='ltr'><strong>Item,Lucae</strong></span> <span class='ocrx_word' id='word_1_523' title='bbox 1574 4441 1648 4511; x_wconf 85' lang='lat'><strong>11.:</strong></span> <span class='ocrx_word' id='word_1_524' title='bbox 1677 4436 1828 4528; x_wconf 86' lang='lat' dir='ltr'><strong>ingrcssi</strong></span> <span class='ocrx_word' id='word_1_525' title='bbox 1844 4431 2006 4509; x_wconf 87' lang='lat' dir='ltr'><strong>habitant</strong></span> <span class='ocrx_word' id='word_1_526' title='bbox 2021 4439 2085 4509; x_wconf 89' lang='lat' dir='ltr'><strong>ibi.</strong></span> 
     </span>
     <span class='ocr_line' id='line_1_44' title="bbox 65 4538 2083 4635; baseline -0.001 -23"><span class='ocrx_word' id='word_1_527' title='bbox 65 4541 222 4634; x_wconf 81' lang='lat' dir='ltr'><strong>possint,</strong></span> <span class='ocrx_word' id='word_1_528' title='bbox 246 4555 281 4612; x_wconf 91' lang='lat' dir='ltr'><strong>et</strong></span> <span class='ocrx_word' id='word_1_529' title='bbox 303 4544 483 4635; x_wconf 88' lang='lat' dir='ltr'><strong>quomodo</strong></span> <span class='ocrx_word' id='word_1_530' title='bbox 501 4544 674 4634; x_wconf 84' lang='lat' dir='ltr'><strong>placeant.</strong></span> <span class='ocrx_word' id='word_1_531' title='bbox 733 4540 829 4612; x_wconf 89' lang='lat' dir='ltr'><strong>Haec</strong></span> <span class='ocrx_word' id='word_1_532' title='bbox 851 4543 970 4612; x_wconf 87' lang='lat' dir='ltr'><strong>onmia</strong></span> <span class='ocrx_word' id='word_1_533' title='bbox 988 4567 1050 4611; x_wconf 88' lang='lat' dir='ltr'><strong>ne·</strong></span> <span class='ocrx_word' id='word_1_534' title='bbox 1101 4540 1179 4611; x_wconf 88' lang='lat' dir='ltr'><strong>Hae</strong></span> <span class='ocrx_word' id='word_1_535' title='bbox 1200 4538 1398 4613; x_wconf 89' lang='lat' dir='ltr'><strong>horrendae</strong></span> <span class='ocrx_word' id='word_1_536' title='bbox 1425 4542 1612 4611; x_wconf 89' lang='lat' dir='ltr'><strong>conciones</strong></span> <span class='ocrx_word' id='word_1_537' title='bbox 1636 4543 1848 4623; x_wconf 84' lang='lat' dir='ltr'><strong>ostendunt,</strong></span> <span class='ocrx_word' id='word_1_538' title='bbox 1881 4554 2012 4633; x_wconf 87' lang='lat' dir='ltr'><strong>quauta</strong></span> <span class='ocrx_word' id='word_1_539' title='bbox 2037 4543 2083 4611; x_wconf 91' lang='lat' dir='ltr'><strong>sit</strong></span> 
     </span>
     <span class='ocr_line' id='line_1_45' title="bbox 64 4639 2082 4738; baseline -0.002 -25"><span class='ocrx_word' id='word_1_540' title='bbox 64 4665 161 4713; x_wconf 83' lang='lat' dir='ltr'><strong>cesse</strong></span> <span class='ocrx_word' id='word_1_541' title='bbox 183 4658 233 4712; x_wconf 84' lang='lat' dir='ltr'><strong>est</strong></span> <span class='ocrx_word' id='word_1_542' title='bbox 260 4644 465 4734; x_wconf 88' lang='lat' dir='ltr'><strong>complecti,</strong></span> <span class='ocrx_word' id='word_1_543' title='bbox 490 4658 530 4714; x_wconf 92' lang='lat' dir='ltr'><strong>ut</strong></span> <span class='ocrx_word' id='word_1_544' title='bbox 548 4646 786 4734; x_wconf 87' lang='lat' dir='ltr'><strong>intelligatur,</strong></span> <span class='ocrx_word' id='word_1_545' title='bbox 813 4647 897 4738; x_wconf 82' lang='lat' dir='ltr'><strong>quid</strong></span> <span class='ocrx_word' id='word_1_546' title='bbox 916 4645 961 4712; x_wconf 91' lang='lat' dir='ltr'><strong>sit</strong></span> <span class='ocrx_word' id='word_1_547' title='bbox 975 4646 1050 4733; x_wconf 88' lang='lat' dir='ltr'><strong>glo·</strong></span> <span class='ocrx_word' id='word_1_548' title='bbox 1102 4645 1242 4712; x_wconf 88' lang='lat' dir='ltr'><strong>miseria</strong></span> <span class='ocrx_word' id='word_1_549' title='bbox 1259 4639 1436 4733; x_wconf 84' lang='lat' dir='ltr'><strong>hominis,</strong></span> <span class='ocrx_word' id='word_1_550' title='bbox 1462 4643 1524 4733; x_wconf 89' lang='lat' dir='ltr'><strong>qui</strong></span> <span class='ocrx_word' id='word_1_551' title='bbox 1539 4640 1681 4711; x_wconf 85' lang='lat' dir='ltr'><strong>estsine</strong></span> <span class='ocrx_word' id='word_1_552' title='bbox 1698 4639 1934 4733; x_wconf 86' lang='lat' dir='ltr'><strong>poenitentia,</strong></span> <span class='ocrx_word' id='word_1_553' title='bbox 1957 4657 1990 4710; x_wconf 89' lang='lat' dir='ltr'><strong>et</strong></span> <span class='ocrx_word' id='word_1_554' title='bbox 2006 4642 2082 4710; x_wconf 90' lang='lat' dir='ltr'><strong>sine</strong></span> 
     </span>
     <span class='ocr_line' id='line_1_46' title="bbox 61 4742 2081 4834; baseline -0.002 -19"><span class='ocrx_word' id='word_1_555' title='bbox 61 4744 204 4815; x_wconf 79' lang='lat' dir='ltr'><strong>silicara</strong></span> <span class='ocrx_word' id='word_1_556' title='bbox 217 4745 351 4818; x_wconf 89' lang='lat' dir='ltr'><strong>Deum.</strong></span> <span class='ocrx_word' id='word_1_557' title='bbox 404 4742 467 4827; x_wconf 78' lang='lat' dir='ltr'><strong>Est</strong></span> <span class='ocrx_word' id='word_1_558' title='bbox 490 4746 585 4814; x_wconf 90' lang='lat' dir='ltr'><strong>enim</strong></span> <span class='ocrx_word' id='word_1_559' title='bbox 609 4746 820 4834; x_wconf 87' lang='lat' dir='ltr'><strong>glorificare,</strong></span> <span class='ocrx_word' id='word_1_560' title='bbox 845 4747 1001 4815; x_wconf 88' lang='lat' dir='ltr'><strong>tribuere</strong></span> <span class='ocrx_word' id='word_1_561' title='bbox 1019 4745 1050 4814; x_wconf 90' lang='lat' dir='ltr'><strong>ei</strong></span> <span class='ocrx_word' id='word_1_562' title='bbox 1101 4745 1325 4815; x_wconf 87' lang='lat' dir='ltr'><strong>invocatione</strong></span> <span class='ocrx_word' id='word_1_563' title='bbox 1340 4743 1425 4826; x_wconf 88' lang='lat' dir='ltr'><strong>Dei,</strong></span> <span class='ocrx_word' id='word_1_564' title='bbox 1446 4743 1515 4815; x_wconf 84' lang='lat' dir='ltr'><strong>llic</strong></span> <span class='ocrx_word' id='word_1_565' title='bbox 1529 4758 1564 4815; x_wconf 92' lang='lat' dir='ltr'><strong>et</strong></span> <span class='ocrx_word' id='word_1_566' title='bbox 1578 4765 1640 4814; x_wconf 89' lang='lat' dir='ltr'><strong>sua</strong></span> <span class='ocrx_word' id='word_1_567' title='bbox 1657 4742 1861 4813; x_wconf 80' lang='lat' dir='ltr'><strong>infirmitate</strong></span> <span class='ocrx_word' id='word_1_568' title='bbox 1876 4743 1947 4812; x_wconf 89' lang='lat' dir='ltr'><strong>ruit</strong></span> <span class='ocrx_word' id='word_1_569' title='bbox 1966 4743 2004 4810; x_wconf 90' lang='lat' dir='ltr'><strong>in</strong></span> <span class='ocrx_word' id='word_1_570' title='bbox 2020 4766 2081 4810; x_wconf 88' lang='lat' dir='ltr'><strong>va·</strong></span> 
     </span>
     <span class='ocr_line' id='line_1_47' title="bbox 63 4844 2082 4940; baseline -0.003 -23"><span class='ocrx_word' id='word_1_571' title='bbox 63 4845 240 4937; x_wconf 78' lang='lat' dir='ltr'><strong>gloriam,</strong></span> <span class='ocrx_word' id='word_1_572' title='bbox 266 4847 303 4915; x_wconf 91' lang='lat' dir='ltr'><strong>id</strong></span> <span class='ocrx_word' id='word_1_573' title='bbox 327 4861 400 4932; x_wconf 90' lang='lat' dir='ltr'><strong>est,</strong></span> <span class='ocrx_word' id='word_1_574' title='bbox 424 4870 612 4937; x_wconf 88' lang='lat' dir='ltr'><strong>agnoscere</strong></span> <span class='ocrx_word' id='word_1_575' title='bbox 636 4863 670 4917; x_wconf 92' lang='lat' dir='ltr'><strong>et</strong></span> <span class='ocrx_word' id='word_1_576' title='bbox 691 4848 815 4933; x_wconf 86' lang='lat' dir='ltr'><strong>fateri,</strong></span> <span class='ocrx_word' id='word_1_577' title='bbox 848 4851 943 4940; x_wconf 91' lang='lat' dir='ltr'><strong>quod</strong></span> <span class='ocrx_word' id='word_1_578' title='bbox 968 4871 1050 4915; x_wconf 84' lang='lat' dir='ltr'><strong>vere</strong></span> <span class='ocrx_word' id='word_1_579' title='bbox 1101 4846 1153 4914; x_wconf 90' lang='lat' dir='ltr'><strong>ria</strong></span> <span class='ocrx_word' id='word_1_580' title='bbox 1178 4846 1304 4916; x_wconf 90' lang='lat' dir='ltr'><strong>delicta</strong></span> <span class='ocrx_word' id='word_1_581' title='bbox 1327 4862 1489 4930; x_wconf 84' lang='lat' dir='ltr'><strong>externa,</strong></span> <span class='ocrx_word' id='word_1_582' title='bbox 1523 4859 1559 4917; x_wconf 86' lang='lat' dir='ltr'><strong>ct</strong></span> <span class='ocrx_word' id='word_1_583' title='bbox 1590 4844 1777 4916; x_wconf 85' lang='lat' dir='ltr'><strong>adiabolo</strong></span> <span class='ocrx_word' id='word_1_584' title='bbox 1800 4844 2015 4933; x_wconf 87' lang='lat' dir='ltr'><strong>impellitur,</strong></span> <span class='ocrx_word' id='word_1_585' title='bbox 2041 4854 2082 4913; x_wconf 89' lang='lat' dir='ltr'><strong>ut</strong></span> 
     </span>
     <span class='ocr_line' id='line_1_48' title="bbox 63 4944 2079 5040; baseline -0.004 -21"><span class='ocrx_word' id='word_1_586' title='bbox 63 4948 111 5019; x_wconf 82' lang='lat' dir='ltr'><strong>sit</strong></span> <span class='ocrx_word' id='word_1_587' title='bbox 125 4944 249 5033; x_wconf 80' lang='lat' dir='ltr'><strong>Deus,</strong></span> <span class='ocrx_word' id='word_1_588' title='bbox 273 4948 435 5040; x_wconf 87' lang='lat' dir='ltr'><strong>sapiens,</strong></span> <span class='ocrx_word' id='word_1_589' title='bbox 462 4973 583 5030; x_wconf 86' lang='lat' dir='ltr'><strong>verax,</strong></span> <span class='ocrx_word' id='word_1_590' title='bbox 609 4951 742 5029; x_wconf 93' lang='lat' dir='ltr'><strong>bouus,</strong></span> <span class='ocrx_word' id='word_1_591' title='bbox 769 4948 903 5036; x_wconf 87' lang='lat' dir='ltr'><strong>iustus,</strong></span> <span class='ocrx_word' id='word_1_592' title='bbox 925 4962 1050 5031; x_wconf 90' lang='lat' dir='ltr'><strong>castus,</strong></span> <span class='ocrx_word' id='word_1_593' title='bbox 1100 4947 1210 5017; x_wconf 89' lang='lat' dir='ltr'><strong>multa</strong></span> <span class='ocrx_word' id='word_1_594' title='bbox 1231 4961 1371 5019; x_wconf 84' lang='lat' dir='ltr'><strong>moveat</strong></span> <span class='ocrx_word' id='word_1_595' title='bbox 1390 4948 1587 5040; x_wconf 84' lang='lat' dir='ltr'><strong>perniciosa</strong></span> <span class='ocrx_word' id='word_1_596' title='bbox 1609 4946 1741 5020; x_wconf 89' lang='lat' dir='ltr'><strong>multis.</strong></span> <span class='ocrx_word' id='word_1_597' title='bbox 1802 4944 1851 5018; x_wconf 93' lang='lat' dir='ltr'><strong>Ut</strong></span> <span class='ocrx_word' id='word_1_598' title='bbox 1876 4968 2079 5036; x_wconf 87' lang='lat' dir='ltr'><strong>quanquam</strong></span> 
     </span>
     <span class='ocr_line' id='line_1_49' title="bbox 19 5042 2080 5140; baseline -0.003 -21"><span class='ocrx_word' id='word_1_599' title='bbox 19 5062 33 5097; x_wconf 66' lang='grc' dir='ltr'>ι</span> <span class='ocrx_word' id='word_1_600' title='bbox 63 5049 180 5135; x_wconf 85' lang='lat' dir='ltr'><strong>liber,</strong></span> <span class='ocrx_word' id='word_1_601' title='bbox 211 5051 460 5140; x_wconf 87' lang='lat' dir='ltr'><strong>omnipotens,</strong></span> <span class='ocrx_word' id='word_1_602' title='bbox 492 5051 656 5122; x_wconf 88' lang='lat' dir='ltr'><strong>conditor</strong></span> <span class='ocrx_word' id='word_1_603' title='bbox 679 5051 825 5133; x_wconf 90' lang='lat' dir='ltr'><strong>mundi,</strong></span> <span class='ocrx_word' id='word_1_604' title='bbox 860 5075 933 5117; x_wconf 90' lang='lat' dir='ltr'><strong>non</strong></span> <span class='ocrx_word' id='word_1_605' title='bbox 956 5051 1049 5118; x_wconf 89' lang='lat' dir='ltr'><strong>otio·</strong></span> <span class='ocrx_word' id='word_1_606' title='bbox 1099 5047 1169 5118; x_wconf 80' lang='lat' dir='ltr'><strong>tuit</strong></span> <span class='ocrx_word' id='word_1_607' title='bbox 1192 5072 1359 5136; x_wconf 87' lang='lat' dir='ltr'><strong>magnum</strong></span> <span class='ocrx_word' id='word_1_608' title='bbox 1384 5050 1587 5140; x_wconf 87' lang='lat' dir='ltr'><strong>ingenium,</strong></span> <span class='ocrx_word' id='word_1_609' title='bbox 1613 5069 1738 5137; x_wconf 85' lang='lat' dir='ltr'><strong>magna</strong></span> <span class='ocrx_word' id='word_1_610' title='bbox 1761 5046 1932 5137; x_wconf 86' lang='lat' dir='ltr'><strong>sapientia</strong></span> <span class='ocrx_word' id='word_1_611' title='bbox 1955 5059 1988 5113; x_wconf 87' lang='lat' dir='ltr'><strong>et</strong></span> <span class='ocrx_word' id='word_1_612' title='bbox 2006 5042 2080 5112; x_wconf 75' lang='grc' dir='ltr'>εἰε-</span> 
     </span>
     <span class='ocr_line' id='line_1_50' title="bbox 60 5142 2079 5243; baseline -0.004 -23"><span class='ocrx_word' id='word_1_613' title='bbox 60 5171 143 5234; x_wconf 88' lang='lat' dir='ltr'><strong>sns,</strong></span> <span class='ocrx_word' id='word_1_614' title='bbox 167 5149 321 5242; x_wconf 86' lang='lat' dir='ltr'><strong>puniens</strong></span> <span class='ocrx_word' id='word_1_615' title='bbox 336 5151 483 5243; x_wconf 86' lang='lat' dir='ltr'><strong>impios,</strong></span> <span class='ocrx_word' id='word_1_616' title='bbox 509 5168 542 5222; x_wconf 92' lang='lat' dir='ltr'><strong>et</strong></span> <span class='ocrx_word' id='word_1_617' title='bbox 566 5152 757 5220; x_wconf 88' lang='lat' dir='ltr'><strong>exaudiens</strong></span> <span class='ocrx_word' id='word_1_618' title='bbox 777 5175 818 5220; x_wconf 87' lang='lat' dir='ltr'><strong>ac</strong></span> <span class='ocrx_word' id='word_1_619' title='bbox 833 5152 960 5219; x_wconf 86' lang='lat' dir='ltr'><strong>iuvans</strong></span> <span class='ocrx_word' id='word_1_620' title='bbox 979 5172 1049 5234; x_wconf 89' lang='lat' dir='ltr'><strong>eos,</strong></span> <span class='ocrx_word' id='word_1_621' title='bbox 1100 5163 1159 5217; x_wconf 87' lang='lat' dir='ltr'><strong>tns</strong></span> <span class='ocrx_word' id='word_1_622' title='bbox 1180 5149 1219 5218; x_wconf 90' lang='lat' dir='ltr'><strong>in</strong></span> <span class='ocrx_word' id='word_1_623' title='bbox 1233 5149 1357 5235; x_wconf 87' lang='lat' dir='ltr'><strong>Saule,</strong></span> <span class='ocrx_word' id='word_1_624' title='bbox 1383 5150 1534 5237; x_wconf 86' lang='lat' dir='ltr'><strong>Pericle,</strong></span> <span class='ocrx_word' id='word_1_625' title='bbox 1559 5146 1767 5231; x_wconf 79' lang='lat' dir='ltr'><strong>Alcibiade,</strong></span> <span class='ocrx_word' id='word_1_626' title='bbox 1790 5145 1948 5229; x_wconf 85' lang='lat' dir='ltr'><strong>Catone,</strong></span> <span class='ocrx_word' id='word_1_627' title='bbox 1975 5142 2079 5225; x_wconf 89' lang='lat' dir='ltr'><strong>lulio,</strong></span> 
     </span>
     <span class='ocr_line' id='line_1_51' title="bbox 63 5246 2080 5344; baseline -0.001 -25"><span class='ocrx_word' id='word_1_628' title='bbox 63 5252 128 5344; x_wconf 78' lang='lat' dir='ltr'><strong>qsri</strong></span> <span class='ocrx_word' id='word_1_629' title='bbox 151 5255 196 5320; x_wconf 88' lang='lat' dir='ltr'><strong>ad</strong></span> <span class='ocrx_word' id='word_1_630' title='bbox 223 5253 451 5324; x_wconf 87' lang='lat' dir='ltr'><strong>mediatorem</strong></span> <span class='ocrx_word' id='word_1_631' title='bbox 474 5254 694 5342; x_wconf 78' lang='lat' dir='ltr'><strong>confugiunt.</strong></span> <span class='ocrx_word' id='word_1_632' title='bbox 758 5247 806 5320; x_wconf 82' lang='lat' dir='ltr'><strong>Et</strong></span> <span class='ocrx_word' id='word_1_633' title='bbox 829 5276 908 5320; x_wconf 88' lang='lat' dir='ltr'><strong>cum</strong></span> <span class='ocrx_word' id='word_1_634' title='bbox 931 5251 980 5320; x_wconf 90' lang='lat' dir='ltr'><strong>sic</strong></span> <span class='ocrx_word' id='word_1_635' title='bbox 1004 5254 1048 5320; x_wconf 89' lang='lat' dir='ltr'><strong>de</strong></span> <span class='ocrx_word' id='word_1_636' title='bbox 1100 5246 1212 5321; x_wconf 90' lang='lat' dir='ltr'><strong>Bruto</strong></span> <span class='ocrx_word' id='word_1_637' title='bbox 1228 5263 1261 5322; x_wconf 87' lang='lat' dir='ltr'><strong>ct</strong></span> <span class='ocrx_word' id='word_1_638' title='bbox 1275 5252 1355 5321; x_wconf 90' lang='lat' dir='ltr'><strong>aliis</strong></span> <span class='ocrx_word' id='word_1_639' title='bbox 1367 5249 1705 5326; x_wconf 84' lang='lat' dir='ltr'><strong>innumerabilibus:</strong></span> <span class='ocrx_word' id='word_1_640' title='bbox 1733 5262 1851 5321; x_wconf 86' lang='lat' dir='ltr'><strong>tamen</strong></span> <span class='ocrx_word' id='word_1_641' title='bbox 1876 5259 1909 5316; x_wconf 90' lang='lat' dir='ltr'><strong>et</strong></span> <span class='ocrx_word' id='word_1_642' title='bbox 1932 5246 2080 5316; x_wconf 84' lang='lat' dir='ltr'><strong>manile·</strong></span> 
     </span>
    </p>
   </div>
   <div class='ocr_carea' id='block_1_5' title="bbox 110 5347 1650 5455">
    <p class='ocr_par' dir='ltr' id='par_1_8' title="bbox 110 5347 1650 5455">
     <span class='ocr_line' id='line_1_52' title="bbox 110 5347 1650 5455; baseline -0.001 -32"><span class='ocrx_word' id='word_1_643' title='bbox 110 5356 292 5424; x_wconf 69' lang='lat' dir='ltr'><strong>itlrsarrm</strong></span> <span class='ocrx_word' id='word_1_644' title='bbox 310 5357 415 5425; x_wconf 79' lang='lat' dir='ltr'><strong>ona.</strong></span> <span class='ocrx_word' id='word_1_645' title='bbox 429 5352 528 5455; x_wconf 35' lang='lat' dir='ltr'><strong>‚Van</strong></span> <span class='ocrx_word' id='word_1_646' title='bbox 544 5358 625 5431; x_wconf 83' lang='lat' dir='ltr'><strong>XV.</strong></span> <span class='ocrx_word' id='word_1_647' title='bbox 1597 5347 1650 5423; x_wconf 76' lang='lat'><strong>5³</strong></span> 
     </span>
    </p>
   </div>
   <div class='ocr_carea' id='block_1_6' title="bbox 332 2576 796 2656">
    <p class='ocr_par' dir='ltr' id='par_1_9' title="bbox 332 2576 796 2656">
     <span class='ocr_line' id='line_1_53' title="bbox 332 2576 796 2656; baseline 0.006 -5"><span class='ocrx_word' id='word_1_648' title='bbox 332 2576 386 2652; x_wconf 86' lang='lat' dir='ltr'><strong>Ut</strong></span> <span class='ocrx_word' id='word_1_649' title='bbox 409 2579 486 2650; x_wconf 85' lang='lat' dir='ltr'><strong>sint</strong></span> <span class='ocrx_word' id='word_1_650' title='bbox 510 2578 796 2656; x_wconf 76' lang='lat' dir='ltr'><strong>inexcusabiles.</strong></span> 
     </span>
    </p>
   </div>
   <div class='ocr_carea' id='block_1_7' title="bbox 344 3486 770 3588">
    <p class='ocr_par' dir='ltr' id='par_1_10' title="bbox 344 3486 770 3588">
     <span class='ocr_line' id='line_1_54' title="bbox 344 3486 770 3588; baseline -0.005 -23"><span class='ocrx_word' id='word_1_651' title='bbox 344 3486 435 3565; x_wconf 87' lang='lat' dir='ltr'><strong>Non</strong></span> <span class='ocrx_word' id='word_1_652' title='bbox 456 3489 770 3588; x_wconf 79' lang='lat' dir='ltr'><strong>glorificaverunt.</strong></span> 
     </span>
    </p>
   </div>
   <div class='ocr_carea' id='block_1_8' title="bbox 0 0 2266 5780">
    <p class='ocr_par' dir='ltr' id='par_1_11' title="bbox 0 0 2266 5780">
     <span class='ocr_line' id='line_1_55' title="bbox 0 0 2266 5780; baseline 0 0"><span class='ocrx_word' id='word_1_653' title='bbox 0 0 2266 5780; x_wconf 95' lang='lat' dir='ltr'><strong> </strong></span> 
     </span>
    </p>
   </div>
  </div>
 </body>
</html>
