4522 5782
88 184 194 279 scat
318 184 419 263 xrn.
472 186 508 261 a
534 178 844 277 autumno
858 182 1025 309 celse,
1040 179 1247 281 clitonis
1264 179 1341 287 ,ln
1367 162 1706 285 ramosarum
1748 165 1951 264 canis
2029 158 2141 267 uss

107 355 246 466 Quo,-
274 355 516 465 Accepere
657 384 662 393 ·
910 392 913 397 ·
959 442 961 448 ,
1079 349 1118 454 Ι
1136 382 1175 427 ea
1198 358 1400 429 testimonia
1422 357 1551 456 tradita
1572 360 1663 431 rint:
1691 373 1724 430 et
1747 363 1786 433 lit
1805 361 1940 433 mentio
1963 364 2123 434 muneris

88 438 228 525 Μὴ
243 462 514 547 Mttmtwttffl·
704 513 708 517 -
905 524 909 533 ,
1134 461 1337 552 apostolici,
1365 476 1404 530 ut
1424 462 1575 531 sciamus
1596 465 1811 534 credendum
1835 489 1907 533 esse
1923 465 2034 555 ipsius
2055 467 2120 535 do·

137 559 210 642 ⁵1ss
286 543 346 643 17'.

140 766 205 848 ca.
281 716 355 853 to.¹

330 1535 341 1562 .
443 1481 565 1555 Rediit
583 1481 621 1550 in
639 1475 780 1563 Asiam,
808 1494 936 1552 etcum
954 1481 1076 1552 suisset

445 539 615 664 synodus
632 542 868 658 lerosolymae
883 563 1082 649 cuiPauluc
1134 564 1287 657 urinae,
1313 578 1481 656 tanquam
1498 564 1576 632 voci
1591 560 1659 634 Dei
1675 566 1720 635 de
1736 568 1833 637 coelo
1850 567 2002 651 sonanti,
2028 569 2120 639 sicut

500 667 680 752 interfuit,
706 665 890 742 Acto.15.
940 732 945 743 ,
1134 665 1207 755 ipse
1232 665 1350 760 inquit
1374 666 1419 735 ad
1445 661 1607 751 Galatas,
1639 689 1675 735 se
1699 668 1897 740 doctrinam
1921 693 1994 738 non
2019 694 2118 740 acce·
2243 659 2249 670 ,

442 769 566 846 Rediit
594 768 630 836 in
655 766 817 840 leonium
849 783 883 839 et
903 766 1079 863 Lystram,
1133 766 1224 859 pisse
1248 770 1294 839 ab
1323 763 1548 852 hominihus,
1590 781 1623 837 et
1646 771 1691 837 de
1714 792 1777 841 sua
1799 772 1982 842 vocatione
2006 773 2118 843 multa

503 871 567 944 ubi
584 865 814 942 Timotheum
830 870 899 942 sibi
916 872 1080 944 adiunxit
1132 870 1238 955 dicit,
1278 883 1319 941 ut
1344 871 1569 940 autoritatem
1593 892 1686 940 ‘suae
1714 873 1897 944 doctrinae
1922 875 2118 948 confirmet.

386 999 390 1007 ·
499 988 534 1046 et
550 973 687 1045 traiecit
699 971 1005 1060 inMacedoniam.
1029 969 1079 1044 Et
1130 967 1178 1041 Et
1203 974 1348 1063 prodest
1378 973 1639 1042 commonelieri
1663 974 1820 1045 iuniores
1844 977 1888 1044 de
1911 976 2118 1045 discrimine

496 1071 749 1154 fuitCorinthi,
766 1077 828 1144 ubi
839 1072 1077 1168 scripsitEpi-
1130 1069 1410 1165 Prophetarum,
1443 1072 1716 1166 Apostolorum,
1751 1091 1786 1149 et
1809 1078 1960 1148 aliorum
1986 1079 2119 1149 docen-

497 1178 623 1250 stolam
638 1179 682 1246 ad
701 1175 897 1253 Romanos.
1130 1175 1234 1247 tium.

1231 1309 1433 1404 Prophetae
1461 1315 1626 1399 luerunt,
1675 1313 1736 1406 qui
1762 1314 1965 1386 immediate
1990 1339 2010 1384 a
2036 1315 2116 1386 Deo

1130 1417 1246 1485 vocati
1262 1429 1346 1486 sunt
1363 1417 1406 1484 ad
1424 1417 1636 1496 docendum,
1653 1429 1686 1486 et
1704 1416 1747 1508 ad
1764 1416 2012 1486 illustrandam
2032 1442 2117 1507 pro-

499 1586 535 1654 b,
613 1585 621 1601 ‚
681 1578 812 1654 Eh,
884 1583 930 1654 Ὗ,
1010 1579 1033 1653 h
1129 1516 1333 1587 missionem
1356 1516 1566 1598 deMessio,
1601 1520 1695 1589 etad
1718 1517 1835 1610 aliqua
1855 1519 2002 1589 consilia
2025 1519 2148 1608 poli„

495 1609 646 1756 E¹e¹¹¹¹¹¹9
715 1608 838 1756 Pbefh
919 1602 1006 1655 “¹¹⁰¹
1036 1607 1075 1654 ²⁰
1130 1620 1216 1709 tica,
1243 1633 1277 1690 et
1300 1615 1434 1689 hahent
1455 1620 1656 1691 testimonia
1678 1619 1818 1704 divina,
1845 1624 1940 1714 quud
1961 1645 2034 1689 non
2060 1645 2117 1690 er-

495 1709 689 1858 dgitefflm
729 1709 748 1754 ³
777 1709 852 1755 ¹²⁰⁸
893 1710 1075 1756 ‘mmm'
1129 1737 1208 1791 rent
1241 1723 1278 1790 in
1309 1722 1493 1808 doctrina,
1531 1722 1695 1792 videlicet
1723 1722 1897 1812 quaedam
1926 1722 2118 1815 peculiaria

595 1839 604 1856 ·
1130 1823 1310 1897 miracula.

331 1936 344 1963 0
445 1887 570 1963 Rediit
585 1891 623 1958 in
639 1884 850 1983 Phrygiam,
866 1888 928 1958 uhi
943 1888 1075 1959 Laodi-

505 2017 585 2062 ceae
609 1992 746 2078 scripsit
765 1992 914 2081 primam
932 1989 1075 2084 Episro.
1232 1974 1396 2065 Apostoli
1419 1975 1585 2060 luerunt„
1619 1975 1681 2068 qui
1704 1973 1947 2045 immediatea
1972 1973 2116 2047 Christo
2159 1963 2163 1968 ⁵

501 2095 572 2162 lam
588 2096 630 2163 ad
648 2088 889 2166 Timotheum,
1129 2079 1244 2149 vocati
1269 2090 1353 2147 sunt
1378 2077 1421 2146 ad
1446 2078 1647 2148 docendum
1670 2076 1929 2164 Evangelium,
1974 2103 2047 2147 uon
2070 2081 2114 2148 ad

329 2243 339 2268 .
441 2192 566 2267 Rediit
594 2195 726 2266 Paulus
756 2196 795 2262 in
827 2193 1074 2264 Macedoniam
1129 2180 1423 2270 gubernationem
1451 2178 1649 2269 politicam,
1694 2194 1729 2251 et
1755 2173 1888 2248 hahent
1915 2179 2116 2264 testimonia

139 3217 203 3294 69.
335 3272 341 3286 .

139 3325 201 3396 60.
330 3374 339 3396 .

140 3629 202 3704 61.
333 3675 343 3697 .

138 3731 204 3807 62.
334 3781 344 3805 .

136 4039 204 4111 66.
335 4088 344 4110 .

136 4137 201 4216 64.
331 4184 342 4207 .

138 4237 203 4317 65.
333 4291 344 4314 .

136 4346 203 4420 66.
332 4393 341 4412 .

139 4446 205 4523 67.
331 4496 341 4517 .

139 4550 206 4627 68.
286 4546 348 4619 st.

139 4652 205 4728 69.
282 4644 344 4719 66.

140 4857 205 4927 70.
283 4853 346 4927 66.

495 2299 782 2395 princperagrara
792 2292 943 2392 Phrygia
953 2296 1076 2366 erfini.
1129 2283 1271 2369 divina,
1298 2282 1394 2373 qnod
1414 2304 1487 2349 non
1509 2296 1628 2353 errent
1650 2283 1688 2351 in
1706 2280 1884 2361 doctrina,
1912 2294 1945 2349 et
1969 2295 2117 2372 possunt

494 2404 561 2469 bus
579 2398 809 2491 Galatarum,
843 2422 994 2491 cumque
1016 2423 1076 2465 ve·
1129 2385 1290 2477 quolibet
1313 2385 1391 2453 loco
1411 2383 1549 2457 docere.

496 2498 1077 2589 nissetiuMacedoniam,scripsit
1510 2488 1512 2493 ¹

496 2604 534 2671 in
546 2598 721 2692 Philippis
736 2598 1078 2695 utramquellpisto-

495 2707 566 2777 tam
585 2708 627 2773 ad
646 2699 853 2774 Corinthios
873 2728 947 2774 non
970 2703 1076 2791 longo

495 2807 696 2879 intervallo.
751 2804 874 2874 Postea
902 2805 1009 2875 rediit
1039 2805 1077 2871 in

1230 2535 1399 2630 Episcopi
1416 2548 1448 2605 et
1463 2535 1525 2604 alii
1538 2535 1713 2605 Doctores
1730 2547 1814 2604 sunt
1834 2534 1986 2607 mediate
2003 2533 2117 2603 vocati

1130 2666 1150 2712 a
1168 2638 1245 2711 Deo
1262 2639 1432 2710 electione
1447 2633 1622 2717 humana',
1645 2653 1679 2710 et
1695 2660 1821 2706 sonare
1837 2639 1968 2707 debent
1983 2635 2116 2714 ductri-

1131 2768 1214 2812 naru
1231 2744 1276 2811 ab
1292 2738 1474 2832 Apostolis
1490 2753 1665 2831 acceptam
1683 2739 1760 2808 sine
1775 2738 1893 2830 aliqua
1909 2737 2118 2819 mutatione,

818 2907 826 2923 .
951 2906 959 2923 .
1130 2871 1210 2916 curn
1227 2869 1310 2912 vero
1329 2854 1483 2920 mutant,
1500 2855 1638 2925 errant,
1653 2856 1693 2909 ut
1716 2863 1815 2929 saepe
1833 2841 1881 2923 fit,
1898 2842 1977 2907 ideo
1996 2862 2116 2908 carum

501 3012 510 3028 .
610 3009 619 3027 .
682 2933 721 2977 ³⁰
744 2921 842 2975 Μή
867 2905 1078 3023 Myl¹l⁸¹¹⁰⁰’
1131 2946 1292 3016 doctrina
1307 2945 1495 3013 iudicanda
1512 2957 1562 3012 est
1577 2967 1617 3011 ex
1632 2939 2118 3031 testimoniisApostolorum.

499 3025 584 3181 Ἄθω
607 3033 646 3077 ¹¹¹
668 3007 812 3080 samum
837 3026 871 3079 ‘l
894 3008 1078 3089 M¹l⁰l¹¹¹¹¹’
1130 3047 1228 3119 Haec
1245 3071 1389 3116 monere
1406 3045 1509 3113 initio
1525 3048 1569 3112 de
1588 3043 1691 3113 titulo
1714 3066 1854 3112 necesse
1877 3056 1945 3124 est,
1973 3066 2016 3109 nc
2039 3042 2118 3133 quis

535 3124 601 3185 αθ·
617 3112 678 3183 2⁰⁰
1133 3165 1230 3242 putet
1249 3171 1381 3219 nomen
1404 3142 1569 3235 Apostoli
1590 3145 1702 3214 otiose
1724 3145 1882 3213 additum
1909 3166 1996 3211 esse:
2037 3144 2118 3210 ideo

1132 3255 1262 3323 diserte
1279 3250 1377 3320 addit
1396 3247 1548 3332 Paulus,
1575 3271 1611 3316 se
1627 3269 1700 3314 esse
1718 3244 1929 3336 Apostolum
1950 3246 2117 3313 mandato

1132 3357 1256 3425 divino
1274 3355 1432 3421 missum.
1474 3349 1574 3422 Sicut
1591 3363 1707 3417 autem
1726 3347 1794 3438 ipsi
1816 3346 2050 3415 necessarium
2067 3360 2119 3414 est

497 3429 964 3539 ql¹⁰⁰umv⁰¹¹¹l⁰³piluffl
976 3416 1078 3483 bm'
1132 3460 1278 3541 docere,
1302 3455 1350 3524 ita
1367 3453 1472 3524 nobis
1489 3451 1684 3522 necessario
1704 3452 1908 3519 mandatum
1926 3459 1978 3520 est
1995 3443 2119 3518 audire

495 3518 736 3592 nroCesareae
752 3532 912 3609 captivus
928 3530 1078 3587 tenetur.
1133 3555 1224 3629 hanc
1244 3555 1455 3630 dominam·

501 2910 642 2986 Asiam,

443 3315 666 3389 Postremum
680 3316 748 3386 iter
760 3315 803 3383 ad
812 3310 1077 3407 lerosolymam,

447 3723 631 3797 Remiscus
661 3720 829 3796 Romam.
892 3720 962 3792 Sed
994 3735 1079 3792 tunc

501 3827 672 3916 liberatus
694 3838 743 3892 est
773 3847 834 3894 ore
858 3824 990 3910 leonis,
1039 3838 1080 3894 ut

499 3931 534 4000 2.
554 3921 714 4000 Timoth.
732 3922 769 3998 4.
784 3938 915 3996 narrat.

1199 3781 1253 3852 Nc
1270 3772 1353 3846 alia
1369 3769 1538 3854 doceant,
1570 3778 1601 3841 ct
1617 3793 1661 3841 nc
1674 3762 1870 3840 attendant
1884 3761 2052 3866 sabulis.

1134 4066 1302 4148 Ecclesia,
1322 4091 1367 4136 ne
1383 4065 1511 4136 omissa
1529 4061 1689 4131 doctrina
1707 4059 1880 4129 divinitus
1898 4055 2024 4125 tradita
2037 4076 2122 4148 pro·

1136 4184 1315 4265 ponantur
1331 4169 1420 4239 aliae
1435 4166 1627 4236 doctrinae.
1673 4160 1761 4232 ltem
1778 4184 1823 4230 ne
1838 4159 1996 4229 curiosae
2014 4176 2122 4249 quae·

1135 4277 1267 4344 stiones
1290 4272 1467 4361 agitentur
1487 4266 1627 4336 omissis
1649 4266 1756 4335 rebus
1778 4259 2002 4344 necessariis,
2038 4255 2122 4350 quia

1137 4374 1293 4447 Ecclesia
1323 4373 1464 4460 alligata
1488 4382 1542 4438 est
1571 4368 1616 4435 ad
1643 4368 1938 4448 fundamentum,
1971 4374 2012 4430 ut
2036 4356 2124 4429 alibi

1136 4478 1283 4548 dicitur:
1318 4472 1608 4545 Fundamentum
1631 4469 1728 4537 aliud
1756 4489 1887 4558 ponere
1914 4486 2025 4542 ‚nemo
2057 4485 2123 4551 po·

1137 4591 1223 4663 test,
1249 4592 1388 4668 praeter
1406 4576 1442 4643 id
1459 4574 1554 4666 quod
1574 4570 1727 4661 positum
1744 4584 1814 4651 est,
1839 4568 1933 4659 quod
1952 4579 2002 4635 est
2018 4559 2124 4639 Chri-

1138 4696 1211 4752 stus
1233 4685 1341 4752 lesus.
1392 4674 1497 4747 ltem:
1523 4672 1563 4744 si
1586 4673 1666 4766 quis
1689 4672 1785 4742 aliud
1801 4665 2036 4759 Evangelium
2060 4667 2129 4733 do-

1138 4797 1212 4868 cet,
1242 4776 1430 4853 anathema
1453 4778 1510 4851 sit.

443 4435 528 4508 Fuit
549 4434 735 4506 biennium
761 4430 798 4500 in
825 4434 1016 4505 conducto·

443 4641 654 4714 Interiectus
697 4634 830 4706 Paulus
874 4659 893 4705 a
940 4634 1083 4706 Nerone

502 4743 608 4834 paulo
623 4751 706 4809 ante
721 4740 798 4808 eius
814 4753 975 4809 mortem.

448 4844 615 4917 Decimus
638 4854 787 4933 quartus
810 4839 980 4924 Neronis,
1013 4863 1084 4932 quo

507 4946 602 5017 Nero
625 4943 694 5012 sibi
710 4941 883 5014 conscivit
896 4955 1060 5016 mortem.
1238 4931 1292 5005 Ac
1318 4947 1356 5004 ut
1378 4931 1516 5023 rapiens
1539 4926 1674 5000 Ductor
1707 4925 1811 4997 initio
1837 4943 2010 4993 summam
2038 4917 2128 4987 reci-

1140 5052 1209 5130 tat,
1249 5061 1318 5129 qua
1340 5034 1495 5119 breviter
1519 5029 1766 5122 complectitur
1791 5025 1933 5105 omnia,
1973 5043 2063 5114 quae
2090 5021 2130 5092 in

256 5116 403 5194 Paulus
432 5108 632 5212 Apostolus
655 5102 743 5179 lesu
767 5101 924 5181 Christi.
1140 5136 1286 5210 homin,
1328 5158 1498 5207 comm„
1537 5135 1582 5203 ,g
1627 5132 1740 5201 [hum
1780 5151 1852 5197 ...ρ
1889 5147 2027 5191 „ecesse
2067 5136 2129 5199 esi,

197 5259 309 5331 lnitio
328 5255 461 5326 Paulus
478 5272 609 5319 noman
628 5248 834 5339 praeponit,
861 5245 945 5339 quia
963 5245 1001 5315 in
1016 5239 1086 5316 Ec·
1142 5238 1297 5313 Summa
1320 5232 1496 5307 mandati
1518 5243 1568 5305 cst
1592 5228 1757 5311 dilectio,
1785 5251 1831 5299 cx
1854 5218 1958 5295 corda
1977 5245 2076 5323 puro
2100 5228 2132 5293 ct

88 5367 203 5441 clesia
225 5373 367 5455 oportet
390 5368 506 5426 extare
523 5350 746 5438 testimonia,
771 5363 806 5422 et
821 5348 901 5421 sciri
919 5370 984 5440 per
1000 5370 1089 5443 quos
1141 5339 1362 5416 conscientia
1383 5337 1502 5428 bonu,
1528 5346 1560 5406 ct
1579 5329 1657 5428 fi-dc
1677 5356 1752 5403 non
1766 5326 1875 5426 ficta.

147 5469 338 5544 hlasana.
367 5464 471 5532 Orrn.
495 5456 579 5524 Vol..
607 5455 687 5524 XV.
806 5480 809 5484 ⁴
1378 5442 1429 5514 82

1935 5606 2139 5685 'N

1234 3963 1437 4036 Necessaria
1467 3974 1519 4032 est
1541 3958 1755 4043 admonitio,
1797 3969 1848 4025 est
1877 3968 1910 4024 et
1937 3953 2049 4045 prima
2081 3951 2120 4018 in
2237 4034 2239 4038 Α
