4522 5782
2209 86 2225 127 d

167 162 244 245 sss
677 208 680 213 .
795 156 923 237 aaran
950 90 1065 237 uni.
1090 158 1302 275 scarnen
1327 134 1653 275 prunarius,
1868 196 1965 265 Μ,
2051 148 2195 271 (stt

168 370 173 379 ·
275 338 423 407 Necesse
440 349 491 406 est
507 336 598 405 serre
615 334 744 403 msrltas
761 357 967 411 aerumnas,
1195 335 1201 421 i
1222 335 1259 405 in
1285 347 1399 405 morte
1423 347 1545 403 contra
1562 331 1763 431 Neronem,
1788 350 1940 399 neeesse·
1955 336 2007 397 est
2029 334 2141 415 postea
2154 348 2197 392 rr-

233 445 237 455 '
280 439 373 529 Ergo
396 440 565 528 patientia
589 452 708 505 nostra
737 451 785 504 est
804 438 970 504 meritum
999 433 1089 502 ritae
1113 459 1168 502 ae·
1198 441 1314 509 'stare
1343 436 1544 521 iudicium,
1579 435 1615 504 in
1651 456 1722 529 quo
1759 434 1920 529 pstendet
1955 453 1993 498 se
2021 426 2198 519 adprobare

176 564 306 615 terame.
367 541 527 612 Debetur
549 541 644 610 enim
675 538 878 608 ohedientia
907 553 1049 629 propter
1073 540 1172 605 ordi·
1222 539 1394 624 Paulum,
1423 538 1704 610 nsrrrNeroneur.
2248 618 2251 629 ⁴

179 674 260 717 arens
286 675 304 712 a
328 642 402 713 Deo
422 645 615 726 sancitum,
647 666 720 708 nean
744 641 825 734 qnia
852 640 898 706 sit
922 640 1091 730 pretinm:
1121 638 1173 709 tle
1327 640 1506 738 Septima,
1533 634 1686 733 Oportet
1702 661 1767 705 nos
1792 632 1924 704 similes
1949 628 2028 699 fieri
2055 626 2199 721 imaginis
2248 646 2251 653 '

180 757 361 817 ‹lnrrantur
385 748 540 814 credenti
567 744 726 814 remissio
748 757 990 834 peccatorum,
1019 741 1173 826 Spiritus
1199 732 1289 815 =lilii
1305 740 1384 817 Dei,
1436 738 1523 815 Erat
1549 743 1755 811 ordinatum
1779 736 1950 832 quiddam
1974 746 2009 801 et
2036 734 2200 824 sapientia,
2248 822 2251 829 Ι

183 867 345 931 sanctus,
359 863 393 918 et
411 845 608 918 hat-reditas
627 847 718 915 vitae
735 859 916 928 aeternae,
935 843 1076 928 Gratis,
1093 870 1174 934 prn-
1200 850 1203 897 ῑ
1226 850 1254 916 si
1273 842 1436 915 homines
1454 871 1525 914 nnn
1543 859 1657 914 essent
1677 843 1784 935 lapsi,
1811 838 1931 910 rivere
1950 859 2012 903 ens
2031 835 2108 904 sine
2124 860 2201 906 mor·

185 970 261 1044 pter
282 952 407 1020 lrlinm.
1200 927 1206 1066 i
1232 966 1266 1019 te
1284 963 1315 1017 et
1335 950 1411 1018 sine
1436 947 1598 1022 miseriis.
1634 946 1739 1015 Nunc
1765 944 1832 1013 alia
1851 939 2028 1030 sapientia
2045 951 2116 1023 est,
2142 939 2202 1011 vult
2246 953 2250 962 '

287 1053 355 1122 llic
386 1074 509 1122 rursus
543 1049 815 1119 considerentur
842 1073 983 1132 causae,
1033 1062 1177 1138 propter
1230 1052 1327 1122 Dens
1351 1075 1416 1121 nos
1446 1072 1634 1139 agnoscere
1658 1049 1773 1140 ipsum
1804 1068 1876 1115 esse
1899 1042 2059 1126 iustum,
2098 1057 2132 1112 et
2153 1065 2202 1123 nos
2248 1034 2251 1063 '

186 1181 272 1251 quas
295 1155 386 1223 Deras
408 1157 483 1222 vult
504 1149 692 1222 Ecclesiam
712 1154 748 1220 in
765 1148 830 1220 hnc
848 1152 989 1218 mortali
1007 1151 1076 1219 rita
1093 1153 1177 1217 snb·
1231 1177 1364 1223 mersos
1389 1154 1427 1221 in
1461 1165 1661 1243 peccatum,
1703 1145 1888 1218 tnrmittnr
1919 1144 2025 1211 sats-ri
2059 1166 2124 1211 tros
2148 1166 2203 1214 esse
2248 1156 2251 1167 ⁴

186 1262 311 1328 iectam
340 1281 413 1326 esse
435 1254 551 1336 cruci,
572 1250 635 1322 has
657 1278 761 1348 saepe
779 1256 986 1323 recitamus:
1013 1256 1094 1321 ideo
1120 1248 1178 1320 hic
1231 1280 1328 1341 reos,
1365 1254 1507 1325 etiuste
1531 1254 1704 1325 sustinere
1729 1248 2008 1339 «instructionem
2039 1239 2145 1317 huius
2158 1250 2205 1315 de-

134 1374 141 1386 '
188 1362 343 1432 breviter
358 1382 416 1426 eas
433 1359 625 1429 annotabo.
1232 1373 1394 1449 praratae
1410 1373 1577 1436 naturae,
1603 1357 1692 1424 sicut
1715 1354 1831 1447 inquit
1849 1346 2001 1421 Daniel:
2041 1344 2076 1417 T
2079 1348 2127 1419 ihi
2148 1346 2204 1420 Dte

289 1462 408 1530 Prima
427 1475 496 1536 est,
516 1459 600 1551 qnia
617 1471 735 1527 manet
753 1471 933 1547 peccatum
961 1458 998 1524 io
1024 1452 1088 1525 hac
1111 1455 1179 1522 mi·
1234 1461 1329 1530 mine
1345 1458 1505 1539 iusticia,
1533 1457 1636 1527 nohis
1654 1470 1770 1525 antem
1789 1453 1950 1524 conlusio
1967 1449 2085 1519 faciei.

185 1589 261 1635 sera
298 1578 424 1632 natura
458 1561 565 1629 etiam
596 1575 678 1652 post
704 1564 1001 1643 conversionem,
1035 1570 1179 1628 manent
1336 1560 1496 1633 Mittitur
1513 1574 1629 1631 autem
1646 1558 1834 1651 lilius,qni
1851 1579 1930 1623 curu
1950 1553 2125 1623 innocens
2140 1578 2206 1646 pne.

186 1669 296 1758 igitur
316 1688 411 1733 mors
430 1678 464 1732 et
479 1663 568 1730 aliae
583 1662 812 1733 calamitates.
1234 1688 1318 1732 nam
1343 1664 1512 1748 sustinet,
1538 1659 1577 1733 fit
1593 1662 1667 1730 eius
1683 1661 1797 1751 passio
1815 1656 1952 1751 λύτρον
1975 1678 2042 1746 pm
2065 1656 2163 1737 aliis,
2183 1672 2207 1727 et

292 1768 456 1837 Secunda
484 1781 681 1853 causaest,
721 1762 867 1834 Diaboli
897 1762 1074 1830 rabiosins
1104 1783 1181 1830 sae·
1234 1768 1308 1857 ipse
1330 1766 1368 1837 fit
1392 1766 1505 1837 victor
1527 1777 1562 1837 et
1584 1764 1761 1834 eluctatur
1784 1787 1824 1833 es
1850 1774 1981 1830 morte:
2011 1757 2107 1827 idern
2130 1760 2206 1828 filins

188 1859 1181 1961 viuutinEeclesiam,quaminslioshomines,Gene.5.:
1235 1869 1305 1939 Dei
1330 1882 1382 1940 est
1406 1868 1527 1938 efficax
1547 1864 1587 1936 in
1608 1865 1733 1949 nohis,
1759 1863 1820 1957 qui
1837 1864 1927 1939 iuste
1944 1884 2102 1955 poenam
2122 1862 2209 1932 suni.

186 1974 323 2043 Ponam
343 1970 545 2039 inimicitias
559 1985 623 2041 etc.
1235 1994 1370 2045 nemus.
1422 1968 1654 2063 Nequaquam
1675 1979 1796 2037 tamen
1819 1978 1939 2035 nostra
1964 1986 2065 2033 mors
2090 1979 2140 2035 est
2160 1959 2208 2036 iti-

292 2073 438 2155 'l’erlia‚
468 2071 584 2141 Habet
607 2068 763 2140 Eccletlu
787 2068 899 2139 mults
924 2067 1075 2140 actualis
1099 2091 1182 2158 pet·
1234 2098 1345 2169 spor,
1368 2074 1428 2142 sed
1444 2084 1494 2142 est
1509 2071 1598 2142 iusta
1612 2092 1727 2173 poena
1747 2081 1783 2140 et
1797 2066 2098 2138 commonefactio
2114 2070 2155 2137 de
2170 2070 2211 2137 iu·

192 2191 289 2258 cata,
311 2188 352 2244 ut
375 2172 516 2258 Aaron,
546 2173 684 2256 David,
719 2168 903 2255 Manasse,
928 2185 963 2241 ει
984 2171 1045 2240 alii
1069 2170 1183 2262 pluri·
1235 2177 1327 2245 dicio
1348 2173 1426 2248 Dei.
1475 2168 1622 2244 Erimus
1645 2184 1763 2242 autem
1788 2168 1923 2239 similes
1937 2168 2015 2239 filio
2031 2166 2123 2257 Dei,
2147 2195 2211 2241 cun

191 2280 252 2351 mi.
306 2276 514 2369 Sequuntur
529 2299 612 2364 ergo
628 2296 782 2366 poenae,
809 2274 891 2366 quia
909 2273 1007 2342 Dens
1024 2272 1129 2343 ctiam
1147 2273 1183 2338 in
1237 2279 1346 2348 vitam
1363 2277 1468 2353 nohis
1489 2277 1629 2346 reddet:
1654 2274 1787 2344 interca
1808 2270 1886 2341 vult
1909 2268 2211 2367 nosDeusaliquo

190 2378 256 2453 hac
285 2381 356 2447 vita
376 2378 454 2446 vult
471 2379 627 2468 corispici
651 2376 809 2465 exempla
831 2376 954 2444 iudicii
979 2375 1054 2458 sni,
1090 2376 1185 2443 iuxta
1237 2379 1469 2452 modoetia
1492 2392 1607 2451 morte
1633 2390 1669 2449 et
1691 2375 1730 2445 in
1755 2372 1908 2444 miseriis
1932 2371 1966 2443 ei
1990 2374 2129 2447 similes
2149 2400 2213 2455 esse,

192 2485 348 2562 dictum:
384 2478 535 2569 Propter
559 2478 763 2572 iniquitates
787 2478 939 2568 corripis
961 2477 1052 2546 filios
1069 2472 1186 2546 homi·
1238 2495 1279 2553 ut
1306 2479 1602 2553 commonefaciat
1628 2500 1696 2551 not
1721 2478 1766 2549 de
1795 2474 1930 2549 iudicio
1958 2498 2029 2549 suo
2063 2480 2213 2549 adsersus

192 2608 293 2655 rrum.
345 2578 436 2651 Vult
449 2582 533 2652 item
550 2605 619 2651 nos
635 2593 780 2670 propter
797 2575 859 2648 has
874 2603 1005 2670 porum
1022 2602 1187 2648 revocare
1237 2599 1431 2678 peccatum,

193 2690 238 2758 ad
255 2684 536 2770 conversionem,
556 2676 868 2765 l.Corinthiorurn
886 2682 958 2752 11.:
986 2682 1079 2751 Cum
1092 2681 1188 2750 iudi·
1339 2686 1505 2780 Denique
1537 2682 1724 2778 multiplex
1746 2696 1781 2757 et
1804 2676 2015 2754 inexhausta
2038 2683 2154 2755 crucis
2174 2707 2213 2752 sa·

194 2780 1033 2876 camur,aDominocnrripimur,neeumhoc
1052 2786 1187 2855 mundo
1239 2790 1370 2883 pientia
1402 2803 1473 2875 est,
1507 2790 1552 2859 de
1581 2811 1650 2883 qua
1682 2786 1874 2858 consilium
1898 2782 1969 2855 Dei
1993 2786 2033 2855 iu
2063 2798 2138 2858 tota
2162 2787 2216 2854 viu

194 2893 427 2962 damnemur.
1238 2893 1465 2982 cogitandum
1486 2903 1556 2973 est,
1593 2902 1629 2961 et
1649 2912 1788 2980 semper
1808 2885 1855 2959 sit
1877 2887 1914 2956 in
1944 2905 2144 2981 conspectu
2165 2884 2217 2959 hoc

296 2988 550 3061 Psalm.118.:
582 2982 726 3056 Bonum
750 2982 961 3081 mihissquod
991 2984 1189 3099 humiliasti
1238 2996 1391 3066 dictum:
1418 2990 1752 3062 Humilisminisuh
1769 2989 1905 3083 potenti
1923 3014 2036 3059 manu
2054 2988 2144 3074 Dei,
2168 3015 2216 3083 po

194 3117 272 3178 me.
299 3105 340 3161 ul
358 3092 488 3161 discam
506 3090 770 3160 ludificationes
793 3107 881 3163 tuas.
1239 3097 1329 3170 tenti
1347 3094 1523 3174 videlicet,
1539 3095 1585 3165 ad
1601 3093 1836 3185 premendum
1850 3106 1885 3163 et
1900 3094 1944 3162 ad
1962 3093 2198 3165 liberandum.

295 3189 423 3264 Esaiae
437 3193 519 3267 28.:
548 3190 698 3261 Venatio
716 3194 777 3263 dat
791 3192 1022 3264 intellectum.
1182 3252 1185 3259 .
1342 3191 1575 3288 Philosophia
1595 3219 1661 3265 nec
1682 3218 1804 3266 causas
1817 3194 2036 3286 principales
2054 3197 2216 3268 calamita·

299 3292 457 3383 Quarta,
488 3294 604 3364 Etiam
638 3294 750 3363 sancti
767 3295 892 3364 fierent
916 3296 1190 3386 negligentiores
1242 3315 1318 3373 tum
1347 3295 1586 3370 humanarum
1613 3297 1787 3384 ostendit,
1810 3299 1882 3389 {nec
1907 3296 2130 3370 sufficienter
2149 3323 2218 3370 con-
2249 3340 2251 3377 ;

199 3415 235 3468 et
253 3398 416 3487 superbi,
441 3397 473 3468 si
495 3419 569 3465 non
583 3409 829 3466 exercerentur
852 3420 970 3467 cruce:
999 3398 1079 3468 ideo
1096 3397 1191 3469 Pan·
1242 3401 1434 3473 solatioues
1465 3400 1599 3486 tradit,
1639 3399 1701 3469 sed
1723 3397 1762 3467 in
1785 3397 1863 3469 sola
1881 3394 2046 3470 Ecclesia
2075 3402 2217 3495 patefecit
2249 3384 2251 3401 Ι

197 3503 255 3570 lus
278 3499 415 3591 inquit,
441 3503 479 3573 2.
495 3493 660 3569 Corinth.
684 3499 733 3570 1.:
760 3495 987 3590 Responsum
1006 3502 1129 3571 mortis
1153 3504 1190 3571 in
1242 3503 1339 3576 Deus
1360 3502 1581 3576 voluntatem
1603 3522 1727 3590 suam,
1753 3501 1854 3575 etde
1874 3501 2005 3595 poeuis
2026 3505 2127 3577 etde
2145 3504 2218 3576 lihe-
2249 3546 2251 3577 ι

198 3602 304 3671 uobis
320 3596 529 3682 habuimus,
556 3612 686 3669 utnon
701 3599 813 3671 simus
828 3603 1045 3672 confidentes
1063 3604 1101 3672 in
1126 3629 1191 3675 no·
1243 3604 1456 3685 redonibus.
2248 3594 2251 3707 l

201 3704 283 3776 hisi
312 3703 372 3777 sis.

288 3729 460 3894 pQuinta,
493 3801 588 3877 Sinit
615 3803 714 3879 Deus
747 3807 905 3899 accidere
935 3807 1193 3881 inextricabilia
1506 3789 1570 3856 ΒΘ
1591 3784 1979 3855 ⁰⁰⁸⁸⁰¹⁰il⁰⁸⁶⁶¹ffi
2249 3878 2251 3887 .

200 3906 359 3981 humano
375 3907 545 3998 consilio,
574 3921 613 3979 ut
635 3910 875 4000 conspiciatur
897 3913 1094 4002 praesentia
1118 3916 1194 3985 eius
1345 3911 1588 3987 Consideratis
1611 3929 1728 3985 sutem
1746 3914 1878 3996 causis,
1902 3925 2054 4005 propter
2068 3907 2220 4008 qussDt·

200 4012 240 4081 iu
255 4009 435 4095 Ecclesia,
460 4034 540 4079 cum
557 4010 731 4081 mirandis
750 4013 865 4084 modis
879 4014 1019 4098 liberat,
1045 4029 1078 4085 et
1095 4041 1193 4087 exer·
1247 4015 1352 4089 clesia
1367 4016 1464 4097 cruci
1479 4017 1635 4088 subiecta
1656 4031 1728 4102 est,
1754 4030 1874 4108 postea
1894 4016 2162 4091 consolationes
2178 4016 2222 4085 is·

203 4126 352 4183 ceantur
370 4114 475 4191 fides,
502 4112 681 4183 invocatio
703 4126 738 4183 ει
757 4114 846 4184 aliae
869 4116 1036 4202 virtutes,
1063 4133 1101 4188 ut
1119 4118 1196 4190 Nu·
1247 4133 1428 4199 tueamur,
1465 4119 1555 4191 sicut
1586 4119 1736 4208 cognitis
1769 4117 1906 4197 morbis
1927 4115 2222 4189 deinderametts

203 4213 388 4290 meri14.:
423 4212 473 4285 Ut
489 4214 636 4285 audiant
652 4215 823 4311 Aegypti,
856 4220 952 4309 quod
978 4232 1018 4289 tu
1041 4217 1196 4291 Domine
1248 4223 1449 4293 traduntur.
1504 4216 1606 4291 Nihil
1622 4236 1740 4290 autem
1762 4221 1853 4291 lenit
1866 4218 2054 4307 dolorem,
2079 4220 2152 4293 uisi
2170 4218 2223 4293 ali·

203 4316 251 4385 sis
269 4317 308 4385 in
325 4312 392 4387 hoc
408 4316 553 4408 populo.
1249 4347 1318 4418 qua
1335 4322 1421 4392 honi
1438 4324 1529 4395 ratio
1547 4322 1586 4393 in
1602 4347 1644 4393 eo
1661 4323 1916 4415 conspiciatur·

313 4417 359 4489 Et
378 4420 409 4491 1.
425 4414 517 4510 Reg.
537 4415 595 4493 17.
630 4416 680 4490 Ut
702 4418 787 4492 sciat
811 4420 928 4492 omnis
951 4435 1064 4506 terra,
1098 4429 1193 4519 quod
1350 4419 1429 4496 Etsi
1443 4439 1560 4497 autem
1576 4425 1638 4495 alii
1654 4425 1757 4496 aliter
1771 4424 1988 4496 distribuere
2002 4422 2105 4495 locos
2124 4418 2222 4516 philo·

206 4520 256 4591 sit
268 4519 446 4593 Dominus
460 4517 558 4590 Deus
572 4520 611 4590 in
625 4518 746 4593 lsrael.
1246 4522 1473 4620 sophicarum
1486 4526 1768 4618 consolationum
1786 4527 1942 4618 possint,
1969 4539 2092 4598 umen
2113 4541 2222 4601 atsur

309 4620 435 4707 Sexta,
463 4621 551 4693 Vult
568 4624 667 4693 Deus
682 4637 831 4695 mortem
849 4622 1048 4719 Baptistae,
1080 4626 1197 4717 Pauli,
1248 4654 1316 4726 que
1332 4630 1486 4700 docendi
1502 4652 1606 4701 causa
1622 4653 1681 4699 sex
1697 4653 1866 4715 numero,
1892 4631 1955 4724 qui
1974 4642 2081 4701 suut:

206 4740 241 4797 et
255 4725 427 4796 similium
447 4725 649 4795 testimonia
663 4748 758 4813 esse,
782 4731 879 4820 qnod
898 4743 1003 4799 restet
1023 4730 1121 4802 aliud
1140 4734 1195 4802 in·
1352 4736 1386 4802 1.
1410 4731 1623 4817 Necessitas,
1898 4734 1902 4747 '

203 4829 349 4899 dicium.
401 4825 509 4911 Item,
534 4828 631 4919 quod
656 4828 723 4918 ipsi
743 4831 834 4901 serio
857 4834 1033 4916 sentiant,
1060 4836 1194 4905 doctri·
1349 4840 1385 4910 2.
1413 4833 1577 4925 Dignitas
1595 4834 1736 4905 virtutis
1753 4833 1985 4907 anteferenda
1998 4834 2140 4915 dolori,

203 4954 286 5000 nam
313 4953 432 4998 veram
465 4952 539 4996 esse
569 4943 603 4998 et
630 4952 703 4999 uon
734 4935 1023 5007 commentitiam.
1091 4936 1192 5022 ltem,
1348 4938 1384 5012 8.
1410 4935 1511 5007 Bona
1532 4937 1768 5016 conscientia,

140 5071 145 5077 ·
202 5034 299 5125 quod
322 5056 398 5100 eam
418 5030 649 5120 profiteantur
673 5047 816 5124 propter
838 5036 986 5125 gloriam
1004 5037 1094 5127 Dei,
1118 5065 1193 5111 non
1346 5036 1385 5112 4.
1410 5036 1602 5130 Exempla,

202 5146 348 5225 propter
363 5157 443 5202 suas
459 5132 659 5224 voluptates
674 5150 736 5206 aut
752 5136 934 5213 utilitates.
987 5140 1080 5230 Quia
1096 5144 1190 5213 euim
1348 5136 1385 5218 6.
1411 5139 1545 5213 Causae
1559 5141 1701 5222 finales,
1727 5154 1765 5212 ut
1784 5160 1943 5233 pugnare
1959 5163 2029 5233 pro
2043 5142 2174 5233 patria,

202 5234 299 5305 Dens
317 5250 419 5305 antea
439 5236 538 5305 dedit
559 5235 801 5307 testimonium
820 5236 953 5327 Paulo,
979 5268 1050 5335 quo
1072 5260 1191 5317 osten·
1348 5244 1385 5319 6.
1409 5240 1564 5315 Collatia
1573 5258 1825 5330 eventuum,ut
1835 5242 1965 5312 melius
1976 5245 2162 5315 estmorho
2171 5244 2224 5311 itn·

203 5336 256 5403 dit
279 5337 345 5405 sihi
369 5360 451 5406 enm
478 5360 581 5408 curse
604 5359 700 5423 esse,
726 5362 807 5409 cum
831 5364 911 5412 enm
936 5369 1008 5414 nou
1025 5347 1192 5419 defendat
1399 5344 2201 5441 pediri,quamveuireadmalumsodalitium·
