4522 5782
70 160 107 255 ’.
187 192 270 293 ω
488 198 496 239 ³
583 220 591 229 ·
764 186 915 274 <amu
941 198 1059 280 usu
1083 195 1292 278 sontem
1318 192 1618 275 meantes.
1706 232 1711 239 ·
1926 176 1932 195 '
2144 198 2212 276 sao

200 371 461 457 terraticumet
477 373 765 466 congregativum
792 389 827 446 et
847 375 1183 446 communicativum
1236 372 1362 442 mortis
1393 372 1588 441 multorum
1616 371 1796 441 bonorum
1834 367 2047 457 bominum,
2091 390 2215 457 senum,

202 511 294 566 esse,
329 485 376 551 ita
403 480 498 551 Deus
521 492 553 548 et
578 500 660 547 vere
680 500 802 545 amans
825 488 879 546 est
902 476 1185 567 congregationis
1237 488 1717 562 matronarum‚pnerorum.
1771 470 2214 551 Etsemelmotisliebus·

120 600 123 605 ’
204 606 235 658 et
250 581 584 654 communicationis
600 579 862 647 benefitiorum.
915 574 1002 647 Vult
1023 574 1184 646 homines
1237 576 1387 664 publicis
1429 599 1501 643 uon
1532 575 1635 643 facile
1667 588 1782 664 postea
1816 600 1902 667 pax,
1937 575 2147 668 disciplina,
2170 580 2212 647 le·

203 692 296 758 inter
312 710 348 756 se
364 684 484 752 multis
509 682 661 750 vinculis
683 681 865 772 copulatos
889 702 980 763 esse,
1007 681 1185 768 coniugio,
1236 700 1314 766 ges,
1340 677 1464 765 religio
1482 677 1619 746 restitui
1645 690 1803 766 possunt.

202 813 322 859 amore
336 808 414 873 erga
432 797 550 865 natos,
573 795 740 873 tanquam
767 805 846 870 erga
864 794 998 871 partem
1021 783 1186 871 propriae
1256 853 1262 864 ,
1328 772 1529 849 ’Άσπονδοι
1543 792 1625 846 sunt
1647 779 1903 868 implacabiles,
1916 778 2009 850 sicut
2018 777 2107 850 Saul
2126 782 2215 873 nullo

203 906 370 970 naturae,
405 909 488 954 cura
511 884 684 952 educandi
718 896 836 964 natos,
865 884 1185 953 communicatione
1236 880 2215 969 officioplacaripotnit,utdeponeretiniustumodium,

204 991 472 1068 beneficiorum,
504 985 685 1053 intellectu
712 984 890 1062 iustitiae,
917 1007 1006 1076 qrtae
1034 1007 1099 1076 pro
1125 989 1185 1052 be·
1238 1006 1307 1073 qim
1330 982 1475 1050 ardebat
1497 988 1665 1049 adversus
1691 982 1882 1064 Davidem,
1923 984 2016 1051 bene
2044 984 2090 1050 dc
2115 983 2214 1074 patria

205 1093 337 1161 nebciis
360 1091 455 1156 iubet
479 1086 632 1155 vicissim
655 1085 821 1153 beneficia
844 1087 1002 1159 reddere.
1061 1082 1108 1155 Et
1130 1081 1187 1155 bis
1238 1099 1271 1151 et
1289 1086 1333 1151 de
1350 1083 1425 1173 ipso
1445 1084 1623 1150 meritum.
1676 1080 1772 1151 Haec
1790 1084 1981 1172 pertinacia
1997 1084 2164 1155 odiorum
2182 1085 2213 1154 in

207 1193 359 1261 vinculis
382 1205 412 1258 et
440 1183 506 1256 bae
528 1187 849 1257 communicatione
878 1189 954 1257 vult
982 1188 1185 1257 conservari
1239 1180 1444 1252 bominibus
1462 1185 1581 1251 lividis
1596 1197 1627 1251 et
1643 1185 1754 1253 saevis
1773 1209 1843 1251 nim
1863 1208 1941 1252 raca
1957 1198 2022 1258 est.

205 1309 378 1363 naturam.
434 1289 482 1356 lta
506 1310 609 1357 carisa
641 1289 875 1374 conspicitur,
908 1313 971 1358 eur
1000 1292 1187 1380 impressae
1334 1279 1600 1378 Ἀνελεήμονες,
1627 1286 1941 1354 immisericordes:
1970 1281 2215 1378 haeeappella·

162 1443 165 1451 .
206 1397 276 1462 sint
294 1391 498 1460 bominibus
514 1385 680 1485 στοργαί.
706 1385 841 1482 Estque
858 1404 930 1459 tota
947 1386 1031 1458 baec
1049 1392 1188 1482 sapien.
1240 1386 1407 1474 tioplnra
1431 1383 1716 1476 comprehendit,
1750 1412 1855 1477 qrram
1881 1388 2086 1456 crudelitas.
2135 1383 2215 1457 Cru-

205 1497 254 1564 tia
285 1496 329 1561 de
349 1490 506 1560 bonitate
523 1487 588 1558 Dei
612 1485 866 1580 comprehensa
885 1492 922 1560 in
940 1486 1007 1560 boc
1024 1492 1187 1561 dulcissi·
1241 1489 1329 1555 delis
1344 1502 1412 1570 est,
1438 1490 1499 1580 qui
1529 1490 1636 1557 laedit
1660 1489 1768 1555 alium
1795 1489 1982 1571 atrociter,
2016 1491 2095 1556 sine
2125 1512 2216 1557 cansa

207 1622 266 1664 mo
282 1596 395 1662 dieto:
424 1589 521 1659 Deus
543 1605 593 1659 est
610 1591 772 1674 dilectio,
797 1598 840 1661 et'
857 1595 918 1683 qui
942 1593 977 1660 in
1001 1595 1189 1662 dilectione
1242 1591 1352 1673 iusta,
1378 1605 1438 1658 ant
1456 1614 1567 1678 poena
1592 1591 1722 1657 riiaiure
1738 1590 1874 1668 adficit,
1902 1614 2008 1680 quam
2031 1613 2099 1680 pro
2124 1593 2216 1659 modo

205 1707 344 1775 manet,
371 1695 409 1761 in
428 1693 506 1760 Deo
523 1704 660 1772 manet,
688 1706 721 1761 et
739 1693 833 1762 Deus
847 1695 885 1761 in
901 1718 954 1762 eo.
1006 1692 1051 1763 Et
1072 1696 1188 1762 vicina
1241 1692 1370 1760 delicti.
1426 1689 1470 1761 Ut
1485 1692 1636 1758 crudelis
1654 1704 1728 1760 erat
1745 1690 1893 1777 drrgnsti
1915 1689 2141 1782 bospes,qui
2156 1714 2218 1759 ser·

206 1811 289 1867 sunt
308 1792 393 1862 baec
416 1793 523 1861 dieta:
558 1790 654 1861 Deus
687 1808 738 1863 est
765 1796 898 1877 bonus,
933 1810 985 1875 et,
1021 1792 1117 1865 Deus
1140 1809 1190 1864 est
1242 1818 1325 1860 virm
1349 1792 1501 1861 obiicere
1528 1794 1684 1859 murenis
1719 1792 1853 1876 voluit,
1887 1794 1969 1885 quia
1995 1793 2218 1884 fregeratpo·

207 1896 369 1981 dilectio,
396 1896 432 1961 id
449 1907 519 1976 est,
546 1916 627 1961 vere
644 1895 795 1985 diligens
816 1920 913 1964 suam
930 1897 1100 1986 effigiem,
1125 1922 1191 1965 na·
1243 1894 1361 1961 culum
1387 1894 1642 1986 crystallinum.
1701 1891 1771 1963 Sed
1799 1895 2052 1963 immisericors
2082 1905 2217 1962 estnon

208 2012 324 2066 turam
341 1996 609 2080 intelligentem.
664 1994 751 2075 Nam
778 1991 1035 2087 bocposterius
1057 2001 1191 2068 dictum
1245 1995 1360 2063 solum
1393 1996 1566 2076 crudelis,
1611 1995 1798 2064 sedetiam
1831 1995 1893 2087 qui
1922 2019 2004 2063 cum
2035 1994 2218 2084 probabilis

208 2099 318 2187 magis
336 2101 378 2165 ad
398 2111 541 2165 naturas
560 2096 794 2185 intelligentes
813 2101 986 2185 congruit.
1244 2097 1334 2164 ratio
1350 2110 1421 2175 est,
1447 2120 1519 2164 non
1540 2095 1675 2184 mitigat
1692 2095 1820 2165 iustam
1844 2096 2085 2184 asperitatem.

311 2199 382 2266 lam
400 2199 525 2284 cogita,
551 2220 631 2264 curn
649 2194 804 2294 στοργαὶ
820 2201 889 2269 sint
906 2221 985 2268 rere
1001 2222 1105 2289 opera
1116 2198 1193 2282 Dei,
1346 2195 1435 2265 Nam
1448 2197 1582 2266 iusticia
1600 2212 1661 2280 cst,
1674 2197 1851 2265 neminem
1869 2198 2010 2266 laedere
2024 2199 2105 2265 sine
2119 2218 2217 2265 causa
2253 2218 2259 2281 ζ

208 2315 242 2370 et
262 2302 415 2369 referant
440 2296 504 2367 Dei
529 2299 745 2383 bonitatem,
777 2316 810 2370 et
834 2294 981 2370 sint'res
1005 2303 1041 2369 in
1066 2319 1192 2370 natura
1245 2296 1307 2366 Est
1323 2311 1355 2367 et
1371 2298 1407 2365 in
1423 2300 1546 2389 poenis
1577 2322 1716 2367 servare
1737 2298 2003 2392 aequalitatem:
2030 2300 2217 2369 misericor·

208 2403 410 2483 ordinatae,
445 2422 549 2490 quam
573 2399 651 2466 dira
674 2403 877 2489 depravatio
900 2404 943 2472 sit
970 2404 1006 2470 in
1031 2404 1194 2485 diabolis,
1246 2401 1304 2468 dia
1328 2424 1413 2467 vero
1438 2400 1591 2490 primum
1612 2399 1704 2470 insta
1729 2415 1801 2484 est,
1831 2426 1904 2468 sinn
1931 2400 2040 2470 laedit
2065 2401 2218 2472 insontes.
2254 2416 2259 2491 j

210 2505 270 2594 qni
289 2502 491 2589 abiecerunt
508 2494 683 2595 στοργᾶς,
718 2515 751 2570 et
773 2502 809 2568 in
827 2504 948 2573 miultis
978 2501 1195 2585 bominibus,
1248 2501 1383 2570 Deinde
1407 2500 1583 2592 probabili
1622 2503 1760 2569 ratione
1795 2503 1898 2570 etiam
1928 2503 2059 2571 iustam
2083 2522 2218 2585 poenam
2256 2496 2259 2569 ἶ

210 2603 271 2695 quii
298 2597 364 2670 boc
383 2601 534 2668 naturali
558 2625 678 2669 amore
700 2616 733 2670 et
754 2604 896 2673 vinculo
921 2606 1195 2673 consociationis
1247 2603 1392 2689 mitigat.
1449 2601 1499 2670 lta
1525 2603 1618 2672 Deus
1637 2603 1837 2670 misericors
1852 2617 1922 2687 est,
1945 2619 1978 2672 et
2003 2618 2043 2672 ut
2071 2601 2259 2699 Putnnff

209 2705 381 2784 extincto,
416 2702 547 2770 bellum
569 2716 693 2790 gerunt
716 2727 796 2770 cum
818 2703 894 2773 Deo
917 2723 950 2776 et
973 2731 1052 2773 cum
1069 2720 1194 2774 natura
1248 2703 1383 2796 inquit:
1419 2701 1499 2772 Non
1518 2705 1674 2773 accendit
1693 2717 1801 2772 totam
1819 2705 1906 2772 iram
1923 2728 2039 2776 suam.
2255 2712 2259 2797 J

210 2807 347 2893 generis
363 2799 523 2872 hnmani.
558 2801 659 2872 'l'alis
675 2819 726 2874 est
739 2801 952 2889 Cain,tales
966 2821 1050 2876 sttnt
1064 2804 1195 2876 Atreus
1347 2802 1449 2873 Hane
1481 2807 1743 2892 grammaticam
1779 2806 2041 2875 enarrationem
2076 2826 2221 2899 quarun-
2254 2824 2259 2839 ¹

211 2920 243 2975 et
268 2900 458 2997 Thyestes,
490 2904 569 2975 talis
601 2918 651 2975 est
674 2904 821 2991 Medea,
863 2932 954 3001 quae
989 2906 1082 2978 filios
1113 2931 1195 2977 suos
1247 2908 1327 2973 dam
1346 2931 1470 2974 vocum
1495 2907 1638 2982 addidi,
1663 2920 1701 2973 ut
1727 2907 1883 2975 iuniores
1907 2907 2106 2978 adsuefiant
2119 2904 2222 2975 addi·
2256 2962 2259 2987 ,

145 3049 149 3057 ,
210 3006 385 3079 interficit.
1248 3007 1429 3095 ligentiam
1457 3007 1492 3074 in
1516 3008 1773 3076 consideranda
1799 3008 2015 3098 proprietate
2040 3011 2218 3079 verborum
2257 3036 2259 3083 ;

308 3104 398 3175 Cum
416 3120 531 3175 autem
545 3117 669 3175 natura
689 3107 725 3175 in
743 3101 900 3192 bomine,
914 3111 1074 3178 noudum
1093 3134 1194 3201 pror·
1248 3123 1281 3178 et
1297 3109 1333 3176 in
1352 3109 1608 3179 distribuendis
1629 3109 1821 3179 virtutibus
1843 3125 1876 3180 et
1900 3111 2010 3182 vitiis.
2067 3108 2221 3181 lntuean·

211 3231 269 3277 sus
292 3208 448 3295 furioso,
475 3223 592 3277 tamen
618 3209 734 3299 aliqua
758 3223 919 3297 exparte
943 3213 1122 3281 naturales
1139 3215 1195 3281 in·
1247 3225 1305 3280 tur
1320 3225 1456 3296 autem,
1481 3226 1522 3281 ut
1541 3233 1644 3300 saepe
1668 3209 1755 3279 alias
1776 3210 1867 3294 dixi,
1893 3207 2123 3302 Decalogum.

210 3309 418 3376 clinationes
443 3311 589 3393 sentiat,
622 3335 695 3376 nou
724 3311 873 3378 dubium
907 3325 958 3380 est
993 3335 1012 3381 a
1043 3316 1195 3382 diabolis
1622 3377 1629 3394 ,
1754 3376 1761 3394 ,
1896 3377 1903 3394 .

200 3410 345 3498 'impelli
364 3408 453 3479 Cain
477 3426 508 3478 et
534 3410 684 3492 similes,
710 3413 770 3503 qrri
787 3411 936 3481 extincta
960 3414 1112 3483 naturali
1134 3420 1195 3485 be·
1563 3375 1724 3448 summ
1745 3401 1803 3447 ’ω
1824 3374 1914 3453 θα·

213 3511 433 3593 sievotentia,
459 3512 638 3578 saevitiam
654 3511 691 3578 in
708 3528 873 3601 cognatos
886 3528 920 3583 et
942 3528 1088 3583 naturae
1112 3539 1196 3586 snae
1348 3511 1418 3584 Hic
1449 3515 1549 3586 addit
1579 3515 1735 3601 regulam
1767 3515 1811 3582 de
1843 3514 1979 3603 legstsus
2012 3517 2224 3586 naturalibus

212 3624 345 3701 partem
375 3634 533 3680 exercere
558 3627 714 3700 possunt.
773 3611 820 3683 Et
843 3615 886 3682 de
910 3616 1040 3685 talibus
1054 3642 1196 3710 quoque
1248 3640 1308 3686 seu
1333 3616 1474 3684 noticiis
1503 3618 1744 3694 naturalibus,
1771 3638 1862 3708 quae
1884 3616 2123 3690 nominantur
2150 3613 2180 3687 I
2182 3639 2224 3687 rs

211 3735 333 3780 verum
354 3728 404 3780 est
426 3711 577 3782 dictum:
605 3712 752 3782 Satanas
774 3715 921 3787 intravit
944 3717 981 3784 in
1004 3721 1109 3787 corda
1136 3743 1196 3788 eo·
1249 3726 1460 3787 naturae.
1501 3716 1548 3788 Ut
1563 3721 1656 3785 enim
1674 3718 1711 3785 in
1731 3713 1796 3786 bac
1810 3719 2031 3788 accusatione
2048 3720 2224 3790 convincat
2252 3734 2259 3787 i

212 3835 304 3882 rtrm.
356 3811 630 3884 considerantes
654 3815 780 3903 igitur,
819 3839 924 3908 qrsam
949 3819 1025 3887 dira
1049 3832 1083 3889 et
1106 3835 1195 3890 tetra
1249 3817 1429 3903 homines,
1475 3821 1642 3908 proponit
1673 3820 1722 3887 eis
1754 3820 1932 3890 naturales
1962 3821 2044 3889 illas
2078 3816 2259 3907 noticias.¹

213 3915 283 3982 sint
308 3908 393 3983 baec
418 3916 563 3996 scelera,
589 3931 623 3986 et
648 3921 744 3984 unde
765 3917 942 3996 oriantur,
970 3941 1094 4008 magna
1112 3946 1195 3991 cura
1248 3920 1324 3990 Hae
1348 3921 1482 4011 inquit,
1511 3936 1674 3990 accusant
1699 3945 1781 3999 vos,
1815 3944 1901 4013 quas
1924 3922 2074 4014 quidem
2097 3924 2176 3993 ideo
2194 3923 2225 3989 in
2254 3916 2259 3987 Ϊ

212 4012 326 4082 Deum
345 4031 525 4084 aetenmm
550 4031 682 4106 patrem
699 4015 844 4085 Domini
869 4019 980 4087 nostri
998 4019 1074 4090 lesu
1089 4019 1195 4092 Chri·
1249 4017 1436 4090 bominum
1454 4034 1580 4088 natura
1600 4020 1692 4091 Deus
1715 4045 1787 4090 non
1813 4022 1925 4091 votuit
1950 4047 2101 4112 prorsus
2123 4025 2225 4095 extin-
2257 4016 2259 4023 ’

213 4119 270 4198 sti,
290 4117 507 4186 conditorem
523 4115 771 4214 φιλόστοργον
786 4119 922 4208 generis
944 4115 1101 4206 bumani,
1117 4149 1196 4192 ore·
1247 4122 1326 4210 gui,
1355 4136 1394 4191 ut
1416 4138 1529 4191 essent
1556 4123 1754 4192 testimonia
1789 4124 1833 4191 de
1862 4121 1936 4192 Deo
1964 4138 1999 4193 et
2027 4131 2075 4194 de
2100 4124 2223 4196 iudicio
2257 4118 2259 4129 '

213 4242 306 4299 nnn,
333 4233 370 4285 ut
388 4233 530 4307 propter
544 4220 677 4301 filium,
702 4244 806 4311 quem
828 4222 966 4289 ardenti
980 4207 1195 4294 be'ne'volen-
1249 4223 1334 4307 Dei,
1367 4237 1402 4293 et
1425 4240 1518 4292 certo
1546 4227 1733 4308 sciremus,
1765 4220 1829 4293 bae
1853 4247 1938 4293 voce
1963 4242 2117 4297 naturae
2138 4250 2225 4296 com·
2256 4278 2259 4293 ,

216 4318 264 4383 tia
285 4319 417 4406 diligit,
444 4325 547 4387 corda
563 4335 681 4389 nostra
702 4320 838 4411 Spiritu
855 4345 918 4389 suo
940 4338 1195 4395 sanctocusto-
1248 4325 1455 4408 monci-acti,
1473 4322 1586 4394 Deum
1606 4350 1687 4395 vere
1702 4339 1736 4393 et
1755 4319 1978 4395 horribiliter
1993 4329 2101 4398 irasci
2117 4327 2224 4400 omni·
2257 4320 2259 4353 ³

213 4418 345 4487 distet
380 4435 493 4504 regat,
536 4447 575 4489 ac
594 4423 746 4509 depellat
776 4446 795 4493 a
827 4423 940 4504 ‚nobis
972 4425 1195 4497 insidiatores
1248 4429 1313 4495 bus
1328 4427 1539 4495 facientibus
1556 4442 1676 4497 contra
1699 4421 1761 4495 has
1778 4428 1943 4512 noticias,
1970 4430 2151 4503 divinitus
2169 4454 2225 4499 uo·

212 4519 394 4602 diabolos,
424 4517 540 4589 hostes
571 4547 665 4594 snos.
727 4522 858 4591 Primis
889 4525 993 4593 etiam
1020 4528 1132 4597 initiis
1156 4553 1195 4597 ac
1247 4529 1302 4597 bis
1324 4528 1454 4599 insitas.

212 4604 384 4686 scintillis'
402 4623 525 4691 talium
555 4626 718 4697 odiorum
749 4625 926 4712 sapienter
961 4650 1195 4717 repugnemus
1346 4627 1582 4697 Considerent
1597 4641 1711 4696 autem
1728 4629 1885 4698 iuniores
1902 4627 2004 4700 Pauli
2023 4654 2225 4704 sermonem·

212 4721 296 4809 ipsi,
324 4746 368 4787 ne
387 4723 551 4791 diabolus
574 4726 754 4794 invitetur,
1246 4727 1321 4798 Has
1337 4730 1498 4812 noticias,
1516 4753 1603 4823 quas
1618 4753 1784 4800 vocamus
1799 4730 1907 4820 Leges
1925 4746 2077 4803 naturae
2093 4760 2154 4806 seu
2173 4732 2223 4803 lot

314 4821 428 4890 Multa
447 4841 648 4911 grassantur
663 4830 791 4895 scelera
817 4821 923 4896 buius
946 4831 1083 4919 generis
1101 4831 1194 4900 iuter
1246 4845 1402 4914 naturae,
1428 4854 1586 4921 expresse
1609 4825 1668 4899 bic
1684 4833 1846 4901 nominat
1862 4832 1921 4902 lus
1938 4833 2018 4908 Dei.
2072 4834 2224 4908 Seiamm

119 4946 121 4953 >
210 4917 391 5006 immines,
426 4926 589 5014 privatim
614 4941 646 4996 et
674 4929 831 5017 puislice,
861 4930 932 4998 ¹alia
963 4933 1090 5021 magis,
1124 4933 1193 5002 alia
1244 4933 1369 5021 igitur,
1395 4938 1489 5025 quod
1516 4933 1738 5001 verissimum
1765 4948 1833 5017 est,
1868 4935 1961 5024 leges
1985 4950 2223 5009 naturaecste

209 5027 327 5093 inirms
349 5027 490 5109 atrocia,
516 5042 555 5097 ut
571 5031 680 5118 magis
696 5045 746 5099 est
761 5025 944 5127 ἄστοργος
958 5029 1061 5120 Cain,
1085 5057 1193 5126 quam
1244 5035 1299 5101 ius
1323 5035 1503 5102 divinum:
1525 5050 1574 5102 est
1593 5035 1688 5100 enim
1706 5035 1764 5102 lux
1780 5059 1799 5103 a
1816 5032 1892 5104 Deo
1907 5035 1945 5104 in
1966 5040 2152 5110 mentibus
2164 5062 2224 5107 uo·

207 5121 313 5198 Esau.
341 5127 432 5196 Sunt
449 5130 552 5197 etiam
571 5126 747 5225 ἄστοργοι
762 5124 924 5199 bomines
938 5134 1107 5218 seditiosi,
1129 5135 1191 5226 qui
1242 5135 1323 5204 stris
1338 5136 1498 5220 condita,
1515 5150 1548 5204 et
1567 5135 1750 5202 verissime
1764 5136 1931 5224 congruit
1946 5160 2028 5206 cum
2053 5136 2224 5231 Decalugo

209 5221 400 5295 Ecclesiam
417 5243 474 5298 ant
491 5233 640 5318 patriam
662 5235 738 5297 sine
760 5232 965 5301 necessariis
982 5237 1095 5303 causis
1113 5248 1190 5304 tur·
1242 5249 1276 5305 et
1289 5237 1368 5304 aliis
1388 5237 1490 5305 dictis
1509 5237 1546 5304 in
1569 5237 1646 5324 lege
1662 5235 1791 5315 Moisi,
1826 5239 1865 5305 in
1888 5238 2020 5330 quibus
2040 5243 2225 5332 repetitum

207 5323 312 5411 bant,
339 5333 420 5421 quia
444 5354 567 5401 causae
596 5343 679 5401 sunt
710 5331 907 5423 ingentium
937 5334 1123 5417 dolorum,
1154 5350 1189 5405 et
1241 5351 1291 5407 cst
1313 5338 1368 5407 ius
1388 5352 1545 5408 naturae.
1604 5337 1697 5408 Sunt
1735 5337 1830 5407 enirn
1852 5339 2080 5429 gravissimae
2102 5366 2230 5428 canuc,
