4522 5782
122 184 126 189 ’
192 208 270 289 m
379 238 408 269 .·
719 186 723 191 ’
791 180 1624 282 eunucuscntrraaancarrca.
1864 197 1870 209 ·
2116 206 2244 291 na.

104 442 115 458 .
199 402 304 460 tutes.
361 383 440 456 Hae
469 378 607 454 hostiae
637 392 719 451 sunt
750 393 911 472 acceptae
937 377 1013 449 Deo
1042 393 1188 471 propter
1212 396 1217 417 ·
1239 400 1309 467 que
1330 377 1559 447 consolentur
1580 401 1615 447 se
1639 373 1705 448 hac
1728 382 1884 467 ratione,
1910 382 2007 477 qnod
2034 376 2108 453 hoe
2122 384 2219 454 studii

198 489 400 583 pontlticem
417 483 619 566 Christum,
646 494 751 575 qn'em
769 485 890 552 andito
908 480 1102 571 Evangelio
1126 504 1188 572 ap·
1239 501 1349 565 genus
1370 479 1416 547 sit
1445 482 1662 549 necessarius
1686 484 1802 552 cultus
1827 482 1910 570 Dei,
1951 499 1986 556 et
2008 487 2053 555 ad
2079 486 2217 576 gloriam

198 587 426 682 prehendunt
441 603 608 680 tanquam
625 584 865 654 mediatorem.
1239 576 1305 647 Dei
1324 580 1515 667 pertineat,
1552 585 1659 650 modo
1683 598 1720 653 ut
1748 586 1807 677 pie
1827 599 2012 658 tractetur.
2066 586 2215 675 Quodsi

301 688 396 760 Hinc
410 690 511 760 facile
528 688 677 775 intelligi
699 699 829 775 potest,
857 708 965 776 qnare
989 679 1054 753 hac
1076 685 1186 773 ligura
1237 681 1524 763 considerabunt,
1551 684 1653 753 lacile
1671 701 1897 757 contemnent
1914 688 2048 759 indicia
2064 690 2215 768 istorum,

201 792 394 863 delectatus
419 792 483 875 sit,
508 787 779 885 ἱερουργοῦντα
801 781 845 857 τὸ
870 782 1104 884 εὐαγγέλιον,
1129 808 1186 854 sa·
1237 784 1298 873 qui
1331 783 1427 852 velut
1455 786 1657 873 contagium
1690 788 1815 877 procul
1846 791 1988 879 fugiunt
2025 791 2213 860 doctrinam

198 893 454 964 sacrificantem
477 889 725 981 Evangelium.
784 886 919 957 Voluit·
939 890 1032 956 enim
1063 892 1186 956 admo·
1236 880 1499 969 Christianam,
1537 888 1592 953 vel
1620 905 1762 978 propter
1785 905 2001 960 contemtum
2033 893 2215 980 religionis,

200 1018 299 1078 nere,
315 1018 406 1087 quae
423 995 495 1064 sint
511 1016 613 1062 verae
630 986 765 1061 hostiae
780 990 865 1058 novi
875 987 1106 1062 Testamenti.
1139 985 1187 1057 Et
1236 988 1291 1052 vel
1316 987 1399 1077 qnia
1421 987 1512 1054 aliae
1533 1001 1626 1056 artes
1651 992 1762 1078 magis
1790 1006 2035 1083 quaestuosae·
2050 1006 2155 1074 sunt,
2181 1017 2214 1063 as

201 1097 299 1189 quod
316 1097 434 1179 addit,
462 1093 508 1166 Ut
527 1094 661 1164 oblatio
680 1092 840 1182 gentium
856 1092 917 1160 liat
933 1105 1092 1181 accepta,
1120 1091 1185 1159 etsi
1235 1100 1389 1156 caeteros
1408 1088 1561 1158 irrident
1576 1113 1718 1176 omues,
1742 1093 1803 1184 qni
1824 1116 1900 1162 non
1922 1094 2107 1168 abstinent
2128 1117 2149 1167 a
2168 1116 2214 1165 ss·

74 1272 79 1277 ,
198 1199 362 1287 ambigue
386 1197 519 1267 dictum
543 1196 702 1277 videtur,
735 1207 853 1263 tamen
876 1194 1069 1262 sententiae
1092 1193 1186 1260 inter
1234 1189 1303 1257 cris
1319 1188 1434 1259 literis
1450 1191 1610 1260 omnino.
1671 1238 1675 1245 -

199 1321 235 1367 se
249 1312 334 1369 sunt
351 1297 486 1382 affines,
500 1311 539 1367 ut
554 1294 688 1368 Gentes
705 1295 844 1365 oblatae
862 1318 924 1385 per
940 1318 1007 1378 me,
1034 1290 1101 1364 hoc
1120 1308 1183 1382 est,

200 1415 426 1490 praeparatae
450 1413 618 1491 tanquam
636 1392 788 1481 hostiae,
811 1398 898 1467 fiant
922 1409 1099 1486 acceptae,
1124 1409 1184 1465 aut

196 1495 265 1569 hoc
282 1502 400 1584 modo,
418 1515 457 1571 ut
474 1498 608 1570 Gentes
623 1501 694 1567 iam
712 1498 917 1583 offerentes,
944 1492 1011 1566 hoc
1026 1512 1086 1581 est,
1109 1520 1184 1566 cre-

196 1604 319 1672 dentes
333 1616 367 1671 et
384 1602 589 1671 invocantes
607 1599 740 1683 Deum,
767 1600 855 1670 liant
871 1613 1043 1690 acceptae.
1092 1596 1182 1667 Nam
1334 1590 1425 1665 Cum
1450 1597 1496 1666 de
1522 1620 1587 1666 suo
1610 1599 1727 1669 officio
1753 1602 1905 1686 diceret,
1930 1602 2052 1673 obiter
2070 1625 2215 1673 comme-
2247 1630 2250 1637 ·

198 1719 233 1774 et
263 1704 359 1794 ipsae
377 1700 511 1774 Gentes
536 1715 781 1794 praeparatae,
818 1714 872 1787 et,
906 1715 946 1771 ut
978 1703 1026 1771 ita
1056 1701 1184 1784 dicam,
1233 1696 1385 1765 muravit
1408 1719 1488 1767 suas
1511 1700 1832 1789 peregrinationes,
1872 1716 1906 1773 et
1936 1703 2069 1775 adiecit
2090 1727 2128 1775 se
2148 1701 2215 1777 Ro·

196 1820 436 1890 consecratae,
477 1803 632 1874 offerunt
658 1826 739 1872 suas
764 1797 910 1872 hostias.
980 1800 1102 1894 ltaque
1127 1824 1184 1869 res
1232 1820 1326 1865 mam
1351 1799 1456 1868 etiam
1480 1801 1674 1892 aliquando
1698 1816 1888 1875 venturum
1911 1828 2007 1890 esse,
2034 1819 2213 1899 postquam

196 1908 318 1975 eodem
343 1906 445 1979 redit.
507 1903 603 1976 Dicit
625 1905 720 1974 enim
746 1905 784 1973 in
808 1926 964 1988 summa,
989 1927 1025 1973 se
1049 1904 1184 1996 ubique
1233 1923 1273 1967 ox
1290 1899 1506 1994 ierosolyma
1522 1904 1688 1988 redierit,
1713 1929 1785 1998 quo
1810 1906 2213 1996 nuncprnliciscissdi·

196 2030 358 2098 spargere
373 2003 631 2096 Evangelium,
656 2019 696 2075 ut
713 2002 850 2075 Gentes
872 2021 1061 2093 agnoscant
1077 2000 1184 2074 Chri·
1233 2002 1300 2081 cit,
1334 2015 1434 2071 uteo
1460 2005 1643 2094 pecuniam
1668 2007 1793 2078 afferat
1818 2009 1947 2098 passim
1969 2009 2154 2081 collectam
2173 2011 2211 2079 ad

1232 1350 1347 1427 Nunc
1372 1366 1495 1428 nutem
1518 1353 1729 1456 proficiscor
1755 1360 1796 1431 in
1823 1357 2051 1446 Ierusalem,
2085 1380 2126 1435 ut
2148 1386 2213 1435 ssc-

1592 1461 1691 1531 viam
1717 1464 1870 1535 sanctis.

196 2122 309 2193 stum,
336 2123 371 2179 et
393 2111 479 2178 liant
503 2110 656 2280 ptipulus
671 2107 742 2177 Dei
766 2122 800 2178 et
822 2103 977 2190 hostiae,
1014 2131 1054 2178 ac
1078 2106 1183 2175 invo-
1231 2102 1454 2174 adiuvandus
1488 2101 1709 2177 Christianos
1742 2109 1782 2178 in
1810 2108 1958 2195 ludaea,
1988 2113 2122 2204 quibus
2150 2112 2212 2181 lor·

195 2223 275 2282 cent
290 2225 325 2281 et
341 2210 519 2280 celebrent
568 2234 662 2280 eum.
872 2232 875 2237 ·
1234 2216 1341 2273 tunae
1382 2229 1505 2276 omnes
1539 2231 1596 2277 ere
1634 2233 1677 2277 ae
2191 2212 2209 2229 '‘

297 2309 402 2401 Quod
440 2336 522 2381 vero
558 2312 679 2381 addit:
714 2309 938 2381 Sanctificate
971 2308 1009 2377 in
1045 2306 1182 2398 Spiritu
1232 2307 1496 2395 professionem.
1560 2210 2210 2401 ΕἷιειὼἨζιῐιάἱὶωὲξιεεὶαξῖιῗξιῖῗ

194 2426 334 2498 sancto,
367 2414 495 2483 iterum
519 2415 619 2482 docet
642 2412 681 2480 in
703 2435 798 2483 novo
817 2410 1045 2482 Testamento
1067 2409 1182 2478 olhcia
1232 2411 1452 2496 temporibus
1467 2406 1552 2481 haec
1568 2409 1891 2503 EpistolaaPaulo
1905 2417 2035 2506 scripta
2053 2432 2117 2503 εει,
2130 2418 2208 2487 larue
2249 2438 2253 2465 -·

195 2529 339 2586 externa
366 2537 442 2685 nor:
463 2513 854 2686 esstassacribciahlpec
867 2514 1017 2684 glaciem
1041 2508 1117 2683 Dep
1140 2534 1180 2579 ex
1231 2511 1437 2630 gravissime
1450 2513 1656 2682 ghorptum
1674 2515 1817 2687 'cistllepe
1831 2516 1870 2584 in
1886 2518 2094 2691 totocohrtbe,
2110 2518 2208 2636 maxi·

195 2638 341 2685 oereo
369 2639 478 2687 erao.
557 2639 735 2684 teenrmo
778 2639 849 2684 ato
904 2635 1093 2682 enrnmes
1124 2637 1182 2681 ar·
1231 2635 1421 2681 raseuem
1490 2639 1612 2687 nene.
1710 2642 1757 2683 ar
1794 2641 1847 2686 em
1877 2642 1937 2687 ore
2178 2644 2186 2686 t

195 2639 313 2806 cdpta,
345 2640 483 2808 inquit,
524 2717 554 2784 si
578 2717 625 2785 sit
647 2717 859 2786 sanctificata
885 2714 1025 2806 Spiritu
1048 2729 1182 2798 sancto,
1231 2637 1361 2781 ludhea
1382 2719 1568 2803 praecipue
1583 2717 1791 2806 indigebant
1807 2643 1923 2790 alihna
1945 2634 2207 2816 ορε,η(;1ιῗὶ1;ιῐι-ῃ

194 2815 1049 2989 irdnelstfiesi(3512thofferantsspirittplalesbagms,
1074 2817 1182 2887 timo·
1231 2814 1422 2987 cultatIinps
1437 2842 1511 2989 st¹1¹1s¹
1524 2818 1690 2989 sppleiatip
1683 2834 1794 2989 eralvrt.
1838 2922 1862 2992 b
1907 2921 1946 2991 1⁹·
2006 2925 2019 2992 1
2187 2925 2194 2941 ·

344 2945 355 2986 1
405 2944 423 2988 e
506 2944 618 2989 nciam
636 2944 685 2987 nn
705 2944 818 2989 errcor
846 2943 898 2988 tae
981 2970 991 2993 .
1369 2943 1495 2987 rcere
1527 2943 1572 2988 au
1610 2944 1643 2986 m
1692 2945 1736 2990 au
1779 2944 1794 2990 s

158 3030 163 3039 '
297 2968 538 3091 Obdervcmns
555 3034 671 3091 autem
690 3017 748 3088 hic
772 3016 1035 3090 honestissimas
1058 3020 1182 3088 landes
1231 3009 1324 3085 hanc
1346 3021 1509 3089 collatam
1533 3024 1577 3089 ad
1595 3044 1680 3090 usna
1695 2945 1860 3109 illohurh,
1885 2945 2207 3116 2¹:3⁸peti3311d033:

194 3121 385 3191 ministerii
401 3123 518 3202 verbi,
546 3127 640 3215 quod
659 3123 822 3190 videlicet
838 3120 1023 3211 Evangelii
1040 3124 1181 3209 praedi·
1204 3178 1208 3261 1
1232 3131 1317 3237 runt
1340 3117 1587 3211 Evangelium.
1654 3121 1744 3191 Nam
1767 3119 1852 3195 haec
1875 3137 1926 3194 est
1950 3128 2071 3196 verius
2089 3150 2209 3199 merces

196 3221 2208 3400 aaantelataeinstellant.aaaazal’022....¹t0⁰²1:².¹³‘³'³-¹.⁰“t.‘⁰v

644 3377 653 3397 .
1316 3374 1325 3395 .
1483 3353 1493 3393 1
1710 3351 1801 3395 ruun
1885 3351 1973 3396 sarr

196 3429 363 3496 docentes
386 3439 420 3494 et
437 3428 616 3496 ‘discentes
630 3424 861 3515 Evangelium
885 3427 979 3496 inter
1001 3439 1053 3596 tgr
1070 3380 1181 3495 mhle-
1231 3425 1287 3490 nis
1311 3425 1480 3510 istorum,
1522 3348 1651 3497 degbcnt
1674 3427 1724 3497 eis
1753 3351 1925 3498 vicildsimp
1943 3354 2207 3503 cadlrlalidlhodd

196 3527 280 3595 stias
352 3526 388 3594 ni
409 3528 498 3597 utris
525 3550 569 3596 ue
616 3550 653 3595 er
679 3527 953 3601 etiendaesnnt.
1046 3541 1182 3598 octores
1205 3560 1207 3564 ’
1232 3547 1272 3592 sn
1325 3528 1465 3595 editare.
1519 3526 1757 3598 Admonetita
1784 3554 1899 3600 neno

196 3578 310 3697 scian’t
326 3550 428 3697 hunc
452 3552 678 3699 cullumpllepi
697 3628 932 3698 necessarium
950 3652 1044 3713 esse,
1070 3632 1183 3699 sciant
1231 3550 1397 3721 ludpquid
1410 3626 1594 3716 Evangelii
1608 3526 2111 3728 docturibqusdebdarhheahhcd
2122 3532 2208 3704 3³:5⁶·

197 3752 278 3899 ἒξ
296 3744 439 3900 [ὅορῑειτ
453 3728 685 3900 gloriarm-Dei
700 3733 1052 3901 priestanduniesse,
1070 3732 1184 3900 ¹sciant
1206 3754 1209 3779 ¹
1232 3753 1333 3821 saepe
1334 3733 1634 3901 doneiollmsin
1652 3731 1732 3800 aliis
1748 3728 1918 3902 ΕρέεῑοΙῐε
1934 3735 2185 3904 ctopiosissime.

332 3855 372 3899 eo
433 3855 531 3900 acere
574 3855 710 3900 etamsi
758 3856 977 3903 ommesan
1002 3857 1047 3900 ne
1085 3857 1182 3901 ten·
1365 3857 1424 3900 unt
1444 3858 1487 3900 an
1508 3856 1560 3898 ern
1592 3858 1688 3902 errea
1731 3858 1796 3902 nae
1822 3858 1974 3903 amaea

196 3948 251 4002 ter
275 3856 425 4003 audinrh
445 3885 699 4022 Evangelium,
737 3933 799 4002 alii
827 3856 1078 4014 contemnuntg,
1097 3856 1181 4002 galii
1205 3986 1209 4077 Ι
1234 3948 1313 4016 tur,
1339 3934 1377 4001 in
1402 3958 1471 4024 qna
1496 3857 1737 4004 crudelissimqe
1760 3949 1956 4005 tractantur
1977 3860 2208 4030 hiffuddiadd:

198 4031 303 4101 etiam
319 4047 590 4152 persequuntur.
616 4033 849 4152 hleminerint
863 4032 948 4106 ethi
965 4036 1026 4127 qui
1043 4035 1183 4104 discunt
1232 4048 1312 4104 cent
1335 4048 1368 4104 et
1392 4038 1591 4123 gubernant
1610 4031 1800 4116 Ecclesias,
1827 4038 1912 4106 duxi
1938 4031 1998 4107 hic
2020 4040 2207 4109 admonen-

194 4130 449 4222 Evangelrnm,
473 4132 539 4204 hoc
553 4138 710 4205 studium
729 4138 889 4206 drscendi
904 4136 1087 4224 Evangelii
1106 4137 1182 4204 cnl-
1205 4100 1209 4229 l
1232 4137 1297 4204 dos
1323 4160 1397 4204 esse
1419 4139 1583 4219 lectores,
1610 4144 1656 4206 'ut
1683 4140 1770 4228 quid
1794 4139 1948 4208 debeant
1967 4142 2205 4228 gubernatori-
2249 4116 2253 4199 l

163 4344 166 4359 Ι
198 4248 275 4351 tum
288 4232 355 4303 Dei
376 4260 467 4358 esse,
493 4260 597 4332 quem
621 4250 655 4306 et
673 4237 823 4329 requirit
837 4251 870 4307 et
891 4239 1060 4356 approbat
1074 4235 1181 4309 Dens.
1232 4238 1299 4307 bus
1311 4237 1547 4307 Ecclesiarnm
1559 4238 1797 4357 considerent.
1830 4238 1976 4311 Discant
1992 4241 2090 4325 item,
2113 4265 2207 4337 quan

195 4333 484 4509 mesprittrsdengln
505 4363 610 4507 qullm
633 4334 844 4510 scevertesthoc
865 4353 1057 4528 gaecrpsstt
1077 4339 1182 4508 Depfis,
1231 4363 1503 4511 gravpsdpopnas
1519 4354 1675 4508 rfltrrptus
1690 4341 1736 4411 sit
1750 4336 1947 4512 Dmrhis’
1972 4344 2036 4514 qpi
2055 4350 2208 4415 sacerdo·
2249 4402 2253 4459 4

390 4464 408 4507 e
469 4465 521 4508 m:
593 4464 640 4507 tin
684 4464 729 4511 au
758 4465 814 4510 re.
904 4463 987 4509 nare
1036 4465 1122 4510 oco
1163 4483 1181 4498 -
1246 4464 1319 4511 ese
1378 4467 1418 4510 oc
1436 4465 1514 4510 ores
1562 4465 1765 4512 creatarum
1787 4465 2003 4511 cunemnun
2251 4478 2253 4487 ·

196 4536 309 4621 cium,
336 4534 432 4608 hune
447 4542 580 4611 cultum
598 4537 674 4609 Deo
692 4556 865 4632 praestare
878 4563 1017 4611 necesse
1032 4555 1092 4615 cst
1231 4543 1326 4611 virili
1349 4543 1482 4614 iuvant.
1535 4538 1698 4613 Christus
1722 4544 1816 4612 enim
1840 4568 1921 4614 cum
1946 4468 2207 4641 inquitdellphho
2248 4542 2253 4607 Ῑ

298 4636 454 4709 Proinde
481 4642 617 4710 etiamsi
649 4644 687 4711 in
718 4644 796 4712 aliis
827 4645 961 4712 artibus
989 4665 1180 4728 versamur,
1230 4646 1363 4714 rarium
1382 4647 1542 4713 mercede
1562 4646 1708 4733 dignum
1725 4667 1817 4729 esse,
1842 4648 1996 4716 ostendit
2012 4650 2135 4719 deberi
2154 4672 2202 4719 ss·

197 4747 337 4823 tamen,
363 4740 453 4861 sicut
467 4740 655 4864 Agricolae
679 4746 733 4814 sui
756 4744 888 4862 laboris
910 4746 1085 4835 primitias
1101 4741 1177 4814 Deo
1229 4748 1430 4866 cerdotibus
1453 4747 1662 4863 mercedem.
1707 4743 1835 4865 ‘Quare
1859 4742 1927 4815 hoc
1947 4749 2109 4865 officium
2132 4772 2203 4821 cnm

195 4859 462 5014 {ll‘tttdl
473 4845 842 5016 ltisllt't‘ltnl
859 4861 1074 5016 ”altit
1091 4871 1178 5016 tlt.
1225 4850 1601 5019 {llllllall‘
1616 4863 1852 5019 “32¹2''le
1869 4851 2123 5023 ltlttslll
2138 4874 2204 5022 ‘l

197 5064 326 5132 magno
349 5046 385 5115 in
410 5061 720 5141 contemtuatque
743 4999 828 5117 odid
849 5063 953 5131 sont,
973 4973 1054 5141 qqui
1072 4974 1175 5139 host·
1225 5052 1262 5118 in
1280 5052 1360 5120 loco
1386 5051 1484 5119 addit
1494 4972 1661 5118 yChridtdls
1684 4971 1904 5142 magnificam
1920 4976 2203 5140 prornissinndsd‘d

187 5166 292 5233 qinom
318 5147 355 5215 in
383 5150 495 5218 literis
520 5146 791 5219 humanioribus
815 5164 848 5217 et
871 5151 950 5218 aliis
977 5150 1173 5242 disciplinis
1225 5151 1395 5246 Quisquis
1410 5164 1531 5242 potum
1548 5151 1685 5221 dederit
1699 5153 1763 5221 uui
1781 5175 1822 5220 ex
1845 5152 2006 5221 minimis
2026 5154 2103 5226 istis
2123 5156 2202 5224 cali·

188 5251 437 5319 communibus
464 5251 688 5319 mediocriter
717 5253 845 5322 versati
876 5265 988 5334 sunt,
1019 5267 1112 5322 totos
1134 5277 1171 5323 se
1223 5278 1296 5323 cem
1312 5279 1424 5346 aquae
1444 5252 1618 5342 frigidae„
1637 5266 1773 5322 tantum
1797 5252 1835 5321 in
1858 5253 2008 5323 nomine
2032 5258 2203 5347 discipuli,

130 5404 152 5432 k
187 5345 322 5415 dednnt
341 5353 458 5421 studio
475 5374 651 5422 sacrarum
662 5352 866 5439 literarum,
890 5366 1008 5426 tamen
1028 5349 1066 5423 hi
1082 5377 1169 5448 qno·
1220 5357 1338 5427 Amen
1353 5356 1432 5426 dico
1445 5354 1558 5440 vobis,
1571 5378 1645 5424 non
1660 5356 1785 5445 perdet
1800 5358 1998 5426 mercedem
2011 5378 2131 5430 suam.
2163 5357 2199 5431 si
