4522 5782
31 224 213 303 'st

766 214 894 295 rfltt.
918 217 1034 297 MEIs
1068 215 1282 295 SCRIPTA
1308 215 1615 301 Exseurtca
2158 214 2213 293 62

172 396 288 469 tiones
304 391 481 485 pertinere
496 387 658 461 sciamus.
708 383 872 461 Primum
886 391 990 463 docet
1004 413 1071 460 nos
1085 412 1160 459 non
1211 413 1302 483 quse
1326 393 1372 461 de
1396 413 1509 482 agno,
1541 390 1577 461 id
1603 404 1674 474 est,
1712 387 1854 459 victima
1879 388 1974 457 credi
2001 401 2034 457 et
2061 388 2215 477 cogitari

175 498 324 569 obscure
344 496 387 563 de
409 490 523 564 trihus
541 490 712 582 personis.
764 488 929 563 Secundo
946 492 1082 563 indicat
1096 492 1160 561 he-
1213 491 1289 563 vult
1304 490 1462 585 Spiritus
1481 507 1624 564 sanctus
1646 492 1684 561 in
1706 487 1765 564 his
1787 489 2076 574 narrationibus,
2103 511 2214 583 supra

176 597 319 680 nehcia,
356 607 392 664 et
422 614 525 663 veros
556 592 671 663 cultus
703 605 894 675 monstrat,
926 593 1032 665 Pater
1053 593 1165 665 mittit
1214 606 1396 688 utcunque
1412 594 1585 670 recensui.

177 699 332 777 Filium,
358 710 392 768 et
408 694 507 765 iubet
520 687 617 762 hunc
633 692 769 777 audiri,
793 707 1012 788 testaturque
1028 689 1125 764 hunc
1143 718 1162 763 a

180 822 217 873 se
248 796 372 888 diligi,
402 811 437 867 ct
465 796 626 867 datorem
653 819 727 866 esse
755 793 911 888 Spiritus
939 796 1071 881 sancti,
1101 817 1165 888 per

167 924 287 997 -quem
311 922 403 969 nova
427 911 463 969 et
486 906 627 969 aeterna
649 896 787 969 iusticia
809 899 849 967 in
870 892 947 984 his,
972 897 1165 993 quifilium
1320 895 1543 970 Confirmant
1580 896 1824 968 testimonium
1853 907 1888 964 et
1918 893 2127 985 discipuli,
2150 898 2214 991 qui

181 1002 351 1085 audiunt,
377 1001 446 1070 fiet.
498 997 641 1084 Tertio,
664 999 897 1071 cultusverus
911 1014 962 1072 εει
977 1020 1168 1091 agnoscere
1218 1014 1340 1093 postea
1355 1000 1515 1073 comitati
1532 994 1820 1079 suntChristum,
1846 993 2022 1085 Andreas,
2050 994 2216 1083 loannes,

182 1100 280 1176 hunc
300 1124 383 1172 vere
407 1124 481 1171 esse
495 1099 612 1171 Deum
634 1115 837 1186 aeternum,
862 1124 980 1172 rerum
1005 1100 1167 1173 omnium
1219 1101 1366 1185 Simon,
1388 1097 1600 1201 Philippus,
1626 1114 1661 1171 ct
1682 1094 1893 1173 Nathanaiil.
1950 1094 2002 1167 Hi
2022 1100 2068 1168 de
2094 1102 2215 1170 diver-

183 1206 404 1277 conditorem
433 1215 466 1273 et
496 1215 799 1283 conservatorem,
831 1226 873 1272 ac
896 1204 1074 1275 volentem
1098 1202 1169 1273 tol·
1220 1204 1315 1275 sorio
1331 1220 1507 1298 quaerunt
1531 1218 1572 1274 ut
1595 1203 1741 1274 audiant
1762 1203 1971 1287 docentem,
1997 1200 2131 1273 deinde
2147 1227 2213 1294 pa-

183 1309 257 1379 lere
280 1320 459 1402 peccatum
483 1319 516 1376 et
536 1318 706 1389 mortem,
730 1327 771 1374 ac
786 1304 922 1374 donare
939 1304 1169 1377 nobisvitam
1220 1308 1292 1377 lam
1317 1307 1442 1378 dicunt
1464 1329 1538 1376 esse
1552 1304 1732 1377 Messiam.
1784 1302 1949 1374 Andreas
1975 1302 2111 1395 inquit:
2151 1303 2215 1376 In·

183 1423 383 1492 aeternam,
408 1405 470 1499 qui
492 1418 545 1476 est
566 1418 665 1498 pater
682 1401 789 1476 huius
807 1403 960 1478 Messias
976 1402 1037 1477 hic
1051 1420 1172 1478 astan-
1222 1407 1386 1480 venimus
1412 1406 1593 1480 Messiam.
1659 1404 1733 1476 Nec
1762 1406 1802 1474 in
1830 1403 2117 1490 narrationibus,
2147 1428 2214 1475 nec

185 1511 232 1582 tis
258 1533 375 1580 coram
400 1504 577 1598 Baptista,
606 1502 642 1577 et
668 1506 834 1578 invocare
854 1506 970 1579 Deum
999 1503 1065 1579 hac
1091 1508 1171 1595 fide,
1222 1511 1263 1581 in
1299 1509 1386 1602 ipsis
1414 1509 1516 1581 lactis
1543 1509 1606 1579 illa
1638 1531 1767 1601 pompa
1797 1519 1867 1591 est,
1906 1529 1997 1599 quae
2034 1506 2214 1598 magnitu-
2253 1584 2256 1589 ,

186 1614 280 1706 quod
304 1623 449 1702 propter
464 1605 764 1696 huncMessiam,
792 1609 853 1703 qui
868 1610 979 1684 lactus
995 1623 1047 1681 est
1060 1633 1171 1703 agnus
1205 1611 1302 1697 ,atui
1329 1635 1449 1684 rerum
1472 1610 1664 1683 convenire
1690 1610 1843 1681 videtur.
1909 1606 2010 1677 Talis
2032 1621 2084 1679 est
2108 1632 2214 1678 verae

184 1711 252 1784 Dei
281 1735 343 1783 seu
375 1709 541 1800 victima,
573 1710 677 1781 nobis
699 1711 858 1782 remittat
878 1726 1040 1804 peccata,
1072 1726 1107 1784 et
1127 1713 1172 1782 sit
1223 1709 1401 1785 Ecclesiae
1418 1713 1560 1806 species,
1585 1713 1858 1802 sonatverhum,
1883 1710 2083 1780 ostenditur
2099 1731 2213 1799 agnus
2257 1784 2260 1789 ,

70 1848 72 1852 >
185 1816 336 1887 datttrus
352 1813 461 1882 vitam
475 1824 673 1896 aeternam,
698 1827 732 1885 et
745 1815 844 1906 quod
857 1808 915 1884 hic
926 1813 1075 1887 Messias
1091 1838 1173 1885 vere
1225 1816 1315 1901 Dei,
1339 1828 1531 1887 narrantur
1546 1813 1715 1886 beneficia
1730 1809 1817 1893 Dei,
1843 1824 1885 1883 ut
1901 1811 2087 1881 invocetur
2103 1825 2138 1881 et
2153 1835 2211 1880 ce·

186 1915 378 1987 sanctificet
399 1935 464 1981 nos
481 1912 618 2006 Spiritu
643 1928 762 1984 sancto
787 1938 872 2000 suo,
899 1916 962 2009 qui
980 1911 1040 1986 hic
1056 1917 1171 2009 ipsum
1224 1918 1382 1989 lebretur
1399 1916 1507 1989 Deus.
1563 1914 1702 1986 Harum
1724 1936 1844 1984 rerum
1863 1936 1944 1983 vero
1960 1913 2072 2001 gloria
2092 1913 2131 1981 in
2146 1907 2214 1981 hac
2258 1999 2261 2006 ¹

187 2017 367 2109 amplexus
405 2028 477 2099 est,
518 2026 560 2085 ut
593 2014 743 2086 sciamus
774 2041 815 2086 ex
844 2016 1066 2109 plenitudine
1097 2019 1173 2089 eius
1225 2021 1298 2091 vita
1313 2043 1387 2091 non
1401 2018 1636 2110 conspicitur,
1660 2018 1721 2088 sed
1742 2018 1781 2085 in
1805 2016 1878 2085 vita
1900 2028 2040 2086 aeterna
2066 2013 2212 2106 conspi-

186 2142 309 2191 omnes
324 2116 500 2208 accipere,
527 2127 688 2208 utsupra
705 2116 838 2189 dictum
857 2132 919 2190 est.
1225 2123 1348 2195 cietur.
1407 2121 1609 2191 Admoneat
1630 2140 1713 2208 ergo
1737 2140 1802 2188 nos
1825 2112 1911 2187 haec
1932 2116 2109 2199 narratio,
2144 2111 2215 2187 Ec-
2259 2162 2261 2172 ‹

289 2217 406 2300 llaec,
439 2217 579 2316 quoties
599 2218 825 2305 invocamus,
850 2222 895 2291 de
916 2221 1031 2292 tribus
1054 2245 1174 2313 perso·
1225 2224 1370 2295 clesiam
1397 2247 1474 2294 non
1500 2223 1540 2292 in
1567 2222 1737 2313 gradibus
1765 2220 1980 2309 dignitatum
2011 2218 2216 2301 consistere,
2256 2295 2261 2314 ,Δ

188 2324 245 2396 nis
267 2321 452 2411 cogitanda
474 2335 576 2404 sunt,
600 2333 745 2413 propter
767 2321 856 2392 duas
878 2344 1015 2409 causas,
1039 2336 1080 2393 ut
1100 2321 1189 2394 dis-²
1225 2329 1287 2396 sed
1309 2347 1385 2396 esso
1405 2339 1545 2397 coetum
1561 2325 1765 2395 docentium
1781 2336 1816 2392 et
1828 2321 2048 2391 audientium
2064 2320 2216 2391 verbum

187 2444 372 2496 cernamus
398 2435 554 2493 nostram
576 2420 837 2493 invocationem
859 2448 879 2493 a
904 2423 1116 2495 ludaeorum
1139 2439 1174 2496 ct
1224 2423 1312 2512 Dei,
1350 2439 1385 2496 et
1414 2426 1676 2497 testificantium
1699 2425 1743 2493 de
1764 2417 1926 2505 Christo,
1960 2420 2217 2490 confirmantur
2258 2415 2261 2420 ’

187 2524 389 2597 Tuscarum
411 2522 653 2607 invocatione,
676 2524 737 2615 qui
760 2526 899 2596 etiamsi
922 2526 1046 2596 dicunt
1063 2549 1099 2595 se
1116 2526 1174 2595 in·
1225 2528 1428 2599 testimonia
1450 2543 1485 2598 et
1507 2526 1707 2611 miraculis,
1733 2519 1898 2595 Christus
1911 2522 2066 2611 ,agnovit
2089 2519 2212 2592 Simo-

188 2647 314 2697 vocare
328 2621 461 2708 Deum,
486 2637 603 2695 tamen
626 2623 794 2697 reiiciunt
816 2627 946 2709 filium,
973 2650 1047 2696 non
1070 2628 1174 2698 invo-
1225 2654 1308 2701 nem
1327 2642 1363 2701 et
1382 2625 1638 2701 Nathanoelem
1659 2640 1761 2697 antea
1780 2625 1922 2715 ignotos
1930 2674 1942 2709 ,
1984 2647 2065 2692 cum
2094 2636 2216 2693 tamen

1458 757 1561 833 Erat
1587 753 1759 833 Andreas
1786 753 1967 832 Simonis·

189 2743 270 2800 cant
292 2720 390 2795 hunc
406 2723 542 2812 Deum,
568 2726 629 2820 qui
653 2742 704 2800 est
728 2744 828 2820 pater
845 2726 924 2799 lesu
940 2723 1075 2801 Christi
1092 2753 1175 2800 eru·

107 2840 112 2847 '
188 2829 282 2901 citixi
299 2851 364 2920 pro
388 2826 512 2912 nobis,
538 2841 573 2899 et
592 2829 800 2902 resuscitati.
851 2829 990 2900 Deinde
1006 2844 1046 2901 ut
1061 2831 1100 2900 in
1116 2831 1175 2899 in-

188 2930 374 3002 vocatione
397 2927 521 2999 existat
543 2929 647 3015 fides,
673 2933 769 3023 quod
784 2929 881 3001 Deus
901 2956 983 3002 vere
1006 2932 1092 3004 velit
1108 2957 1174 3004 nos

188 3030 356 3103 exaudire
378 3046 411 3104 et
433 3030 589 3123 recipere
614 3045 759 3123 propter
778 3033 913 3117 filium,
940 3049 975 3107 et
997 3037 1094 3129 quod
1117 3036 1175 3105 in-

84 3194 87 3201 .
188 3146 355 3205 vocantes
382 3154 465 3219 pere
489 3134 577 3205 velit
598 3157 718 3224 regere
741 3150 775 3208 et
796 3136 1013 3208 sanctificare
1035 3135 1174 3223 Spiritu

187 3248 321 3310 sancto.
379 3230 586 3305 intueamur
613 3259 696 3324 ergo
725 3237 872 3322 animis,
910 3262 993 3310 cum
1022 3239 1174 3309 dicimus

186 3336 428 3431 precationes,
461 3335 501 3405 in
531 3330 626 3407 hanc
655 3338 768 3428 ipsam
798 3336 982 3412 historiam
1006 3340 1174 3432 baptismi

187 3433 340 3523 Christi,
366 3450 401 3507 et
422 3438 466 3506 de
488 3431 558 3508 hoc
573 3434 651 3514 Deo
672 3440 880 3530 cogitemus,
907 3442 970 3535 qui
988 3463 1024 3512 se
1040 3443 1173 3535 patefe-

188 3540 239 3612 cit
254 3533 320 3609 hac
335 3562 421 3610 voce
435 3540 480 3609 de
497 3539 570 3609 lilio
586 3540 788 3613 clamitans:
814 3540 882 3612 Hic
900 3557 951 3613 est
965 3543 1060 3613 filius
1074 3567 1173 3615 meus

187 3641 358 3726 dilectus,
383 3634 480 3710 hunc
496 3641 634 3728 audite;
661 3656 696 3714 et
710 3638 807 3713 hunc
822 3657 955 3736 patrem
970 3639 1079 3716 huius
1093 3643 1173 3717 lesu

187 3737 322 3816 Christi
339 3743 558 3813 conditorem
575 3745 736 3814 omnium
753 3769 872 3817 rerum
888 3745 1113 3828 invocemus,
1139 3761 1174 3817 et

189 3846 372 3917 credamus
387 3867 466 3914 eum
482 3846 680 3937 propicium
695 3846 799 3917 nohis
811 3870 884 3917 esse
893 3862 1040 3941 propter
1049 3849 1174 3935 lilium,

188 3961 223 4019 et
236 3961 415 4040 petamus,
440 3959 480 4016 ut
498 3970 562 4017 nos
575 3949 767 4020 sanctificet
781 3947 919 4040 Spiritu
935 3963 1056 4021 sancto
1072 3975 1147 4025 suo.

291 4046 364 4136 Qui
387 4041 456 4117 hoc
479 4050 586 4120 modo
602 4051 814 4122 confirmant
827 4075 928 4122 suam
943 4052 1048 4124 fidem
1064 4077 1107 4122 ex
1121 4066 1172 4123 te·

1225 2755 1330 2802 nemo
1346 2732 1553 2811 indicasset,
1579 2729 1642 2822 qui
1656 2742 1782 2799 essent.
2174 2810 2181 2817 ι

1326 2832 1471 2907 Simoni
1493 2831 1655 2904 attribuit
1678 2850 1811 2899 nomen
1833 2820 1993 2916 Cephae,
2019 2824 2114 2918 quod
2141 2823 2217 2914 ipse

1225 2944 1340 3005 textus
1358 2935 1612 3028 interpretatur
1629 2955 1757 3023 rupem
1780 2952 1841 3000 seu
1859 2927 2032 3017 lapidem:
2056 2926 2093 2996 id
2117 2926 2215 2997 emm

1224 3033 1399 3126 significat
1413 3035 1550 3109 Graece
1570 3029 1711 3128 πέτρος.
1763 3031 1875 3125 quue
1899 3027 2110 3100 ludaeorum
2134 3050 2215 3099 ver-

1225 3139 1353 3209 nacula
1367 3152 1443 3210 erat
1459 3132 1589 3231 Cepha.
1637 3133 1741 3205 Hanc
1763 3134 1938 3204 rationem
1963 3129 2213 3221 appellationis

1224 3238 1374 3329 legimus
1398 3234 1529 3314 Matth.
1549 3237 1606 3310 16.
1629 3236 1750 3306 vocari
1771 3256 1916 3325 rupem,
1955 3231 2073 3323 ipsum
2098 3244 2216 3302 totum

1225 3340 1463 3412 ministerium
1480 3337 1690 3429 Evangelii,
1715 3337 1812 3431 quod
1833 3335 1994 3418 firmum,
2025 3332 2215 3402 immotum

1225 3466 1266 3513 ac
1286 3456 1496 3535 perpetuum
1517 3443 1604 3532 erit,
1648 3454 1684 3511 et
1711 3439 1916 3529 ubicunque
1938 3459 2006 3504 vor
2025 3428 2217 3523 Evangelii

1224 3558 1347 3629 sonat,
1380 3544 1433 3615 ibi
1456 3543 1524 3615 erit
1539 3540 1716 3627 Ecclesia,
1749 3563 1839 3634 quae
1863 3534 2077 3607 liberabitur
2097 3558 2117 3604 a
2134 3557 2216 3626 pec-

1225 3658 1303 3716 cato
1317 3659 1352 3716 et
1366 3657 1499 3731 morte,
1525 3668 1590 3716 nec
1607 3643 1767 3714 manebit
1779 3643 1819 3710 in
1835 3638 1987 3709 vinculis
2001 3636 2156 3729 peccati,
2182 3650 2217 3707 et

1226 3748 1416 3842 tyrannide
1448 3746 1594 3820 diaboli.
1658 3744 1742 3816 ldeo
1768 3742 1917 3812 dicitur:
1957 3736 2085 3810 Portae
2109 3737 2216 3808 inferi

1224 3872 1299 3919 non
1322 3849 1576 3942 praevalebunt
1594 3848 1761 3917 adversus
1776 3866 1864 3915 eam.
1902 3840 1975 3911 Nec
1987 3836 2130 3910 Turcae
2152 3840 2216 3909 de-

1226 3951 1352 4022 lebunt
1365 3950 1529 4022 funditus
1541 3945 1778 4039 Evangelium
1795 3960 1829 4016 et
1844 3940 2059 4028 Ecclesiam,
2084 3955 2119 4013 et
2133 3941 2215 4012 ubi·

1224 4075 1366 4145 cunque
1384 4065 1437 4122 est
1451 4048 1706 4142 Evangelium,
1738 4050 1788 4120 ibi
1812 4047 1881 4130 erit
1905 4044 2028 4115 cilicas
2046 4046 2217 4115 adversus

188 4150 357 4221 stimonio
374 4146 573 4240 Baptistae,
599 4151 708 4245 idque
727 4152 767 4222 in
788 4152 1014 4225 invocatione
1028 4154 1186 4226 intucn-¹
1211 4153 1430 4239 diabolum,
1456 4167 1489 4225 et
1505 4155 1687 4226 credentes
1710 4149 1959 4223 liberabuntur
1978 4168 1999 4215 a
2015 4159 2160 4236 peccato
2180 4155 2216 4216 et

186 4265 266 4336 tur,
292 4244 332 4319 hi
358 4251 558 4344 intelligent
578 4275 705 4343 magna
728 4255 773 4324 de
795 4276 898 4325 causa
913 4249 1092 4326 Ecclesiae
1113 4279 1172 4325 er-
1224 4267 1357 4337 morte,
1388 4267 1424 4326 et
1445 4271 1551 4329 erunt
1565 4253 1733 4329 haeredes
1754 4253 1847 4323 vitre
1867 4264 2040 4320 aeternae.
2092 4242 2215 4335 Quare

186 4347 343 4424 bibitum
367 4373 452 4428 esse.
515 4353 564 4429 Ut
584 4356 672 4446 legis
695 4380 764 4426 vox
786 4368 838 4426 est
862 4356 1104 4429 testimonium
1127 4357 1173 4426 de
1225 4356 1362 4427 etiamsi
1391 4357 1511 4453 aliqua
1534 4360 1692 4431 membra
1722 4350 1901 4425 Ecclesiae
1938 4347 2214 4420 trucidantura

186 4451 284 4540 Deo,
310 4466 345 4524 et
366 4455 412 4526 de
432 4455 486 4526 ira
506 4454 574 4527 Dei
594 4459 762 4529 adversus
784 4472 984 4551 peccatum:
1016 4459 1065 4530 ita
1086 4453 1173 4530 haec
1223 4456 1450 4530 Diocletiano
1476 4475 1512 4532 et
1530 4462 1609 4532 aliis
1635 4456 1814 4556 tyrannis,
1837 4468 1903 4525 eta
1920 4449 2067 4534 Tuscis,
2091 4463 2214 4537 tamen

186 4555 355 4628 revelatio
384 4570 436 4628 est
456 4556 698 4629 testimonium
722 4562 767 4630 de
788 4558 868 4631 Deo
891 4573 1009 4653 patre,
1040 4559 1115 4631 lilio
1138 4575 1172 4632 et
1223 4559 1454 4643 reviviscent,
1481 4574 1517 4633 et
1539 4562 1845 4653 glorificabuntur.
1894 4551 1968 4624 Nec
1992 4564 2112 4624 totum
2133 4575 2215 4622 con

186 4654 324 4749 Spiritu
339 4670 473 4744 sancto,
495 4674 530 4731 et
544 4661 589 4730 de
602 4661 844 4732 misericordia
858 4677 894 4735 et
908 4663 954 4734 de
966 4662 1172 4737 salvatione.
1223 4686 1291 4754 pus
1307 4656 1484 4734 Ecclesiae
1499 4664 1538 4734 in
1554 4661 1621 4735 hac
1635 4664 1708 4736 vita
1724 4653 1836 4730 deleri
1853 4667 1978 4749 potest.
2029 4649 2135 4722 Hanc
2147 4654 2214 4723 do·

349 4827 357 4845 .
503 4826 512 4846 .
590 4827 598 4846 .
1224 4764 1374 4835 ctrinam
1400 4788 1582 4837 sumamus
1606 4790 1648 4836 ex
1673 4760 1846 4834 vocabulo
1866 4756 1962 4829 Petri
1981 4779 2043 4827 seu
2058 4748 2215 4847 Cephae,

293 4822 373 4898 Dm
394 4835 558 4899 ‘mmm
581 4836 713 4899 'mum
734 4826 863 4899 “aba
884 4824 1061 4903 Imm·
1223 4867 1320 4958 quod
1336 4888 1460 4958 rupem
1476 4867 1661 4956 significat.
1712 4863 1809 4936 Haec
1824 4857 2001 4931 enarratio
2018 4853 2145 4927 utilior
2159 4868 2214 4927 est

286 4960 466 5055 Repetitio
499 4979 551 5040 est
580 4965 773 5058 superioris
797 4966 977 5038 concionis
1000 4964 1045 5039 de
1067 4990 1171 5057 agno,
1224 4967 1312 5056 piis,
1358 4991 1465 5061 quam
1499 4969 1693 5061 disputatio
1726 4969 1771 5037 de
1795 4961 1966 5050 dignitate
1994 4971 2031 5055 et
2055 4956 2215 5047 primatu

185 5077 220 5134 et
245 5064 444 5155 allegantur
470 5081 592 5148 testes,
627 5067 689 5161 qni
711 5061 804 5139 banc
827 5068 939 5158 ipsam
960 5070 1169 5139 'concionem
1222 5065 1379 5141 Romani
1397 5068 1598 5157 Pontificis,
1624 5094 1730 5165 quam
1755 5063 1814 5137 hic
1835 5074 2002 5141 assuunt,
2028 5082 2111 5129 tum
2134 5058 2213 5151 Pri·

183 5166 409 5240 audiverunt.
462 5166 559 5239 Haec
589 5169 751 5261 repetitio
779 5182 815 5241 et
834 5170 999 5260 allegatio
1026 5172 1168 5242 testium
1222 5183 1338 5241 matus
1353 5170 1415 5240 ille
1429 5173 1612 5245 manifeste
1629 5166 1831 5264 prohibitus
1845 5165 1909 5242 sit,
1936 5156 2153 5240 matthan,
2178 5172 2212 5231 et

184 5264 615 5351 confirmantEcclesiam,
640 5284 679 5342 ut
693 5272 1045 5355 certiusstatuamus,
1071 5268 1169 5343 hunc
1221 5295 1317 5343 nunc
1334 5285 1470 5345 tanturn
1493 5276 1539 5347 sit
1555 5276 1737 5349 barbarica
1753 5266 1932 5365 tyrannis,
1967 5263 2158 5334 idolatriae
2177 5274 2211 5332 et

182 5362 298 5439 lesum
330 5382 454 5443 natum
477 5398 518 5445 ex
541 5371 660 5445 Maria
691 5396 765 5445 esse
784 5372 964 5450 Messiam.
1020 5373 1166 5448 Caetera
1219 5373 1386 5447 saevitiae
1407 5377 1531 5469 plena:
1574 5379 1635 5448 sed
1657 5372 1850 5468 disputatio
1871 5371 1915 5440 de
1936 5366 2094 5461 primatu
2122 5363 2209 5489 alias
