<?xml version="1.0" encoding="UTF-8"?>
<!DOCTYPE html PUBLIC "-//W3C//DTD XHTML 1.0 Transitional//EN"
    "http://www.w3.org/TR/xhtml1/DTD/xhtml1-transitional.dtd">
<html xmlns="http://www.w3.org/1999/xhtml" xml:lang="en" lang="en">
 <head>
  <title>
</title>
<meta http-equiv="Content-Type" content="text/html;charset=utf-8" />
  <meta name='ocr-system' content='tesseract 3.04.00' />
  <meta name='ocr-capabilities' content='ocr_page ocr_carea ocr_par ocr_line ocrx_word'/>
</head>
<body>
  <div class='ocr_page' id='page_1' title='image "./corpusreformato01melagoog/corpusreformato01melagoog_0282.png"; bbox 0 0 4522 5782; ppageno 0'>
   <div class='ocr_carea' id='block_1_1' title="bbox 30 158 2072 309">
    <p class='ocr_par' dir='ltr' id='par_1_1' title="bbox 30 158 2072 309">
     <span class='ocr_line' id='line_1_1' title="bbox 30 158 2072 309; baseline 0 0"><span class='ocrx_word' id='word_1_1' title='bbox 30 227 113 309; x_wconf 64' lang='lat' dir='ltr'><strong>dl?</strong></span> <span class='ocrx_word' id='word_1_2' title='bbox 387 225 492 309; x_wconf 71' lang='lat'><strong>¹111.</strong></span> <span class='ocrx_word' id='word_1_3' title='bbox 541 230 580 306; x_wconf 82' lang='lat'><strong>2.</strong></span> <span class='ocrx_word' id='word_1_4' title='bbox 606 222 971 305; x_wconf 66' lang='lat' dir='ltr'><strong>consumunmt</strong></span> <span class='ocrx_word' id='word_1_5' title='bbox 996 226 1049 304; x_wconf 84' lang='grc' dir='ltr'><strong>ΙΝ</strong></span> <span class='ocrx_word' id='word_1_6' title='bbox 1071 164 1231 307; x_wconf 73' lang='lat' dir='ltr'><strong>Ill’lS‘l&#39;.</strong></span> <span class='ocrx_word' id='word_1_7' title='bbox 1255 224 1407 307; x_wconf 77' lang='lat' dir='ltr'>PAULI</span> <span class='ocrx_word' id='word_1_8' title='bbox 1431 224 1500 307; x_wconf 79' lang='lat' dir='ltr'><strong>At&gt;</strong></span> <span class='ocrx_word' id='word_1_9' title='bbox 1524 222 1790 309; x_wconf 69' lang='lat' dir='ltr'><strong>hortellos:</strong></span> <span class='ocrx_word' id='word_1_10' title='bbox 1932 158 1939 171; x_wconf 84' lang='lat'>·</span> <span class='ocrx_word' id='word_1_11' title='bbox 1982 200 2072 309; x_wconf 74' lang='lat' dir='ltr'><strong>ddb</strong></span> 
     </span>
    </p>
   </div>
   <div class='ocr_carea' id='block_1_2' title="bbox 28 398 2109 5487">
    <p class='ocr_par' dir='ltr' id='par_1_2' title="bbox 28 398 2109 5487">
     <span class='ocr_line' id='line_1_2' title="bbox 31 398 2080 507; baseline 0.003 -32"><span class='ocrx_word' id='word_1_12' title='bbox 31 402 199 498; x_wconf 82' lang='lat' dir='ltr'><strong>Denique</strong></span> <span class='ocrx_word' id='word_1_13' title='bbox 218 400 347 473; x_wconf 89' lang='lat' dir='ltr'><strong>seditio</strong></span> <span class='ocrx_word' id='word_1_14' title='bbox 371 423 447 471; x_wconf 90' lang='lat' dir='ltr'><strong>non</strong></span> <span class='ocrx_word' id='word_1_15' title='bbox 471 413 585 495; x_wconf 88' lang='lat' dir='ltr'><strong>potest</strong></span> <span class='ocrx_word' id='word_1_16' title='bbox 608 425 684 473; x_wconf 90' lang='lat' dir='ltr'><strong>nou</strong></span> <span class='ocrx_word' id='word_1_17' title='bbox 709 402 898 474; x_wconf 87' lang='lat' dir='ltr'><strong>innumera</strong></span> <span class='ocrx_word' id='word_1_18' title='bbox 921 426 1025 474; x_wconf 78' lang='lat' dir='ltr'><strong>man·</strong></span> <span class='ocrx_word' id='word_1_19' title='bbox 1075 402 1265 479; x_wconf 88' lang='lat' dir='ltr'><strong>decausis.</strong></span> <span class='ocrx_word' id='word_1_20' title='bbox 1316 401 1386 475; x_wconf 90' lang='lat' dir='ltr'><strong>Sed</strong></span> <span class='ocrx_word' id='word_1_21' title='bbox 1406 402 1483 495; x_wconf 89' lang='lat' dir='ltr'><strong>pios</strong></span> <span class='ocrx_word' id='word_1_22' title='bbox 1499 414 1637 494; x_wconf 90' lang='lat' dir='ltr'><strong>oportet</strong></span> <span class='ocrx_word' id='word_1_23' title='bbox 1659 398 1994 505; x_wconf 72' lang='grc' dir='ltr'>συναγωνίζεσθαι</span> <span class='ocrx_word' id='word_1_24' title='bbox 2022 432 2080 507; x_wconf 84' lang='lat' dir='ltr'><strong>rtp</strong></span> 
     </span>
     <span class='ocr_line' id='line_1_3' title="bbox 34 499 2067 605; baseline 0.001 -27"><span class='ocrx_word' id='word_1_25' title='bbox 34 508 115 579; x_wconf 82' lang='lat' dir='ltr'><strong>dala</strong></span> <span class='ocrx_word' id='word_1_26' title='bbox 135 519 170 577; x_wconf 89' lang='lat' dir='ltr'><strong>et</strong></span> <span class='ocrx_word' id='word_1_27' title='bbox 191 504 322 575; x_wconf 90' lang='lat' dir='ltr'><strong>scelera</strong></span> <span class='ocrx_word' id='word_1_28' title='bbox 342 525 476 595; x_wconf 85' lang='lat' dir='ltr'><strong>parere.</strong></span> <span class='ocrx_word' id='word_1_29' title='bbox 544 499 600 574; x_wconf 84' lang='lat' dir='ltr'><strong>Ex</strong></span> <span class='ocrx_word' id='word_1_30' title='bbox 625 503 828 577; x_wconf 86' lang='lat' dir='ltr'><strong>Salomonis</strong></span> <span class='ocrx_word' id='word_1_31' title='bbox 858 506 1025 576; x_wconf 74' lang='lat' dir='ltr'><strong>idolatria</strong></span> <span class='ocrx_word' id='word_1_32' title='bbox 1075 500 1305 605; x_wconf 75' lang='grc' dir='ltr'><em>εὐαγγελίῳ,</em></span> <span class='ocrx_word' id='word_1_33' title='bbox 1330 505 1421 575; x_wconf 90' lang='lat' dir='ltr'><strong>sicut</strong></span> <span class='ocrx_word' id='word_1_34' title='bbox 1435 500 1600 576; x_wconf 88' lang='lat' dir='ltr'><strong>Christus</strong></span> <span class='ocrx_word' id='word_1_35' title='bbox 1615 505 1747 599; x_wconf 88' lang='lat' dir='ltr'><strong>inquit:</strong></span> <span class='ocrx_word' id='word_1_36' title='bbox 1782 505 1824 578; x_wconf 95' lang='lat' dir='ltr'><strong>ln</strong></span> <span class='ocrx_word' id='word_1_37' title='bbox 1843 504 1915 580; x_wconf 92' lang='lat' dir='ltr'><strong>boc</strong></span> <span class='ocrx_word' id='word_1_38' title='bbox 1929 509 2067 599; x_wconf 83' lang='lat' dir='ltr'><strong>glorifi-</strong></span> 
     </span>
     <span class='ocr_line' id='line_1_4' title="bbox 36 601 2064 705; baseline 0.002 -27"><span class='ocrx_word' id='word_1_39' title='bbox 36 630 127 705; x_wconf 81' lang='lat' dir='ltr'><strong>qnae</strong></span> <span class='ocrx_word' id='word_1_40' title='bbox 148 607 242 677; x_wconf 83' lang='lat' dir='ltr'><strong>mala</strong></span> <span class='ocrx_word' id='word_1_41' title='bbox 256 620 334 677; x_wconf 90' lang='lat' dir='ltr'><strong>orta</strong></span> <span class='ocrx_word' id='word_1_42' title='bbox 349 605 455 677; x_wconf 86' lang='lat' dir='ltr'><strong>sunt?</strong></span> <span class='ocrx_word' id='word_1_43' title='bbox 489 601 653 695; x_wconf 88' lang='lat' dir='ltr'><strong>Regnum</strong></span> <span class='ocrx_word' id='word_1_44' title='bbox 671 604 781 677; x_wconf 77' lang='lat' dir='ltr'><strong>lsrael</strong></span> <span class='ocrx_word' id='word_1_45' title='bbox 796 608 1025 678; x_wconf 89' lang='lat' dir='ltr'><strong>dilaceratum</strong></span> <span class='ocrx_word' id='word_1_46' title='bbox 1075 622 1176 678; x_wconf 89' lang='lat' dir='ltr'><strong>catur</strong></span> <span class='ocrx_word' id='word_1_47' title='bbox 1197 621 1298 699; x_wconf 89' lang='lat' dir='ltr'><strong>pater</strong></span> <span class='ocrx_word' id='word_1_48' title='bbox 1320 606 1498 688; x_wconf 88' lang='lat' dir='ltr'><strong>coelestis,</strong></span> <span class='ocrx_word' id='word_1_49' title='bbox 1539 608 1571 676; x_wconf 93' lang='lat' dir='ltr'><strong>si</strong></span> <span class='ocrx_word' id='word_1_50' title='bbox 1594 606 1693 681; x_wconf 88' lang='lat' dir='ltr'><strong>eritis</strong></span> <span class='ocrx_word' id='word_1_51' title='bbox 1716 609 1786 677; x_wconf 92' lang='lat' dir='ltr'><strong>mei</strong></span> <span class='ocrx_word' id='word_1_52' title='bbox 1808 610 1996 702; x_wconf 89' lang='lat' dir='ltr'><strong>discipuli,</strong></span> <span class='ocrx_word' id='word_1_53' title='bbox 2028 625 2064 684; x_wconf 93' lang='lat' dir='ltr'><strong>et</strong></span> 
     </span>
     <span class='ocr_line' id='line_1_5' title="bbox 38 708 2064 801; baseline 0 -17"><span class='ocrx_word' id='word_1_54' title='bbox 38 724 107 797; x_wconf 87' lang='grc' dir='ltr'>εει,</span> <span class='ocrx_word' id='word_1_55' title='bbox 131 723 166 780; x_wconf 86' lang='grc' dir='ltr'><strong>ει</strong></span> <span class='ocrx_word' id='word_1_56' title='bbox 181 722 299 780; x_wconf 88' lang='lat' dir='ltr'><strong>secuta</strong></span> <span class='ocrx_word' id='word_1_57' title='bbox 312 718 481 801; x_wconf 87' lang='lat' dir='ltr'><strong>perpetua</strong></span> <span class='ocrx_word' id='word_1_58' title='bbox 496 708 682 791; x_wconf 79' lang='lat' dir='ltr'>idolatria,</span> <span class='ocrx_word' id='word_1_59' title='bbox 709 722 744 779; x_wconf 92' lang='lat' dir='ltr'><strong>et</strong></span> <span class='ocrx_word' id='word_1_60' title='bbox 768 710 861 779; x_wconf 87' lang='lat' dir='ltr'><strong>bella</strong></span> <span class='ocrx_word' id='word_1_61' title='bbox 884 710 1025 781; x_wconf 90' lang='lat' dir='ltr'><strong>intesti-</strong></span> <span class='ocrx_word' id='word_1_62' title='bbox 1073 710 1229 781; x_wconf 86' lang='lat' dir='ltr'><strong>iructum</strong></span> <span class='ocrx_word' id='word_1_63' title='bbox 1252 709 1435 801; x_wconf 90' lang='lat' dir='ltr'><strong>copiosum</strong></span> <span class='ocrx_word' id='word_1_64' title='bbox 1457 709 1654 800; x_wconf 81' lang='lat' dir='ltr'><strong>proferetis.</strong></span> <span class='ocrx_word' id='word_1_65' title='bbox 1720 708 1842 799; x_wconf 85' lang='lat' dir='ltr'><strong>Quare</strong></span> <span class='ocrx_word' id='word_1_66' title='bbox 1863 713 2064 785; x_wconf 84' lang='lat' dir='ltr'><strong>doctrinam</strong></span> 
     </span>
     <span class='ocr_line' id='line_1_6' title="bbox 38 809 2065 904; baseline 0.001 -20"><span class='ocrx_word' id='word_1_67' title='bbox 38 837 96 885; x_wconf 88' lang='lat' dir='ltr'><strong>na:</strong></span> <span class='ocrx_word' id='word_1_68' title='bbox 130 810 232 881; x_wconf 82' lang='lat' dir='ltr'><strong>Adae</strong></span> <span class='ocrx_word' id='word_1_69' title='bbox 246 811 365 900; x_wconf 89' lang='lat' dir='ltr'><strong>lapsus</strong></span> <span class='ocrx_word' id='word_1_70' title='bbox 380 832 471 903; x_wconf 88' lang='lat' dir='ltr'><strong>quae</strong></span> <span class='ocrx_word' id='word_1_71' title='bbox 485 809 577 879; x_wconf 91' lang='lat' dir='ltr'><strong>mala</strong></span> <span class='ocrx_word' id='word_1_72' title='bbox 599 811 730 881; x_wconf 88' lang='lat' dir='ltr'><strong>deinde</strong></span> <span class='ocrx_word' id='word_1_73' title='bbox 753 812 912 904; x_wconf 85' lang='lat' dir='ltr'><strong>peperit?</strong></span> <span class='ocrx_word' id='word_1_74' title='bbox 945 809 1025 881; x_wconf 90' lang='lat' dir='ltr'><strong>Hoc</strong></span> <span class='ocrx_word' id='word_1_75' title='bbox 1074 814 1168 882; x_wconf 94' lang='lat' dir='ltr'><strong>bona</strong></span> <span class='ocrx_word' id='word_1_76' title='bbox 1182 813 1252 880; x_wconf 88' lang='lat' dir='ltr'><strong>lide</strong></span> <span class='ocrx_word' id='word_1_77' title='bbox 1269 810 1478 903; x_wconf 87' lang='lat' dir='ltr'><strong>simpliciter</strong></span> <span class='ocrx_word' id='word_1_78' title='bbox 1493 823 1528 881; x_wconf 90' lang='lat' dir='ltr'><strong>et</strong></span> <span class='ocrx_word' id='word_1_79' title='bbox 1544 824 1636 881; x_wconf 90' lang='lat' dir='ltr'><strong>recte</strong></span> <span class='ocrx_word' id='word_1_80' title='bbox 1654 821 1907 904; x_wconf 73' lang='lat' dir='ltr'><strong>proponamus,</strong></span> <span class='ocrx_word' id='word_1_81' title='bbox 1932 827 1967 885; x_wconf 88' lang='lat' dir='ltr'><strong>et</strong></span> <span class='ocrx_word' id='word_1_82' title='bbox 1983 838 2065 885; x_wconf 92' lang='lat' dir='ltr'><strong>ore·</strong></span> 
     </span>
     <span class='ocr_line' id='line_1_7' title="bbox 38 910 2065 1006; baseline -0 -19"><span class='ocrx_word' id='word_1_83' title='bbox 38 914 104 1005; x_wconf 84' lang='lat' dir='ltr'><strong>agit</strong></span> <span class='ocrx_word' id='word_1_84' title='bbox 128 911 316 997; x_wconf 89' lang='lat' dir='ltr'><strong>diabolus,</strong></span> <span class='ocrx_word' id='word_1_85' title='bbox 347 924 388 981; x_wconf 92' lang='lat' dir='ltr'><strong>ut</strong></span> <span class='ocrx_word' id='word_1_86' title='bbox 410 912 498 981; x_wconf 88' lang='lat' dir='ltr'><strong>tales</strong></span> <span class='ocrx_word' id='word_1_87' title='bbox 518 910 682 983; x_wconf 89' lang='lat' dir='ltr'><strong>instituat</strong></span> <span class='ocrx_word' id='word_1_88' title='bbox 706 912 808 997; x_wconf 90' lang='lat' dir='ltr'><strong>telas,</strong></span> <span class='ocrx_word' id='word_1_89' title='bbox 840 936 921 983; x_wconf 90' lang='lat' dir='ltr'><strong>cum</strong></span> <span class='ocrx_word' id='word_1_90' title='bbox 944 913 1024 983; x_wconf 87' lang='lat' dir='ltr'><strong>ani·</strong></span> <span class='ocrx_word' id='word_1_91' title='bbox 1074 935 1154 983; x_wconf 91' lang='lat' dir='ltr'><strong>mus</strong></span> <span class='ocrx_word' id='word_1_92' title='bbox 1173 925 1213 983; x_wconf 91' lang='lat' dir='ltr'><strong>nt</strong></span> <span class='ocrx_word' id='word_1_93' title='bbox 1227 910 1324 982; x_wconf 89' lang='lat' dir='ltr'><strong>Deus</strong></span> <span class='ocrx_word' id='word_1_94' title='bbox 1343 913 1450 983; x_wconf 93' lang='lat' dir='ltr'><strong>addat</strong></span> <span class='ocrx_word' id='word_1_95' title='bbox 1466 912 1640 1004; x_wconf 89' lang='lat' dir='ltr'><strong>Spiritum</strong></span> <span class='ocrx_word' id='word_1_96' title='bbox 1661 926 1843 995; x_wconf 87' lang='lat' dir='ltr'><strong>sanctum,</strong></span> <span class='ocrx_word' id='word_1_97' title='bbox 1869 927 1911 987; x_wconf 89' lang='lat' dir='ltr'><strong>ut</strong></span> <span class='ocrx_word' id='word_1_98' title='bbox 1933 915 2065 1006; x_wconf 85' lang='lat' dir='ltr'><strong>largia-</strong></span> 
     </span>
     <span class='ocr_line' id='line_1_8' title="bbox 38 1010 2063 1106; baseline 0 -19"><span class='ocrx_word' id='word_1_99' title='bbox 38 1012 225 1087; x_wconf 86' lang='lat' dir='ltr'><strong>rnadvertit</strong></span> <span class='ocrx_word' id='word_1_100' title='bbox 247 1035 313 1083; x_wconf 92' lang='lat' dir='ltr'><strong>nos</strong></span> <span class='ocrx_word' id='word_1_101' title='bbox 333 1024 524 1083; x_wconf 83' lang='lat' dir='ltr'><strong>extenuare</strong></span> <span class='ocrx_word' id='word_1_102' title='bbox 551 1027 710 1106; x_wconf 89' lang='lat' dir='ltr'><strong>peccata,</strong></span> <span class='ocrx_word' id='word_1_103' title='bbox 751 1025 785 1082; x_wconf 88' lang='lat' dir='ltr'><strong>et</strong></span> <span class='ocrx_word' id='word_1_104' title='bbox 810 1015 1024 1105; x_wconf 88' lang='lat' dir='ltr'><strong>nobisipsis</strong></span> <span class='ocrx_word' id='word_1_105' title='bbox 1075 1016 1155 1096; x_wconf 76' lang='lat' dir='ltr'><strong>tur&#39;,</strong></span> <span class='ocrx_word' id='word_1_106' title='bbox 1188 1026 1228 1084; x_wconf 94' lang='lat' dir='ltr'><strong>ut</strong></span> <span class='ocrx_word' id='word_1_107' title='bbox 1252 1013 1384 1084; x_wconf 90' lang='lat' dir='ltr'><strong>Paulus</strong></span> <span class='ocrx_word' id='word_1_108' title='bbox 1406 1027 1527 1101; x_wconf 88' lang='lat' dir='ltr'><strong>vocat,</strong></span> <span class='ocrx_word' id='word_1_109' title='bbox 1559 1015 1831 1091; x_wconf 88' lang='lat' dir='ltr'><strong>incrementum.</strong></span> <span class='ocrx_word' id='word_1_110' title='bbox 1882 1010 2063 1089; x_wconf 75' lang='lat' dir='ltr'><strong>hdiiciam</strong></span> 
     </span>
     <span class='ocr_line' id='line_1_9' title="bbox 37 1113 2065 1211; baseline 0.001 -23"><span class='ocrx_word' id='word_1_111' title='bbox 37 1114 214 1201; x_wconf 79' lang='lat' dir='ltr'><strong>blandiri,</strong></span> <span class='ocrx_word' id='word_1_112' title='bbox 244 1136 285 1183; x_wconf 87' lang='lat' dir='ltr'><strong>ac</strong></span> <span class='ocrx_word' id='word_1_113' title='bbox 300 1113 417 1183; x_wconf 81' lang='lat' dir='ltr'><strong>laxare</strong></span> <span class='ocrx_word' id='word_1_114' title='bbox 433 1115 575 1184; x_wconf 81' lang='lat' dir='ltr'><strong>frenum</strong></span> <span class='ocrx_word' id='word_1_115' title='bbox 593 1115 863 1207; x_wconf 75' lang='lat' dir='ltr'><strong>cupiditatibus:</strong></span> <span class='ocrx_word' id='word_1_116' title='bbox 892 1116 939 1186; x_wconf 90' lang='lat' dir='ltr'><strong>ita</strong></span> <span class='ocrx_word' id='word_1_117' title='bbox 964 1140 1023 1185; x_wconf 86' lang='lat' dir='ltr'><strong>ex·</strong></span> <span class='ocrx_word' id='word_1_118' title='bbox 1074 1129 1190 1186; x_wconf 88' lang='lat' dir='ltr'><strong>autem</strong></span> <span class='ocrx_word' id='word_1_119' title='bbox 1207 1138 1317 1208; x_wconf 89' lang='lat' dir='ltr'><strong>pauca</strong></span> <span class='ocrx_word' id='word_1_120' title='bbox 1333 1116 1505 1210; x_wconf 84' lang='lat' dir='ltr'><strong>quaedam</strong></span> <span class='ocrx_word' id='word_1_121' title='bbox 1530 1131 1758 1205; x_wconf 86' lang='lat' dir='ltr'><strong>argumenta,</strong></span> <span class='ocrx_word' id='word_1_122' title='bbox 1783 1116 1915 1211; x_wconf 88' lang='lat' dir='ltr'><strong>quibus</strong></span> <span class='ocrx_word' id='word_1_123' title='bbox 1935 1120 2065 1190; x_wconf 85' lang='lat' dir='ltr'><strong>adrer-</strong></span> 
     </span>
     <span class='ocr_line' id='line_1_10' title="bbox 36 1212 2065 1310; baseline 0.003 -25"><span class='ocrx_word' id='word_1_124' title='bbox 36 1217 210 1309; x_wconf 82' lang='lat' dir='ltr'><strong>tingnitur</strong></span> <span class='ocrx_word' id='word_1_125' title='bbox 228 1214 327 1285; x_wconf 81' lang='lat' dir='ltr'><strong>fides.</strong></span> <span class='ocrx_word' id='word_1_126' title='bbox 392 1212 484 1285; x_wconf 89' lang='lat' dir='ltr'><strong>Nam</strong></span> <span class='ocrx_word' id='word_1_127' title='bbox 506 1216 592 1286; x_wconf 81' lang='lat' dir='ltr'><strong>fides</strong></span> <span class='ocrx_word' id='word_1_128' title='bbox 618 1240 709 1310; x_wconf 89' lang='lat' dir='ltr'><strong>qnae</strong></span> <span class='ocrx_word' id='word_1_129' title='bbox 732 1218 819 1307; x_wconf 90' lang='lat' dir='ltr'><strong>petit</strong></span> <span class='ocrx_word' id='word_1_130' title='bbox 840 1218 1021 1287; x_wconf 87' lang='lat' dir='ltr'><strong>remissio·</strong></span> <span class='ocrx_word' id='word_1_131' title='bbox 1075 1218 1158 1287; x_wconf 90' lang='lat' dir='ltr'><strong>sarii</strong></span> <span class='ocrx_word' id='word_1_132' title='bbox 1194 1232 1369 1288; x_wconf 89' lang='lat' dir='ltr'><strong>conantur</strong></span> <span class='ocrx_word' id='word_1_133' title='bbox 1397 1218 1605 1289; x_wconf 76' lang='lat' dir='ltr'>labefactare</span> <span class='ocrx_word' id='word_1_134' title='bbox 1642 1232 1799 1289; x_wconf 89' lang='lat' dir='ltr'><strong>nostram</strong></span> <span class='ocrx_word' id='word_1_135' title='bbox 1838 1221 2065 1295; x_wconf 85' lang='lat' dir='ltr'><strong>sententiam.</strong></span> 
     </span>
     <span class='ocr_line' id='line_1_11' title="bbox 35 1317 2092 1427; baseline 0 -34"><span class='ocrx_word' id='word_1_136' title='bbox 35 1342 114 1393; x_wconf 83' lang='lat' dir='ltr'><strong>nem</strong></span> <span class='ocrx_word' id='word_1_137' title='bbox 141 1329 388 1411; x_wconf 88' lang='lat' dir='ltr'><strong>peccatorum,</strong></span> <span class='ocrx_word' id='word_1_138' title='bbox 419 1340 494 1387; x_wconf 91' lang='lat' dir='ltr'><strong>non</strong></span> <span class='ocrx_word' id='word_1_139' title='bbox 517 1330 728 1408; x_wconf 88' lang='lat' dir='ltr'><strong>potestesse</strong></span> <span class='ocrx_word' id='word_1_140' title='bbox 751 1319 789 1387; x_wconf 94' lang='lat' dir='ltr'><strong>in</strong></span> <span class='ocrx_word' id='word_1_141' title='bbox 813 1318 858 1389; x_wconf 94' lang='lat' dir='ltr'><strong>iis</strong></span> <span class='ocrx_word' id='word_1_142' title='bbox 876 1320 939 1413; x_wconf 91' lang='lat' dir='ltr'><strong>qui</strong></span> <span class='ocrx_word' id='word_1_143' title='bbox 958 1322 1025 1389; x_wconf 92' lang='lat' dir='ltr'><strong>de-</strong></span> <span class='ocrx_word' id='word_1_144' title='bbox 1075 1317 1308 1427; x_wconf 58' lang='lat' dir='ltr'><strong>Praec‘gouum</strong></span> <span class='ocrx_word' id='word_1_145' title='bbox 1334 1332 1384 1388; x_wconf 90' lang='lat' dir='ltr'><strong>est</strong></span> <span class='ocrx_word' id='word_1_146' title='bbox 1405 1319 1648 1390; x_wconf 88' lang='lat' dir='ltr'><strong>testimonium</strong></span> <span class='ocrx_word' id='word_1_147' title='bbox 1669 1319 1709 1389; x_wconf 90' lang='lat' dir='ltr'><strong>in</strong></span> <span class='ocrx_word' id='word_1_148' title='bbox 1732 1317 1878 1390; x_wconf 92' lang='lat' dir='ltr'><strong>lacobo:</strong></span> <span class='ocrx_word' id='word_1_149' title='bbox 1911 1318 1994 1392; x_wconf 90' lang='lat' dir='ltr'><strong>Non</strong></span> <span class='ocrx_word' id='word_1_150' title='bbox 2014 1346 2057 1393; x_wconf 84' lang='lat' dir='ltr'><strong>er</strong></span> <span class='ocrx_word' id='word_1_151' title='bbox 2085 1356 2092 1365; x_wconf 81' lang='grc'><em>·</em></span> 
     </span>
     <span class='ocr_line' id='line_1_12' title="bbox 35 1418 2065 1513; baseline 0 -20"><span class='ocrx_word' id='word_1_152' title='bbox 35 1422 211 1493; x_wconf 82' lang='lat' dir='ltr'><strong>lectantnr</strong></span> <span class='ocrx_word' id='word_1_153' title='bbox 225 1430 367 1512; x_wconf 88' lang='lat' dir='ltr'><strong>peccato</strong></span> <span class='ocrx_word' id='word_1_154' title='bbox 385 1418 549 1504; x_wconf 86' lang='lat' dir='ltr'><strong>scientos,</strong></span> <span class='ocrx_word' id='word_1_155' title='bbox 575 1434 610 1511; x_wconf 77' lang='lat' dir='ltr'><strong>et</strong></span> <span class='ocrx_word' id='word_1_156' title='bbox 633 1435 717 1492; x_wconf 91' lang='lat' dir='ltr'><strong>sunt</strong></span> <span class='ocrx_word' id='word_1_157' title='bbox 739 1420 818 1491; x_wconf 89' lang='lat' dir='ltr'><strong>sine</strong></span> <span class='ocrx_word' id='word_1_158' title='bbox 836 1422 1024 1513; x_wconf 89' lang='lat' dir='ltr'><strong>poeniten·</strong></span> <span class='ocrx_word' id='word_1_159' title='bbox 1074 1420 1143 1491; x_wconf 82' lang='lat' dir='ltr'><strong>fide</strong></span> <span class='ocrx_word' id='word_1_160' title='bbox 1168 1434 1328 1505; x_wconf 87' lang='lat' dir='ltr'><strong>tanturn,</strong></span> <span class='ocrx_word' id='word_1_161' title='bbox 1352 1421 1411 1489; x_wconf 90' lang='lat' dir='ltr'><strong>sed</strong></span> <span class='ocrx_word' id='word_1_162' title='bbox 1435 1444 1477 1490; x_wconf 85' lang='lat' dir='ltr'><strong>er</strong></span> <span class='ocrx_word' id='word_1_163' title='bbox 1497 1421 1677 1513; x_wconf 89' lang='lat' dir='ltr'><strong>operibns.</strong></span> <span class='ocrx_word' id='word_1_164' title='bbox 1734 1418 1906 1491; x_wconf 81' lang='lat' dir='ltr'><strong>Facilima</strong></span> <span class='ocrx_word' id='word_1_165' title='bbox 1929 1436 1983 1495; x_wconf 89' lang='lat' dir='ltr'><strong>est</strong></span> <span class='ocrx_word' id='word_1_166' title='bbox 2005 1446 2065 1495; x_wconf 90' lang='lat' dir='ltr'><strong>re-</strong></span> 
     </span>
     <span class='ocr_line' id='line_1_13' title="bbox 35 1515 2065 1615; baseline 0 -20"><span class='ocrx_word' id='word_1_167' title='bbox 35 1524 102 1608; x_wconf 82' lang='lat' dir='ltr'><strong>tis,</strong></span> <span class='ocrx_word' id='word_1_168' title='bbox 133 1521 231 1593; x_wconf 87' lang='lat' dir='ltr'><strong>iuxta</strong></span> <span class='ocrx_word' id='word_1_169' title='bbox 254 1520 364 1593; x_wconf 89' lang='lat' dir='ltr'><strong>illud:</strong></span> <span class='ocrx_word' id='word_1_170' title='bbox 400 1517 470 1591; x_wconf 88' lang='lat' dir='ltr'><strong>Ubi</strong></span> <span class='ocrx_word' id='word_1_171' title='bbox 492 1515 669 1593; x_wconf 73' lang='lat' dir='ltr'><strong>habitabit</strong></span> <span class='ocrx_word' id='word_1_172' title='bbox 684 1520 804 1593; x_wconf 85' lang='lat' dir='ltr'><strong>Deus?</strong></span> <span class='ocrx_word' id='word_1_173' title='bbox 837 1520 880 1593; x_wconf 91' lang='lat' dir='ltr'><strong>ln</strong></span> <span class='ocrx_word' id='word_1_174' title='bbox 895 1522 1025 1615; x_wconf 88' lang='lat' dir='ltr'><strong>spiritu</strong></span> <span class='ocrx_word' id='word_1_175' title='bbox 1074 1523 1234 1614; x_wconf 87' lang='lat' dir='ltr'><strong>sponsio:</strong></span> <span class='ocrx_word' id='word_1_176' title='bbox 1265 1520 1413 1592; x_wconf 88' lang='lat' dir='ltr'><strong>lacobus</strong></span> <span class='ocrx_word' id='word_1_177' title='bbox 1433 1522 1538 1592; x_wconf 85' lang='lat' dir='ltr'><strong>fidem</strong></span> <span class='ocrx_word' id='word_1_178' title='bbox 1559 1534 1661 1593; x_wconf 89' lang='lat' dir='ltr'><strong>vocat</strong></span> <span class='ocrx_word' id='word_1_179' title='bbox 1685 1522 1853 1594; x_wconf 88' lang='lat' dir='ltr'><strong>noticiam</strong></span> <span class='ocrx_word' id='word_1_180' title='bbox 1876 1517 2065 1597; x_wconf 78' lang='lat' dir='ltr'><strong>historiae:</strong></span> 
     </span>
     <span class='ocr_line' id='line_1_14' title="bbox 36 1619 2065 1719; baseline 0.002 -23"><span class='ocrx_word' id='word_1_181' title='bbox 36 1622 211 1709; x_wconf 84' lang='lat' dir='ltr'><strong>contrito,</strong></span> <span class='ocrx_word' id='word_1_182' title='bbox 236 1634 409 1693; x_wconf 89' lang='lat' dir='ltr'><strong>tremente</strong></span> <span class='ocrx_word' id='word_1_183' title='bbox 423 1644 604 1692; x_wconf 86' lang='lat' dir='ltr'><strong>sermones</strong></span> <span class='ocrx_word' id='word_1_184' title='bbox 619 1645 728 1699; x_wconf 88' lang='lat' dir='ltr'><strong>meos.</strong></span> <span class='ocrx_word' id='word_1_185' title='bbox 776 1621 914 1695; x_wconf 89' lang='lat' dir='ltr'><strong>Nolunt</strong></span> <span class='ocrx_word' id='word_1_186' title='bbox 926 1625 1024 1695; x_wconf 90' lang='lat' dir='ltr'><strong>enim</strong></span> <span class='ocrx_word' id='word_1_187' title='bbox 1075 1625 1123 1694; x_wconf 89' lang='lat' dir='ltr'><strong>ait</strong></span> <span class='ocrx_word' id='word_1_188' title='bbox 1153 1626 1248 1695; x_wconf 89' lang='lat' dir='ltr'><strong>enim</strong></span> <span class='ocrx_word' id='word_1_189' title='bbox 1282 1626 1471 1693; x_wconf 88' lang='lat' dir='ltr'><strong>daemones</strong></span> <span class='ocrx_word' id='word_1_190' title='bbox 1501 1625 1655 1696; x_wconf 88' lang='lat' dir='ltr'><strong>credere.</strong></span> <span class='ocrx_word' id='word_1_191' title='bbox 1719 1619 1771 1695; x_wconf 89' lang='grc' dir='ltr'><strong>Αι</strong></span> <span class='ocrx_word' id='word_1_192' title='bbox 1794 1623 1926 1695; x_wconf 81' lang='lat' dir='ltr'><strong>Paulus</strong></span> <span class='ocrx_word' id='word_1_193' title='bbox 1957 1628 2065 1719; x_wconf 83' lang='lat' dir='ltr'><strong>longe</strong></span> 
     </span>
     <span class='ocr_line' id='line_1_15' title="bbox 34 1723 2066 1819; baseline 0.001 -22"><span class='ocrx_word' id='word_1_194' title='bbox 34 1724 178 1797; x_wconf 85' lang='lat' dir='ltr'><strong>liberari</strong></span> <span class='ocrx_word' id='word_1_195' title='bbox 201 1748 222 1794; x_wconf 93' lang='lat' dir='ltr'><strong>a</strong></span> <span class='ocrx_word' id='word_1_196' title='bbox 243 1736 413 1819; x_wconf 86' lang='lat' dir='ltr'><strong>peccato,</strong></span> <span class='ocrx_word' id='word_1_197' title='bbox 452 1723 514 1817; x_wconf 90' lang='lat' dir='ltr'><strong>qui</strong></span> <span class='ocrx_word' id='word_1_198' title='bbox 546 1724 695 1797; x_wconf 88' lang='lat' dir='ltr'><strong>scientes</strong></span> <span class='ocrx_word' id='word_1_199' title='bbox 722 1750 765 1795; x_wconf 95' lang='lat' dir='ltr'><strong>eo</strong></span> <span class='ocrx_word' id='word_1_200' title='bbox 791 1727 1025 1797; x_wconf 86' lang='lat' dir='ltr'><strong>delectantur.</strong></span> <span class='ocrx_word' id='word_1_201' title='bbox 1075 1726 1173 1797; x_wconf 89' lang='lat' dir='ltr'><strong>aliud</strong></span> <span class='ocrx_word' id='word_1_202' title='bbox 1199 1738 1302 1795; x_wconf 88' lang='lat' dir='ltr'><strong>vocat</strong></span> <span class='ocrx_word' id='word_1_203' title='bbox 1322 1726 1448 1810; x_wconf 85' lang='lat' dir='ltr'><strong>fidem,</strong></span> <span class='ocrx_word' id='word_1_204' title='bbox 1485 1724 1650 1796; x_wconf 79' lang='lat' dir='ltr'><strong>videlicet</strong></span> <span class='ocrx_word' id='word_1_205' title='bbox 1674 1724 1841 1797; x_wconf 85' lang='lat' dir='ltr'><strong>fiduciam</strong></span> <span class='ocrx_word' id='word_1_206' title='bbox 1861 1726 2066 1800; x_wconf 86' lang='lat' dir='ltr'><strong>misericor-</strong></span> 
     </span>
     <span class='ocr_line' id='line_1_16' title="bbox 33 1820 2065 1920; baseline 0.001 -21"><span class='ocrx_word' id='word_1_207' title='bbox 33 1830 239 1899; x_wconf 77' lang='lat' dir='ltr'><strong>Admoneat</strong></span> <span class='ocrx_word' id='word_1_208' title='bbox 259 1823 368 1914; x_wconf 91' lang='lat' dir='ltr'><strong>igitur</strong></span> <span class='ocrx_word' id='word_1_209' title='bbox 392 1847 458 1894; x_wconf 88' lang='lat' dir='ltr'><strong>nos</strong></span> <span class='ocrx_word' id='word_1_210' title='bbox 479 1826 613 1897; x_wconf 90' lang='lat' dir='ltr'><strong>dictum</strong></span> <span class='ocrx_word' id='word_1_211' title='bbox 635 1824 797 1910; x_wconf 88' lang='lat' dir='ltr'><strong>loannis,</strong></span> <span class='ocrx_word' id='word_1_212' title='bbox 822 1829 918 1899; x_wconf 88' lang='lat' dir='ltr'><strong>unde</strong></span> <span class='ocrx_word' id='word_1_213' title='bbox 942 1851 1024 1919; x_wconf 89' lang='lat' dir='ltr'><strong>pec·</strong></span> <span class='ocrx_word' id='word_1_214' title='bbox 1075 1827 1156 1898; x_wconf 89' lang='lat' dir='ltr'><strong>diae</strong></span> <span class='ocrx_word' id='word_1_215' title='bbox 1178 1840 1323 1920; x_wconf 91' lang='lat' dir='ltr'><strong>propter</strong></span> <span class='ocrx_word' id='word_1_216' title='bbox 1341 1820 1523 1897; x_wconf 76' lang='lat' dir='ltr'><strong>Christum</strong></span> <span class='ocrx_word' id='word_1_217' title='bbox 1548 1827 1751 1917; x_wconf 86' lang='lat' dir='ltr'><strong>promissae.</strong></span> <span class='ocrx_word' id='word_1_218' title='bbox 1815 1823 2065 1919; x_wconf 88' lang='lat' dir='ltr'><strong>Reprehendit</strong></span> 
     </span>
     <span class='ocr_line' id='line_1_17' title="bbox 35 1923 2066 2023; baseline -0 -21"><span class='ocrx_word' id='word_1_219' title='bbox 35 1942 152 2002; x_wconf 82' lang='lat' dir='ltr'><strong>satum</strong></span> <span class='ocrx_word' id='word_1_220' title='bbox 173 1926 329 2011; x_wconf 85' lang='lat' dir='ltr'><strong>oriatur,</strong></span> <span class='ocrx_word' id='word_1_221' title='bbox 351 1939 526 2021; x_wconf 79' lang='lat' dir='ltr'><strong>quantum</strong></span> <span class='ocrx_word' id='word_1_222' title='bbox 546 1923 683 1999; x_wconf 91' lang='lat' dir='ltr'><strong>bostem</strong></span> <span class='ocrx_word' id='word_1_223' title='bbox 707 1925 922 2015; x_wconf 89' lang='lat' dir='ltr'><strong>babeamus,</strong></span> <span class='ocrx_word' id='word_1_224' title='bbox 949 1953 1024 2023; x_wconf 92' lang='lat' dir='ltr'><strong>quo</strong></span> <span class='ocrx_word' id='word_1_225' title='bbox 1075 1929 1185 2021; x_wconf 89' lang='lat' dir='ltr'><strong>igitur</strong></span> <span class='ocrx_word' id='word_1_226' title='bbox 1196 1951 1350 1999; x_wconf 89' lang='lat' dir='ltr'><strong>errorem</strong></span> <span class='ocrx_word' id='word_1_227' title='bbox 1369 1949 1511 2012; x_wconf 90' lang='lat' dir='ltr'><strong>eorum,</strong></span> <span class='ocrx_word' id='word_1_228' title='bbox 1537 1929 1600 2023; x_wconf 90' lang='lat' dir='ltr'><strong>qui</strong></span> <span class='ocrx_word' id='word_1_229' title='bbox 1615 1950 1652 1998; x_wconf 89' lang='lat' dir='ltr'><strong>se</strong></span> <span class='ocrx_word' id='word_1_230' title='bbox 1667 1929 1778 2000; x_wconf 87' lang='lat' dir='ltr'><strong>iustos</strong></span> <span class='ocrx_word' id='word_1_231' title='bbox 1795 1950 1870 1999; x_wconf 90' lang='lat' dir='ltr'><strong>esse</strong></span> <span class='ocrx_word' id='word_1_232' title='bbox 1883 1930 2066 2002; x_wconf 79' lang='lat' dir='ltr'><strong>arbitran-</strong></span> 
     </span>
     <span class='ocr_line' id='line_1_18' title="bbox 35 2024 2064 2125; baseline 0.001 -24"><span class='ocrx_word' id='word_1_233' title='bbox 35 2041 188 2125; x_wconf 86' lang='lat' dir='ltr'><strong>spectet,</strong></span> <span class='ocrx_word' id='word_1_234' title='bbox 214 2042 246 2098; x_wconf 88' lang='lat' dir='ltr'><strong>et</strong></span> <span class='ocrx_word' id='word_1_235' title='bbox 268 2027 445 2097; x_wconf 87' lang='lat' dir='ltr'><strong>discamus</strong></span> <span class='ocrx_word' id='word_1_236' title='bbox 468 2052 626 2100; x_wconf 86' lang='lat' dir='ltr'><strong>exercere</strong></span> <span class='ocrx_word' id='word_1_237' title='bbox 648 2030 776 2118; x_wconf 85' lang='lat' dir='ltr'><strong>fidem,</strong></span> <span class='ocrx_word' id='word_1_238' title='bbox 800 2044 841 2102; x_wconf 93' lang='lat' dir='ltr'><strong>nt</strong></span> <span class='ocrx_word' id='word_1_239' title='bbox 861 2028 1025 2105; x_wconf 88' lang='lat' dir='ltr'><strong>Christus</strong></span> <span class='ocrx_word' id='word_1_240' title='bbox 1075 2044 1136 2102; x_wconf 90' lang='lat' dir='ltr'><strong>tur</strong></span> <span class='ocrx_word' id='word_1_241' title='bbox 1153 2043 1298 2122; x_wconf 89' lang='lat' dir='ltr'><strong>propter</strong></span> <span class='ocrx_word' id='word_1_242' title='bbox 1312 2029 1566 2122; x_wconf 70' lang='lat' dir='ltr'><strong>professionem</strong></span> <span class='ocrx_word' id='word_1_243' title='bbox 1583 2024 1768 2101; x_wconf 88' lang='lat' dir='ltr'><strong>historiae:</strong></span> <span class='ocrx_word' id='word_1_244' title='bbox 1795 2027 1893 2101; x_wconf 86' lang='lat' dir='ltr'><strong>Haec</strong></span> <span class='ocrx_word' id='word_1_245' title='bbox 1907 2045 1959 2104; x_wconf 87' lang='lat' dir='ltr'><strong>est</strong></span> <span class='ocrx_word' id='word_1_246' title='bbox 1973 2054 2064 2124; x_wconf 91' lang='lat' dir='ltr'><strong>opus</strong></span> 
     </span>
     <span class='ocr_line' id='line_1_19' title="bbox 35 2124 2064 2224; baseline 0.001 -21"><span class='ocrx_word' id='word_1_247' title='bbox 35 2124 602 2204; x_wconf 87' lang='lat' dir='ltr'><strong>innobisvincatbnncbostem.</strong></span> <span class='ocrx_word' id='word_1_248' title='bbox 864 2198 871 2203; x_wconf 87' lang='lat'><strong>.</strong></span> <span class='ocrx_word' id='word_1_249' title='bbox 1075 2132 1310 2204; x_wconf 88' lang='lat' dir='ltr'><strong>necessarium</strong></span> <span class='ocrx_word' id='word_1_250' title='bbox 1329 2130 1491 2224; x_wconf 88' lang='lat' dir='ltr'><strong>quidem,</strong></span> <span class='ocrx_word' id='word_1_251' title='bbox 1516 2144 1557 2203; x_wconf 88' lang='lat' dir='ltr'><strong>ut</strong></span> <span class='ocrx_word' id='word_1_252' title='bbox 1573 2144 1709 2203; x_wconf 88' lang='lat' dir='ltr'><strong>caetera</strong></span> <span class='ocrx_word' id='word_1_253' title='bbox 1730 2131 1824 2202; x_wconf 90' lang='lat' dir='ltr'><strong>bona</strong></span> <span class='ocrx_word' id='word_1_254' title='bbox 1846 2154 1973 2224; x_wconf 90' lang='lat' dir='ltr'><strong>opera,</strong></span> <span class='ocrx_word' id='word_1_255' title='bbox 1999 2136 2064 2205; x_wconf 88' lang='lat' dir='ltr'><strong>sed</strong></span> 
     </span>
     <span class='ocr_line' id='line_1_20' title="bbox 137 2228 2065 2326; baseline 0.002 -23"><span class='ocrx_word' id='word_1_256' title='bbox 137 2230 320 2303; x_wconf 86' lang='lat' dir='ltr'><strong>Hactenus</strong></span> <span class='ocrx_word' id='word_1_257' title='bbox 341 2232 488 2322; x_wconf 82' lang='lat' dir='ltr'><strong>exposui</strong></span> <span class='ocrx_word' id='word_1_258' title='bbox 505 2254 679 2303; x_wconf 87' lang='lat' dir='ltr'><strong>summam</strong></span> <span class='ocrx_word' id='word_1_259' title='bbox 700 2232 883 2304; x_wconf 87' lang='lat' dir='ltr'><strong>doctrinae</strong></span> <span class='ocrx_word' id='word_1_260' title='bbox 900 2228 1024 2303; x_wconf 85' lang='lat' dir='ltr'><strong>Eran·</strong></span> <span class='ocrx_word' id='word_1_261' title='bbox 1077 2258 1151 2303; x_wconf 91' lang='lat' dir='ltr'><strong>non</strong></span> <span class='ocrx_word' id='word_1_262' title='bbox 1177 2246 1228 2303; x_wconf 86' lang='lat' dir='ltr'><strong>est</strong></span> <span class='ocrx_word' id='word_1_263' title='bbox 1251 2233 1313 2305; x_wconf 91' lang='lat' dir='ltr'><strong>illa</strong></span> <span class='ocrx_word' id='word_1_264' title='bbox 1335 2233 1482 2316; x_wconf 86' lang='lat' dir='ltr'><strong>fiducia,</strong></span> <span class='ocrx_word' id='word_1_265' title='bbox 1512 2256 1582 2326; x_wconf 90' lang='lat' dir='ltr'><strong>qua</strong></span> <span class='ocrx_word' id='word_1_266' title='bbox 1604 2233 1796 2324; x_wconf 88' lang='lat' dir='ltr'><strong>accipimus</strong></span> <span class='ocrx_word' id='word_1_267' title='bbox 1818 2234 2065 2306; x_wconf 88' lang='lat' dir='ltr'><strong>remissionem</strong></span> 
     </span>
     <span class='ocr_line' id='line_1_21' title="bbox 36 2332 2066 2429; baseline 0 -22"><span class='ocrx_word' id='word_1_268' title='bbox 36 2333 139 2429; x_wconf 83' lang='lat' dir='ltr'><strong>gelii,</strong></span> <span class='ocrx_word' id='word_1_269' title='bbox 164 2333 210 2403; x_wconf 90' lang='lat' dir='ltr'><strong>de</strong></span> <span class='ocrx_word' id='word_1_270' title='bbox 222 2332 489 2417; x_wconf 86' lang='lat' dir='ltr'><strong>iustificatione,</strong></span> <span class='ocrx_word' id='word_1_271' title='bbox 513 2347 553 2405; x_wconf 89' lang='lat' dir='ltr'><strong>ut</strong></span> <span class='ocrx_word' id='word_1_272' title='bbox 569 2348 733 2421; x_wconf 85' lang='lat' dir='ltr'><strong>vocatur,</strong></span> <span class='ocrx_word' id='word_1_273' title='bbox 758 2357 821 2404; x_wconf 90' lang='lat' dir='ltr'><strong>sen</strong></span> <span class='ocrx_word' id='word_1_274' title='bbox 836 2334 881 2404; x_wconf 92' lang='lat' dir='ltr'><strong>de</strong></span> <span class='ocrx_word' id='word_1_275' title='bbox 902 2335 1026 2426; x_wconf 87' lang='lat' dir='ltr'><strong>gratia,</strong></span> <span class='ocrx_word' id='word_1_276' title='bbox 1077 2348 1320 2429; x_wconf 89' lang='lat' dir='ltr'><strong>peccatorum,</strong></span> <span class='ocrx_word' id='word_1_277' title='bbox 1354 2348 1392 2404; x_wconf 94' lang='lat' dir='ltr'><strong>ut</strong></span> <span class='ocrx_word' id='word_1_278' title='bbox 1422 2346 1570 2410; x_wconf 86' lang='lat' dir='ltr'><strong>constat.</strong></span> <span class='ocrx_word' id='word_1_279' title='bbox 1644 2335 1788 2406; x_wconf 81' lang='lat' dir='ltr'><strong>Deinde</strong></span> <span class='ocrx_word' id='word_1_280' title='bbox 1812 2358 1892 2405; x_wconf 90' lang='lat' dir='ltr'><strong>cum</strong></span> <span class='ocrx_word' id='word_1_281' title='bbox 1922 2336 1991 2423; x_wconf 87' lang='lat' dir='ltr'><strong>ait,</strong></span> <span class='ocrx_word' id='word_1_282' title='bbox 2023 2360 2066 2407; x_wconf 84' lang='lat' dir='ltr'><strong>ex</strong></span> 
     </span>
     <span class='ocr_line' id='line_1_22' title="bbox 37 2432 2109 2530; baseline 0 -21"><span class='ocrx_word' id='word_1_283' title='bbox 37 2442 79 2509; x_wconf 91' lang='lat' dir='ltr'><strong>de</strong></span> <span class='ocrx_word' id='word_1_284' title='bbox 90 2434 401 2525; x_wconf 80' lang='lat' dir='ltr'><strong>reconciliatione,</strong></span> <span class='ocrx_word' id='word_1_285' title='bbox 426 2433 575 2520; x_wconf 89' lang='lat' dir='ltr'><strong>deiide,</strong></span> <span class='ocrx_word' id='word_1_286' title='bbox 599 2450 634 2507; x_wconf 93' lang='lat' dir='ltr'><strong>et</strong></span> <span class='ocrx_word' id='word_1_287' title='bbox 654 2439 699 2506; x_wconf 93' lang='lat' dir='ltr'><strong>de</strong></span> <span class='ocrx_word' id='word_1_288' title='bbox 719 2435 826 2507; x_wconf 90' lang='lat' dir='ltr'><strong>bonis</strong></span> <span class='ocrx_word' id='word_1_289' title='bbox 847 2437 1027 2527; x_wconf 82' lang='lat' dir='ltr'><strong>operibus.</strong></span> <span class='ocrx_word' id='word_1_290' title='bbox 1077 2437 1244 2529; x_wconf 88' lang='lat' dir='ltr'><strong>operibus</strong></span> <span class='ocrx_word' id='word_1_291' title='bbox 1267 2436 1473 2507; x_wconf 85' lang='lat' dir='ltr'><strong>iustificatus</strong></span> <span class='ocrx_word' id='word_1_292' title='bbox 1497 2448 1567 2522; x_wconf 94' lang='grc' dir='ltr'>εει,</span> <span class='ocrx_word' id='word_1_293' title='bbox 1591 2432 1730 2530; x_wconf 80' lang='lat' dir='ltr'><strong>phrasis</strong></span> <span class='ocrx_word' id='word_1_294' title='bbox 1755 2448 1806 2507; x_wconf 91' lang='lat' dir='ltr'><strong>est</strong></span> <span class='ocrx_word' id='word_1_295' title='bbox 1830 2436 2064 2513; x_wconf 81' lang='lat' dir='ltr'><strong>observanda.</strong></span> <span class='ocrx_word' id='word_1_296' title='bbox 2098 2514 2109 2527; x_wconf 23' lang='lat'><em>⁵</em></span> 
     </span>
     <span class='ocr_line' id='line_1_23' title="bbox 37 2528 2061 2632; baseline -0.002 -19"><span class='ocrx_word' id='word_1_297' title='bbox 37 2536 126 2613; x_wconf 77' lang='lat' dir='ltr'><strong>com</strong></span> <span class='ocrx_word' id='word_1_298' title='bbox 141 2551 260 2609; x_wconf 89' lang='lat' dir='ltr'><strong>sutem</strong></span> <span class='ocrx_word' id='word_1_299' title='bbox 284 2528 372 2606; x_wconf 90' lang='lat' dir='ltr'><strong>baec</strong></span> <span class='ocrx_word' id='word_1_300' title='bbox 386 2537 561 2607; x_wconf 88' lang='lat' dir='ltr'><strong>sententia</strong></span> <span class='ocrx_word' id='word_1_301' title='bbox 581 2538 627 2610; x_wconf 92' lang='lat' dir='ltr'><strong>sit</strong></span> <span class='ocrx_word' id='word_1_302' title='bbox 642 2538 749 2632; x_wconf 88' lang='lat' dir='ltr'><strong>plana</strong></span> <span class='ocrx_word' id='word_1_303' title='bbox 764 2562 804 2609; x_wconf 92' lang='lat' dir='ltr'><strong>ac</strong></span> <span class='ocrx_word' id='word_1_304' title='bbox 830 2537 1025 2631; x_wconf 86' lang='lat' dir='ltr'><strong>perspicua,</strong></span> <span class='ocrx_word' id='word_1_305' title='bbox 1076 2537 1157 2609; x_wconf 89' lang='lat' dir='ltr'><strong>Non</strong></span> <span class='ocrx_word' id='word_1_306' title='bbox 1183 2538 1278 2608; x_wconf 90' lang='lat' dir='ltr'><strong>enim</strong></span> <span class='ocrx_word' id='word_1_307' title='bbox 1302 2538 1379 2607; x_wconf 90' lang='lat' dir='ltr'><strong>vult</strong></span> <span class='ocrx_word' id='word_1_308' title='bbox 1394 2532 1578 2605; x_wconf 82' lang='lat' dir='ltr'><strong>Abraham</strong></span> <span class='ocrx_word' id='word_1_309' title='bbox 1601 2551 1749 2630; x_wconf 88' lang='lat' dir='ltr'><strong>propter</strong></span> <span class='ocrx_word' id='word_1_310' title='bbox 1771 2560 1881 2628; x_wconf 86' lang='lat' dir='ltr'><strong>opera</strong></span> <span class='ocrx_word' id='word_1_311' title='bbox 1898 2538 2061 2610; x_wconf 85' lang='lat' dir='ltr'><strong>reconci-</strong></span> 
     </span>
     <span class='ocr_line' id='line_1_24' title="bbox 40 2632 2066 2737; baseline 0.001 -28"><span class='ocrx_word' id='word_1_312' title='bbox 40 2666 115 2715; x_wconf 87' lang='lat' dir='ltr'><strong>enm</strong></span> <span class='ocrx_word' id='word_1_313' title='bbox 138 2634 233 2709; x_wconf 85' lang='lat' dir='ltr'><strong>nihil</strong></span> <span class='ocrx_word' id='word_1_314' title='bbox 252 2632 381 2709; x_wconf 89' lang='lat' dir='ltr'><strong>babeat</strong></span> <span class='ocrx_word' id='word_1_315' title='bbox 404 2638 650 2725; x_wconf 87' lang='lat' dir='ltr'><strong>absurditatis,</strong></span> <span class='ocrx_word' id='word_1_316' title='bbox 684 2654 745 2712; x_wconf 90' lang='lat' dir='ltr'><strong>aut</strong></span> <span class='ocrx_word' id='word_1_317' title='bbox 768 2640 1027 2733; x_wconf 75' lang='lat' dir='ltr'><strong>perplexitatis,</strong></span> <span class='ocrx_word' id='word_1_318' title='bbox 1076 2640 1200 2711; x_wconf 90' lang='lat' dir='ltr'><strong>liatum</strong></span> <span class='ocrx_word' id='word_1_319' title='bbox 1233 2662 1324 2722; x_wconf 89' lang='lat' dir='ltr'><strong>esse,</strong></span> <span class='ocrx_word' id='word_1_320' title='bbox 1365 2640 1426 2707; x_wconf 90' lang='lat' dir='ltr'><strong>sed</strong></span> <span class='ocrx_word' id='word_1_321' title='bbox 1447 2662 1554 2729; x_wconf 90' lang='lat' dir='ltr'><strong>opera</strong></span> <span class='ocrx_word' id='word_1_322' title='bbox 1582 2640 1799 2711; x_wconf 88' lang='lat' dir='ltr'><strong>reconciliati</strong></span> <span class='ocrx_word' id='word_1_323' title='bbox 1821 2654 1942 2737; x_wconf 90' lang='lat' dir='ltr'><strong>postea</strong></span> <span class='ocrx_word' id='word_1_324' title='bbox 1963 2636 2066 2711; x_wconf 80' lang='lat' dir='ltr'><strong>Deo</strong></span> 
     </span>
     <span class='ocr_line' id='line_1_25' title="bbox 41 2736 2067 2835; baseline 0 -22"><span class='ocrx_word' id='word_1_325' title='bbox 41 2756 97 2816; x_wconf 89' lang='lat' dir='ltr'><strong>snt</strong></span> <span class='ocrx_word' id='word_1_326' title='bbox 116 2736 342 2834; x_wconf 87' lang='lat' dir='ltr'><strong>sophistices,</strong></span> <span class='ocrx_word' id='word_1_327' title='bbox 381 2764 463 2811; x_wconf 86' lang='lat' dir='ltr'><strong>cum</strong></span> <span class='ocrx_word' id='word_1_328' title='bbox 487 2742 656 2834; x_wconf 84' lang='lat' dir='ltr'><strong>loquatur</strong></span> <span class='ocrx_word' id='word_1_329' title='bbox 683 2744 727 2812; x_wconf 92' lang='lat' dir='ltr'><strong>de</strong></span> <span class='ocrx_word' id='word_1_330' title='bbox 754 2741 930 2825; x_wconf 88' lang='lat' dir='ltr'><strong>motibus,</strong></span> <span class='ocrx_word' id='word_1_331' title='bbox 962 2742 1025 2835; x_wconf 86' lang='lat' dir='ltr'><strong>qui</strong></span> <span class='ocrx_word' id='word_1_332' title='bbox 1077 2741 1261 2833; x_wconf 87' lang='lat' dir='ltr'><strong>placuisse.</strong></span> <span class='ocrx_word' id='word_1_333' title='bbox 1309 2737 1401 2811; x_wconf 86' lang='lat' dir='ltr'><strong>Nam</strong></span> <span class='ocrx_word' id='word_1_334' title='bbox 1418 2762 1525 2829; x_wconf 90' lang='lat' dir='ltr'><strong>opera</strong></span> <span class='ocrx_word' id='word_1_335' title='bbox 1541 2740 1580 2808; x_wconf 94' lang='lat' dir='ltr'><strong>in</strong></span> <span class='ocrx_word' id='word_1_336' title='bbox 1595 2740 1830 2813; x_wconf 86' lang='lat' dir='ltr'><strong>reconciliatis</strong></span> <span class='ocrx_word' id='word_1_337' title='bbox 1845 2741 1997 2832; x_wconf 88' lang='lat' dir='ltr'><strong>placent,</strong></span> <span class='ocrx_word' id='word_1_338' title='bbox 2023 2753 2067 2815; x_wconf 89' lang='lat' dir='ltr'><strong>ut</strong></span> 
     </span>
     <span class='ocr_line' id='line_1_26' title="bbox 43 2840 2063 2935; baseline -0.002 -18"><span class='ocrx_word' id='word_1_339' title='bbox 43 2845 212 2917; x_wconf 88' lang='lat' dir='ltr'><strong>notisunt</strong></span> <span class='ocrx_word' id='word_1_340' title='bbox 227 2840 297 2933; x_wconf 91' lang='lat' dir='ltr'><strong>piis</strong></span> <span class='ocrx_word' id='word_1_341' title='bbox 313 2843 494 2914; x_wconf 88' lang='lat' dir='ltr'><strong>mentibus</strong></span> <span class='ocrx_word' id='word_1_342' title='bbox 511 2841 550 2911; x_wconf 91' lang='lat' dir='ltr'><strong>in</strong></span> <span class='ocrx_word' id='word_1_343' title='bbox 567 2840 746 2929; x_wconf 83' lang='lat' dir='ltr'><strong>Ecclesia,</strong></span> <span class='ocrx_word' id='word_1_344' title='bbox 772 2866 847 2914; x_wconf 90' lang='lat' dir='ltr'><strong>non</strong></span> <span class='ocrx_word' id='word_1_345' title='bbox 870 2844 1026 2934; x_wconf 89' lang='lat' dir='ltr'><strong>disputet</strong></span> <span class='ocrx_word' id='word_1_346' title='bbox 1077 2844 1211 2914; x_wconf 87' lang='lat' dir='ltr'><strong>dictum</strong></span> <span class='ocrx_word' id='word_1_347' title='bbox 1234 2854 1308 2933; x_wconf 89' lang='grc' dir='ltr'>εει,</span> <span class='ocrx_word' id='word_1_348' title='bbox 1336 2854 1371 2913; x_wconf 89' lang='grc' dir='ltr'><strong>ει</strong></span> <span class='ocrx_word' id='word_1_349' title='bbox 1392 2853 1475 2913; x_wconf 91' lang='lat' dir='ltr'><strong>sunt</strong></span> <span class='ocrx_word' id='word_1_350' title='bbox 1497 2844 1670 2933; x_wconf 87' lang='lat' dir='ltr'><strong>quaedam</strong></span> <span class='ocrx_word' id='word_1_351' title='bbox 1696 2843 1834 2915; x_wconf 91' lang='lat' dir='ltr'><strong>iusticia</strong></span> <span class='ocrx_word' id='word_1_352' title='bbox 1859 2842 1966 2935; x_wconf 89' lang='lat' dir='ltr'><strong>legis,</strong></span> <span class='ocrx_word' id='word_1_353' title='bbox 1999 2843 2063 2913; x_wconf 89' lang='lat' dir='ltr'><strong>sed</strong></span> 
     </span>
     <span class='ocr_line' id='line_1_27' title="bbox 44 2938 2065 3035; baseline -0 -18"><span class='ocrx_word' id='word_1_354' title='bbox 44 2948 82 3019; x_wconf 91' lang='lat' dir='ltr'><strong>de</strong></span> <span class='ocrx_word' id='word_1_355' title='bbox 101 2938 412 3034; x_wconf 68' lang='lat' dir='ltr'><strong>otiosis&#39;argntiis,</strong></span> <span class='ocrx_word' id='word_1_356' title='bbox 435 2967 515 3013; x_wconf 89' lang='lat' dir='ltr'><strong>cum</strong></span> <span class='ocrx_word' id='word_1_357' title='bbox 538 2944 692 3016; x_wconf 89' lang='lat' dir='ltr'><strong>illustret</strong></span> <span class='ocrx_word' id='word_1_358' title='bbox 715 2946 864 3035; x_wconf 82' lang='lat' dir='ltr'><strong>gloriam</strong></span> <span class='ocrx_word' id='word_1_359' title='bbox 878 2940 1025 3025; x_wconf 88' lang='lat' dir='ltr'><strong>Christi,</strong></span> <span class='ocrx_word' id='word_1_360' title='bbox 1078 2970 1151 3016; x_wconf 91' lang='lat' dir='ltr'><strong>non</strong></span> <span class='ocrx_word' id='word_1_361' title='bbox 1174 2957 1355 3013; x_wconf 90' lang='lat' dir='ltr'><strong>merentur</strong></span> <span class='ocrx_word' id='word_1_362' title='bbox 1375 2942 1617 3012; x_wconf 87' lang='lat' dir='ltr'><strong>remissionem</strong></span> <span class='ocrx_word' id='word_1_363' title='bbox 1640 2958 1884 3034; x_wconf 90' lang='lat' dir='ltr'><strong>peccatorum,</strong></span> <span class='ocrx_word' id='word_1_364' title='bbox 1922 2958 1983 3017; x_wconf 89' lang='lat' dir='ltr'><strong>aut</strong></span> <span class='ocrx_word' id='word_1_365' title='bbox 2006 2966 2065 3016; x_wconf 87' lang='lat' dir='ltr'><strong>ac·</strong></span> 
     </span>
     <span class='ocr_line' id='line_1_28' title="bbox 43 3041 2063 3139; baseline 0 -22"><span class='ocrx_word' id='word_1_366' title='bbox 43 3072 116 3123; x_wconf 91' lang='lat' dir='ltr'><strong>enm</strong></span> <span class='ocrx_word' id='word_1_367' title='bbox 137 3044 421 3136; x_wconf 75' lang='lat' dir='ltr'><strong>magnitudinem</strong></span> <span class='ocrx_word' id='word_1_368' title='bbox 446 3043 664 3116; x_wconf 83' lang='lat' dir='ltr'><strong>infirmitatis</strong></span> <span class='ocrx_word' id='word_1_369' title='bbox 685 3041 862 3117; x_wconf 88' lang='lat' dir='ltr'><strong>humanae</strong></span> <span class='ocrx_word' id='word_1_370' title='bbox 882 3060 1025 3136; x_wconf 88' lang='lat' dir='ltr'><strong>retegat,</strong></span> <span class='ocrx_word' id='word_1_371' title='bbox 1076 3047 1311 3139; x_wconf 90' lang='lat' dir='ltr'><strong>ceptatiooem</strong></span> <span class='ocrx_word' id='word_1_372' title='bbox 1328 3044 1373 3113; x_wconf 91' lang='lat' dir='ltr'><strong>ad</strong></span> <span class='ocrx_word' id='word_1_373' title='bbox 1395 3044 1502 3114; x_wconf 83' lang='lat' dir='ltr'><strong>vitam</strong></span> <span class='ocrx_word' id='word_1_374' title='bbox 1519 3058 1707 3114; x_wconf 91' lang='lat' dir='ltr'><strong>aeternam.</strong></span> <span class='ocrx_word' id='word_1_375' title='bbox 1760 3046 1820 3117; x_wconf 88' lang='lat' dir='ltr'><strong>Sic</strong></span> <span class='ocrx_word' id='word_1_376' title='bbox 1836 3046 1946 3135; x_wconf 86' lang='lat' dir='ltr'><strong>igitur</strong></span> <span class='ocrx_word' id='word_1_377' title='bbox 1959 3044 2063 3129; x_wconf 83' lang='lat' dir='ltr'><strong>dixit,</strong></span> 
     </span>
     <span class='ocr_line' id='line_1_29' title="bbox 43 3143 2063 3245; baseline -0.002 -23"><span class='ocrx_word' id='word_1_378' title='bbox 43 3150 190 3245; x_wconf 84' lang='lat' dir='ltr'><strong>denique</strong></span> <span class='ocrx_word' id='word_1_379' title='bbox 206 3171 287 3217; x_wconf 91' lang='lat' dir='ltr'><strong>cum</strong></span> <span class='ocrx_word' id='word_1_380' title='bbox 304 3147 437 3239; x_wconf 88' lang='lat' dir='ltr'><strong>optime</strong></span> <span class='ocrx_word' id='word_1_381' title='bbox 452 3160 624 3237; x_wconf 79' lang='lat' dir='ltr'><strong>congruat</strong></span> <span class='ocrx_word' id='word_1_382' title='bbox 646 3171 726 3217; x_wconf 89' lang='lat' dir='ltr'><strong>curn</strong></span> <span class='ocrx_word' id='word_1_383' title='bbox 750 3162 920 3241; x_wconf 90' lang='lat' dir='ltr'><strong>perpetuo</strong></span> <span class='ocrx_word' id='word_1_384' title='bbox 938 3172 1025 3217; x_wconf 86' lang='lat' dir='ltr'><strong>con·</strong></span> <span class='ocrx_word' id='word_1_385' title='bbox 1076 3150 1180 3221; x_wconf 88' lang='lat' dir='ltr'><strong>etiam</strong></span> <span class='ocrx_word' id='word_1_386' title='bbox 1204 3171 1245 3217; x_wconf 83' lang='lat' dir='ltr'><strong>er</strong></span> <span class='ocrx_word' id='word_1_387' title='bbox 1267 3146 1435 3236; x_wconf 88' lang='lat' dir='ltr'><strong>operibus</strong></span> <span class='ocrx_word' id='word_1_388' title='bbox 1459 3145 1685 3217; x_wconf 82' lang='lat' dir='ltr'><strong>iustificatum</strong></span> <span class='ocrx_word' id='word_1_389' title='bbox 1704 3170 1779 3217; x_wconf 90' lang='lat' dir='ltr'><strong>esse</strong></span> <span class='ocrx_word' id='word_1_390' title='bbox 1796 3143 1999 3233; x_wconf 84' lang='lat' dir='ltr'><strong>Abrabam,</strong></span> <span class='ocrx_word' id='word_1_391' title='bbox 2025 3146 2063 3217; x_wconf 92' lang='lat' dir='ltr'><strong>id</strong></span> 
     </span>
     <span class='ocr_line' id='line_1_30' title="bbox 45 3246 2064 3341; baseline -0.003 -17"><span class='ocrx_word' id='word_1_392' title='bbox 45 3276 142 3325; x_wconf 88' lang='lat' dir='ltr'><strong>sensu</strong></span> <span class='ocrx_word' id='word_1_393' title='bbox 167 3249 355 3321; x_wconf 86' lang='lat' dir='ltr'><strong>universae</strong></span> <span class='ocrx_word' id='word_1_394' title='bbox 377 3250 575 3338; x_wconf 88' lang='lat' dir='ltr'><strong>scripturae</strong></span> <span class='ocrx_word' id='word_1_395' title='bbox 603 3250 732 3321; x_wconf 89' lang='lat' dir='ltr'><strong>veteris</strong></span> <span class='ocrx_word' id='word_1_396' title='bbox 751 3263 788 3321; x_wconf 91' lang='lat' dir='ltr'><strong>et</strong></span> <span class='ocrx_word' id='word_1_397' title='bbox 808 3250 896 3319; x_wconf 89' lang='lat' dir='ltr'><strong>nori</strong></span> <span class='ocrx_word' id='word_1_398' title='bbox 919 3263 1024 3321; x_wconf 89' lang='lat' dir='ltr'><strong>testa·</strong></span> <span class='ocrx_word' id='word_1_399' title='bbox 1077 3264 1140 3338; x_wconf 89' lang='lat' dir='ltr'><strong>est,</strong></span> <span class='ocrx_word' id='word_1_400' title='bbox 1162 3250 1267 3321; x_wconf 89' lang='lat' dir='ltr'><strong>etiam</strong></span> <span class='ocrx_word' id='word_1_401' title='bbox 1283 3271 1389 3338; x_wconf 89' lang='lat' dir='ltr'><strong>opera</strong></span> <span class='ocrx_word' id='word_1_402' title='bbox 1404 3248 1735 3341; x_wconf 88' lang='lat' dir='ltr'><strong>pmnuneiabantnr</strong></span> <span class='ocrx_word' id='word_1_403' title='bbox 1749 3250 1852 3323; x_wconf 90' lang='lat' dir='ltr'><strong>insta.</strong></span> <span class='ocrx_word' id='word_1_404' title='bbox 1881 3246 1923 3319; x_wconf 94' lang='lat' dir='ltr'><strong>ld</strong></span> <span class='ocrx_word' id='word_1_405' title='bbox 1938 3271 2064 3320; x_wconf 88' lang='lat' dir='ltr'><strong>rerum</strong></span> 
     </span>
     <span class='ocr_line' id='line_1_31' title="bbox 44 3347 2063 3444; baseline -0.003 -17"><span class='ocrx_word' id='word_1_406' title='bbox 44 3352 164 3439; x_wconf 86' lang='lat' dir='ltr'><strong>menti,</strong></span> <span class='ocrx_word' id='word_1_407' title='bbox 200 3374 282 3422; x_wconf 90' lang='lat' dir='ltr'><strong>curn</strong></span> <span class='ocrx_word' id='word_1_408' title='bbox 308 3372 432 3420; x_wconf 88' lang='lat' dir='ltr'><strong>omnes</strong></span> <span class='ocrx_word' id='word_1_409' title='bbox 460 3350 511 3441; x_wconf 91' lang='lat' dir='ltr'><strong>pii</strong></span> <span class='ocrx_word' id='word_1_410' title='bbox 535 3350 705 3422; x_wconf 90' lang='lat' dir='ltr'><strong>omnibus</strong></span> <span class='ocrx_word' id='word_1_411' title='bbox 736 3350 958 3442; x_wconf 87' lang='lat' dir='ltr'><strong>temporibus</strong></span> <span class='ocrx_word' id='word_1_412' title='bbox 985 3351 1025 3420; x_wconf 93' lang='lat' dir='ltr'><strong>in</strong></span> <span class='ocrx_word' id='word_1_413' title='bbox 1076 3367 1148 3435; x_wconf 90' lang='lat' dir='ltr'><strong>est,</strong></span> <span class='ocrx_word' id='word_1_414' title='bbox 1180 3354 1226 3422; x_wconf 89' lang='lat' dir='ltr'><strong>de</strong></span> <span class='ocrx_word' id='word_1_415' title='bbox 1256 3349 1504 3436; x_wconf 90' lang='lat' dir='ltr'><strong>reconciliato,</strong></span> <span class='ocrx_word' id='word_1_416' title='bbox 1536 3363 1572 3422; x_wconf 89' lang='lat' dir='ltr'><strong>et</strong></span> <span class='ocrx_word' id='word_1_417' title='bbox 1597 3352 1773 3422; x_wconf 80' lang='lat' dir='ltr'><strong>credente·</strong></span> <span class='ocrx_word' id='word_1_418' title='bbox 1844 3347 1893 3421; x_wconf 86' lang='lat' dir='ltr'><strong>Et</strong></span> <span class='ocrx_word' id='word_1_419' title='bbox 1916 3349 2063 3444; x_wconf 87' lang='lat' dir='ltr'><strong>quidem</strong></span> 
     </span>
     <span class='ocr_line' id='line_1_32' title="bbox 45 3446 2064 3548; baseline -0.003 -20"><span class='ocrx_word' id='word_1_420' title='bbox 45 3452 196 3529; x_wconf 75' lang='lat' dir='ltr'><strong>Ecclesia</strong></span> <span class='ocrx_word' id='word_1_421' title='bbox 222 3452 449 3543; x_wconf 83' lang='lat' dir='ltr'><strong>experiantur</strong></span> <span class='ocrx_word' id='word_1_422' title='bbox 478 3446 571 3522; x_wconf 90' lang='lat' dir='ltr'><strong>hanc</strong></span> <span class='ocrx_word' id='word_1_423' title='bbox 592 3452 875 3525; x_wconf 88' lang='lat' dir='ltr'><strong>consolationem</strong></span> <span class='ocrx_word' id='word_1_424' title='bbox 904 3475 1024 3522; x_wconf 86' lang='lat' dir='ltr'><strong>reram</strong></span> <span class='ocrx_word' id='word_1_425' title='bbox 1076 3477 1217 3526; x_wconf 88' lang='lat' dir='ltr'><strong>necesse</strong></span> <span class='ocrx_word' id='word_1_426' title='bbox 1232 3464 1301 3531; x_wconf 88' lang='lat' dir='ltr'><strong>est,</strong></span> <span class='ocrx_word' id='word_1_427' title='bbox 1326 3463 1367 3521; x_wconf 92' lang='lat' dir='ltr'><strong>ut</strong></span> <span class='ocrx_word' id='word_1_428' title='bbox 1388 3450 1481 3535; x_wconf 85' lang='lat' dir='ltr'><strong>dixi,</strong></span> <span class='ocrx_word' id='word_1_429' title='bbox 1506 3451 1607 3548; x_wconf 88' lang='lat' dir='ltr'><strong>sequi</strong></span> <span class='ocrx_word' id='word_1_430' title='bbox 1631 3475 1759 3543; x_wconf 88' lang='lat' dir='ltr'><strong>opera,</strong></span> <span class='ocrx_word' id='word_1_431' title='bbox 1783 3452 1823 3521; x_wconf 96' lang='lat' dir='ltr'><strong>in</strong></span> <span class='ocrx_word' id='word_1_432' title='bbox 1850 3451 1982 3547; x_wconf 86' lang='lat' dir='ltr'><strong>quibus</strong></span> <span class='ocrx_word' id='word_1_433' title='bbox 2007 3449 2064 3521; x_wconf 84' lang='lat' dir='ltr'><strong>vi·</strong></span> 
     </span>
     <span class='ocr_line' id='line_1_33' title="bbox 47 3548 2064 3645; baseline -0.004 -13"><span class='ocrx_word' id='word_1_434' title='bbox 47 3556 325 3633; x_wconf 79' lang='lat' dir='ltr'><strong>dnecessariam</strong></span> <span class='ocrx_word' id='word_1_435' title='bbox 358 3574 453 3639; x_wconf 88' lang='lat' dir='ltr'><strong>esse,</strong></span> <span class='ocrx_word' id='word_1_436' title='bbox 492 3553 623 3625; x_wconf 90' lang='lat' dir='ltr'><strong>mirum</strong></span> <span class='ocrx_word' id='word_1_437' title='bbox 660 3568 711 3627; x_wconf 90' lang='lat' dir='ltr'><strong>est</strong></span> <span class='ocrx_word' id='word_1_438' title='bbox 736 3556 776 3624; x_wconf 94' lang='lat' dir='ltr'><strong>in</strong></span> <span class='ocrx_word' id='word_1_439' title='bbox 801 3554 1025 3639; x_wconf 84' lang='lat' dir='ltr'><strong>adversariis,</strong></span> <span class='ocrx_word' id='word_1_440' title='bbox 1076 3569 1137 3628; x_wconf 90' lang='lat' dir='ltr'><strong>vat</strong></span> <span class='ocrx_word' id='word_1_441' title='bbox 1161 3569 1195 3627; x_wconf 90' lang='lat' dir='ltr'><strong>et</strong></span> <span class='ocrx_word' id='word_1_442' title='bbox 1222 3565 1424 3624; x_wconf 86' lang='lat' dir='ltr'><strong>exerceatur</strong></span> <span class='ocrx_word' id='word_1_443' title='bbox 1446 3551 1544 3627; x_wconf 84' lang='lat' dir='ltr'><strong>fides.</strong></span> <span class='ocrx_word' id='word_1_444' title='bbox 1609 3548 1767 3645; x_wconf 78' lang='lat' dir='ltr'><strong>Agamus</strong></span> <span class='ocrx_word' id='word_1_445' title='bbox 1788 3553 1960 3645; x_wconf 82' lang='lat' dir='ltr'><strong>ingenue,</strong></span> <span class='ocrx_word' id='word_1_446' title='bbox 1987 3551 2064 3623; x_wconf 90' lang='lat' dir='ltr'><strong>sine</strong></span> 
     </span>
     <span class='ocr_line' id='line_1_34' title="bbox 45 3652 2065 3753; baseline -0.005 -21"><span class='ocrx_word' id='word_1_447' title='bbox 45 3660 166 3753; x_wconf 84' lang='lat' dir='ltr'><strong>partim</strong></span> <span class='ocrx_word' id='word_1_448' title='bbox 186 3669 304 3729; x_wconf 90' lang='lat' dir='ltr'><strong>tantas</strong></span> <span class='ocrx_word' id='word_1_449' title='bbox 324 3678 399 3725; x_wconf 90' lang='lat' dir='ltr'><strong>esse</strong></span> <span class='ocrx_word' id='word_1_450' title='bbox 420 3656 604 3742; x_wconf 87' lang='lat' dir='ltr'><strong>tenebras,</strong></span> <span class='ocrx_word' id='word_1_451' title='bbox 636 3670 676 3728; x_wconf 92' lang='lat' dir='ltr'><strong>ut</strong></span> <span class='ocrx_word' id='word_1_452' title='bbox 697 3681 775 3727; x_wconf 90' lang='lat' dir='ltr'><strong>eam</strong></span> <span class='ocrx_word' id='word_1_453' title='bbox 799 3680 874 3728; x_wconf 93' lang='lat' dir='ltr'><strong>non</strong></span> <span class='ocrx_word' id='word_1_454' title='bbox 895 3679 1025 3748; x_wconf 87' lang='lat' dir='ltr'><strong>appro-</strong></span> <span class='ocrx_word' id='word_1_455' title='bbox 1076 3652 1278 3750; x_wconf 88' lang='lat' dir='ltr'><strong>sophistica.</strong></span> <span class='ocrx_word' id='word_1_456' title='bbox 1349 3652 1498 3725; x_wconf 89' lang='lat' dir='ltr'><strong>lacobus</strong></span> <span class='ocrx_word' id='word_1_457' title='bbox 1528 3680 1602 3729; x_wconf 94' lang='lat' dir='ltr'><strong>non</strong></span> <span class='ocrx_word' id='word_1_458' title='bbox 1630 3668 1758 3728; x_wconf 88' lang='lat' dir='ltr'><strong>tractat</strong></span> <span class='ocrx_word' id='word_1_459' title='bbox 1785 3678 1925 3727; x_wconf 76' lang='lat' dir='ltr'><strong>canmm</strong></span> <span class='ocrx_word' id='word_1_460' title='bbox 1948 3653 2065 3741; x_wconf 88' lang='lat' dir='ltr'><strong>Pauli,</strong></span> 
     </span>
     <span class='ocr_line' id='line_1_35' title="bbox 46 3749 2064 3853; baseline -0.005 -18"><span class='ocrx_word' id='word_1_461' title='bbox 46 3764 141 3849; x_wconf 85' lang='lat' dir='ltr'><strong>lent,</strong></span> <span class='ocrx_word' id='word_1_462' title='bbox 173 3760 304 3853; x_wconf 87' lang='lat' dir='ltr'><strong>partim</strong></span> <span class='ocrx_word' id='word_1_463' title='bbox 327 3770 466 3829; x_wconf 89' lang='lat' dir='ltr'><strong>tantum</strong></span> <span class='ocrx_word' id='word_1_464' title='bbox 489 3758 668 3844; x_wconf 81' lang='lat' dir='ltr'><strong>sumrem,</strong></span> <span class='ocrx_word' id='word_1_465' title='bbox 700 3771 743 3830; x_wconf 89' lang='lat' dir='ltr'><strong>nt</strong></span> <span class='ocrx_word' id='word_1_466' title='bbox 763 3782 839 3829; x_wconf 91' lang='lat' dir='ltr'><strong>non</strong></span> <span class='ocrx_word' id='word_1_467' title='bbox 861 3758 1026 3829; x_wconf 87' lang='lat' dir='ltr'><strong>desinant</strong></span> <span class='ocrx_word' id='word_1_468' title='bbox 1076 3762 1137 3830; x_wconf 89' lang='lat' dir='ltr'><strong>sed</strong></span> <span class='ocrx_word' id='word_1_469' title='bbox 1154 3758 1272 3829; x_wconf 90' lang='lat' dir='ltr'><strong>obiter</strong></span> <span class='ocrx_word' id='word_1_470' title='bbox 1286 3755 1446 3849; x_wconf 89' lang='lat' dir='ltr'><strong>loquitur</strong></span> <span class='ocrx_word' id='word_1_471' title='bbox 1465 3756 1510 3828; x_wconf 91' lang='lat' dir='ltr'><strong>de</strong></span> <span class='ocrx_word' id='word_1_472' title='bbox 1532 3756 1602 3827; x_wconf 91' lang='lat' dir='ltr'><strong>lide</strong></span> <span class='ocrx_word' id='word_1_473' title='bbox 1622 3780 1713 3852; x_wconf 88' lang='lat' dir='ltr'><strong>qnae</strong></span> <span class='ocrx_word' id='word_1_474' title='bbox 1731 3770 1782 3829; x_wconf 90' lang='lat' dir='ltr'><strong>est</strong></span> <span class='ocrx_word' id='word_1_475' title='bbox 1799 3756 1930 3827; x_wconf 86' lang='lat' dir='ltr'><strong>noticia</strong></span> <span class='ocrx_word' id='word_1_476' title='bbox 1949 3749 2064 3825; x_wconf 90' lang='lat' dir='ltr'><strong>histo-</strong></span> 
     </span>
     <span class='ocr_line' id='line_1_36' title="bbox 28 3854 2062 3952; baseline -0.005 -15"><span class='ocrx_word' id='word_1_477' title='bbox 28 3860 230 3937; x_wconf 86' lang='lat' dir='ltr'><strong>·rsrnomni</strong></span> <span class='ocrx_word' id='word_1_478' title='bbox 245 3859 375 3931; x_wconf 87' lang='lat' dir='ltr'><strong>scelere</strong></span> <span class='ocrx_word' id='word_1_479' title='bbox 389 3882 610 3952; x_wconf 82' lang='lat' dir='ltr'><strong>oppugnare.</strong></span> <span class='ocrx_word' id='word_1_480' title='bbox 663 3859 735 3933; x_wconf 91' lang='lat' dir='ltr'><strong>Sed</strong></span> <span class='ocrx_word' id='word_1_481' title='bbox 751 3859 914 3931; x_wconf 89' lang='lat' dir='ltr'><strong>diabolus</strong></span> <span class='ocrx_word' id='word_1_482' title='bbox 927 3859 1024 3929; x_wconf 88' lang='lat' dir='ltr'><strong>mul-</strong></span> <span class='ocrx_word' id='word_1_483' title='bbox 1076 3862 1164 3933; x_wconf 82' lang='lat' dir='ltr'><strong>riae.</strong></span> <span class='ocrx_word' id='word_1_484' title='bbox 1214 3857 1336 3950; x_wconf 89' lang='lat' dir='ltr'><strong>Quare</strong></span> <span class='ocrx_word' id='word_1_485' title='bbox 1351 3857 1427 3928; x_wconf 89' lang='lat' dir='ltr'><strong>eius</strong></span> <span class='ocrx_word' id='word_1_486' title='bbox 1441 3856 1535 3930; x_wconf 91' lang='lat' dir='ltr'><strong>dicta</strong></span> <span class='ocrx_word' id='word_1_487' title='bbox 1550 3881 1626 3929; x_wconf 90' lang='lat' dir='ltr'><strong>non</strong></span> <span class='ocrx_word' id='word_1_488' title='bbox 1640 3871 1724 3929; x_wconf 90' lang='lat' dir='ltr'><strong>suut</strong></span> <span class='ocrx_word' id='word_1_489' title='bbox 1738 3857 1951 3950; x_wconf 88' lang='lat' dir='ltr'><strong>opponenda</strong></span> <span class='ocrx_word' id='word_1_490' title='bbox 1967 3854 2062 3927; x_wconf 88' lang='lat' dir='ltr'><strong>Pan·</strong></span> 
     </span>
     <span class='ocr_line' id='line_1_37' title="bbox 49 3954 1862 4059; baseline -0.003 -22"><span class='ocrx_word' id='word_1_491' title='bbox 49 3965 207 4059; x_wconf 86' lang='lat' dir='ltr'><strong>tipliciter</strong></span> <span class='ocrx_word' id='word_1_492' title='bbox 226 3960 383 4033; x_wconf 79' lang='lat' dir='ltr'><strong>offundit</strong></span> <span class='ocrx_word' id='word_1_493' title='bbox 405 3984 543 4033; x_wconf 89' lang='lat' dir='ltr'><strong>errores</strong></span> <span class='ocrx_word' id='word_1_494' title='bbox 566 3956 733 4033; x_wconf 88' lang='lat' dir='ltr'><strong>humanis</strong></span> <span class='ocrx_word' id='word_1_495' title='bbox 754 3962 954 4047; x_wconf 90' lang='lat' dir='ltr'><strong>mentibus,</strong></span> <span class='ocrx_word' id='word_1_496' title='bbox 984 3974 1026 4033; x_wconf 86' lang='lat' dir='ltr'><strong>ut</strong></span> <span class='ocrx_word' id='word_1_497' title='bbox 1075 3963 1132 4051; x_wconf 92' lang='lat' dir='ltr'><strong>lo,</strong></span> <span class='ocrx_word' id='word_1_498' title='bbox 1156 3972 1219 4034; x_wconf 87' lang='lat' dir='ltr'><strong>aut</strong></span> <span class='ocrx_word' id='word_1_499' title='bbox 1232 3958 1397 4057; x_wconf 76' lang='lat' dir='ltr'><strong>reliquae</strong></span> <span class='ocrx_word' id='word_1_500' title='bbox 1406 3959 1603 4055; x_wconf 88' lang='lat' dir='ltr'><strong>scripturae</strong></span> <span class='ocrx_word' id='word_1_501' title='bbox 1622 3954 1862 4056; x_wconf 84' lang='lat' dir='ltr'><strong>propheticae.</strong></span> 
     </span>
     <span class='ocr_line' id='line_1_38' title="bbox 48 4058 1569 4159; baseline -0.003 -20"><span class='ocrx_word' id='word_1_502' title='bbox 48 4068 186 4159; x_wconf 82' lang='lat' dir='ltr'><strong>gloriam</strong></span> <span class='ocrx_word' id='word_1_503' title='bbox 214 4058 349 4137; x_wconf 89' lang='lat' dir='ltr'><strong>Christi</strong></span> <span class='ocrx_word' id='word_1_504' title='bbox 379 4064 556 4135; x_wconf 88' lang='lat' dir='ltr'><strong>obscuret.</strong></span> <span class='ocrx_word' id='word_1_505' title='bbox 623 4060 710 4134; x_wconf 88' lang='lat' dir='ltr'><strong>Ideo</strong></span> <span class='ocrx_word' id='word_1_506' title='bbox 741 4063 794 4155; x_wconf 87' lang='lat' dir='ltr'><strong>pii</strong></span> <span class='ocrx_word' id='word_1_507' title='bbox 823 4076 945 4150; x_wconf 90' lang='lat' dir='ltr'><strong>orent,</strong></span> <span class='ocrx_word' id='word_1_508' title='bbox 983 4076 1025 4135; x_wconf 87' lang='lat' dir='ltr'><strong>ut</strong></span> <span class='ocrx_word' id='word_1_509' title='bbox 1559 4131 1569 4151; x_wconf 78' lang='lat'>‚</span> 
     </span>
     <span class='ocr_line' id='line_1_39' title="bbox 47 4130 1631 4261; baseline -0.004 -17"><span class='ocrx_word' id='word_1_510' title='bbox 47 4166 202 4244; x_wconf 86' lang='lat' dir='ltr'><strong>Christus</strong></span> <span class='ocrx_word' id='word_1_511' title='bbox 221 4160 458 4256; x_wconf 79' lang='lat' dir='ltr'><strong>Evangelium</strong></span> <span class='ocrx_word' id='word_1_512' title='bbox 480 4187 584 4237; x_wconf 88' lang='lat' dir='ltr'><strong>snum</strong></span> <span class='ocrx_word' id='word_1_513' title='bbox 607 4178 809 4251; x_wconf 87' lang='lat' dir='ltr'><strong>conservet,</strong></span> <span class='ocrx_word' id='word_1_514' title='bbox 846 4187 912 4235; x_wconf 87' lang='lat' dir='ltr'><strong>nec</strong></span> <span class='ocrx_word' id='word_1_515' title='bbox 932 4162 1026 4237; x_wconf 87' lang='lat' dir='ltr'><strong>sinat</strong></span> <span class='ocrx_word' id='word_1_516' title='bbox 1243 4232 1251 4254; x_wconf 81' lang='grc'>,</span> <span class='ocrx_word' id='word_1_517' title='bbox 1367 4256 1370 4261; x_wconf 22' lang='grc' dir='ltr'>Ι</span> <span class='ocrx_word' id='word_1_518' title='bbox 1508 4130 1631 4203; x_wconf 54' lang='lat' dir='ltr'><strong>‘Qud&#39;</strong></span> 
     </span>
     <span class='ocr_line' id='line_1_40' title="bbox 46 4260 2062 4369; baseline -0.003 -24"><span class='ocrx_word' id='word_1_519' title='bbox 46 4274 171 4369; x_wconf 86' lang='lat' dir='ltr'><strong>ubique</strong></span> <span class='ocrx_word' id='word_1_520' title='bbox 185 4267 317 4354; x_wconf 90' lang='lat' dir='ltr'><strong>deleri,</strong></span> <span class='ocrx_word' id='word_1_521' title='bbox 341 4283 376 4339; x_wconf 90' lang='lat' dir='ltr'><strong>et</strong></span> <span class='ocrx_word' id='word_1_522' title='bbox 389 4292 451 4340; x_wconf 90' lang='lat' dir='ltr'><strong>sna</strong></span> <span class='ocrx_word' id='word_1_523' title='bbox 467 4266 547 4338; x_wconf 89' lang='lat' dir='ltr'><strong>luce</strong></span> <span class='ocrx_word' id='word_1_524' title='bbox 560 4289 626 4337; x_wconf 89' lang='lat' dir='ltr'><strong>nos</strong></span> <span class='ocrx_word' id='word_1_525' title='bbox 640 4266 832 4357; x_wconf 87' lang='lat' dir='ltr'><strong>gubemet‚</strong></span> <span class='ocrx_word' id='word_1_526' title='bbox 859 4278 894 4338; x_wconf 88' lang='lat' dir='ltr'><strong>et</strong></span> <span class='ocrx_word' id='word_1_527' title='bbox 917 4289 1025 4360; x_wconf 86' lang='lat' dir='ltr'><strong>qnam</strong></span> <span class='ocrx_word' id='word_1_528' title='bbox 1176 4265 1217 4340; x_wconf 90' lang='lat' dir='ltr'><strong>Si</strong></span> <span class='ocrx_word' id='word_1_529' title='bbox 1246 4265 1300 4338; x_wconf 87' lang='lat' dir='ltr'><strong>vis</strong></span> <span class='ocrx_word' id='word_1_530' title='bbox 1330 4266 1370 4336; x_wconf 89' lang='lat' dir='ltr'><strong>in</strong></span> <span class='ocrx_word' id='word_1_531' title='bbox 1397 4265 1507 4337; x_wconf 87' lang='lat' dir='ltr'><strong>vitam</strong></span> <span class='ocrx_word' id='word_1_532' title='bbox 1542 4262 1703 4355; x_wconf 87' lang='lat' dir='ltr'><strong>ingredi,</strong></span> <span class='ocrx_word' id='word_1_533' title='bbox 1742 4285 1842 4334; x_wconf 86' lang='lat' dir='ltr'><strong>serra</strong></span> <span class='ocrx_word' id='word_1_534' title='bbox 1882 4260 2062 4339; x_wconf 86' lang='lat' dir='ltr'><strong>mandata.</strong></span> 
     </span>
     <span class='ocr_line' id='line_1_41' title="bbox 46 4363 2059 4467; baseline -0.007 -20"><span class='ocrx_word' id='word_1_535' title='bbox 46 4375 205 4467; x_wconf 86' lang='lat' dir='ltr'><strong>pluribus</strong></span> <span class='ocrx_word' id='word_1_536' title='bbox 231 4382 403 4441; x_wconf 88' lang='lat' dir='ltr'><strong>monstret</strong></span> <span class='ocrx_word' id='word_1_537' title='bbox 431 4368 643 4449; x_wconf 86' lang='lat' dir='ltr'><strong>veritatem,</strong></span> <span class='ocrx_word' id='word_1_538' title='bbox 683 4367 839 4458; x_wconf 88' lang='lat' dir='ltr'><strong>depulsis</strong></span> <span class='ocrx_word' id='word_1_539' title='bbox 872 4368 1026 4454; x_wconf 88' lang='lat' dir='ltr'><strong>nebulis,</strong></span> <span class='ocrx_word' id='word_1_540' title='bbox 1076 4363 1173 4460; x_wconf 78' lang='lat' dir='ltr'><strong>Ergo</strong></span> <span class='ocrx_word' id='word_1_541' title='bbox 1195 4383 1340 4462; x_wconf 89' lang='lat' dir='ltr'><strong>pmpter</strong></span> <span class='ocrx_word' id='word_1_542' title='bbox 1363 4390 1471 4459; x_wconf 90' lang='lat' dir='ltr'><strong>opera</strong></span> <span class='ocrx_word' id='word_1_543' title='bbox 1490 4367 1597 4438; x_wconf 91' lang='lat' dir='ltr'><strong>datur</strong></span> <span class='ocrx_word' id='word_1_544' title='bbox 1621 4364 1695 4439; x_wconf 86' lang='lat' dir='ltr'><strong>vita</strong></span> <span class='ocrx_word' id='word_1_545' title='bbox 1709 4378 1872 4452; x_wconf 87' lang='lat' dir='ltr'><strong>aeterna,</strong></span> <span class='ocrx_word' id='word_1_546' title='bbox 1900 4388 1976 4434; x_wconf 91' lang='lat' dir='ltr'><strong>non</strong></span> <span class='ocrx_word' id='word_1_547' title='bbox 1992 4366 2059 4434; x_wconf 91' lang='lat' dir='ltr'><strong>do-</strong></span> 
     </span>
     <span class='ocr_line' id='line_1_42' title="bbox 46 4464 2065 4573; baseline -0.005 -27"><span class='ocrx_word' id='word_1_548' title='bbox 46 4500 125 4573; x_wconf 82' lang='lat' dir='ltr'><strong>qnas</strong></span> <span class='ocrx_word' id='word_1_549' title='bbox 145 4472 314 4546; x_wconf 88' lang='lat' dir='ltr'><strong>diabolus</strong></span> <span class='ocrx_word' id='word_1_550' title='bbox 334 4469 501 4541; x_wconf 81' lang='lat' dir='ltr'><strong>offundit.</strong></span> <span class='ocrx_word' id='word_1_551' title='bbox 554 4467 684 4541; x_wconf 86' lang='lat' dir='ltr'><strong>inritet</strong></span> <span class='ocrx_word' id='word_1_552' title='bbox 700 4465 880 4541; x_wconf 88' lang='lat' dir='ltr'><strong>Christum</strong></span> <span class='ocrx_word' id='word_1_553' title='bbox 902 4482 937 4541; x_wconf 89' lang='lat' dir='ltr'><strong>et</strong></span> <span class='ocrx_word' id='word_1_554' title='bbox 957 4495 1026 4541; x_wconf 91' lang='lat' dir='ltr'><strong>no·</strong></span> <span class='ocrx_word' id='word_1_555' title='bbox 1077 4486 1183 4543; x_wconf 89' lang='lat' dir='ltr'><strong>natur</strong></span> <span class='ocrx_word' id='word_1_556' title='bbox 1202 4471 1312 4562; x_wconf 85' lang='lat' dir='ltr'><strong>gratis</strong></span> <span class='ocrx_word' id='word_1_557' title='bbox 1331 4466 1502 4543; x_wconf 91' lang='lat' dir='ltr'><strong>credenti.</strong></span> <span class='ocrx_word' id='word_1_558' title='bbox 1552 4464 1664 4537; x_wconf 87' lang='lat' dir='ltr'><strong>Plana</strong></span> <span class='ocrx_word' id='word_1_559' title='bbox 1681 4479 1714 4538; x_wconf 90' lang='lat' dir='ltr'><strong>et</strong></span> <span class='ocrx_word' id='word_1_560' title='bbox 1729 4483 1897 4558; x_wconf 86' lang='lat' dir='ltr'><strong>perpetua</strong></span> <span class='ocrx_word' id='word_1_561' title='bbox 1915 4488 2065 4557; x_wconf 88' lang='lat' dir='ltr'><strong>respon·</strong></span> 
     </span>
     <span class='ocr_line' id='line_1_43' title="bbox 43 4564 2063 4663; baseline -0.007 -12"><span class='ocrx_word' id='word_1_562' title='bbox 43 4594 109 4651; x_wconf 85' lang='lat' dir='ltr'><strong>stra</strong></span> <span class='ocrx_word' id='word_1_563' title='bbox 122 4574 310 4649; x_wconf 87' lang='lat' dir='ltr'><strong>sedulitas:</strong></span> <span class='ocrx_word' id='word_1_564' title='bbox 337 4572 467 4643; x_wconf 88' lang='lat' dir='ltr'><strong>eruditi</strong></span> <span class='ocrx_word' id='word_1_565' title='bbox 492 4572 578 4642; x_wconf 90' lang='lat' dir='ltr'><strong>dent</strong></span> <span class='ocrx_word' id='word_1_566' title='bbox 593 4595 756 4663; x_wconf 88' lang='lat' dir='ltr'><strong>operam,</strong></span> <span class='ocrx_word' id='word_1_567' title='bbox 781 4584 822 4642; x_wconf 91' lang='lat' dir='ltr'><strong>ut</strong></span> <span class='ocrx_word' id='word_1_568' title='bbox 836 4567 929 4641; x_wconf 89' lang='lat' dir='ltr'><strong>banc</strong></span> <span class='ocrx_word' id='word_1_569' title='bbox 943 4584 1024 4643; x_wconf 91' lang='lat' dir='ltr'><strong>tan·</strong></span> <span class='ocrx_word' id='word_1_570' title='bbox 1077 4572 1131 4642; x_wconf 89' lang='lat' dir='ltr'><strong>sio</strong></span> <span class='ocrx_word' id='word_1_571' title='bbox 1148 4587 1200 4644; x_wconf 89' lang='lat' dir='ltr'><strong>est</strong></span> <span class='ocrx_word' id='word_1_572' title='bbox 1218 4576 1262 4643; x_wconf 91' lang='lat' dir='ltr'><strong>ad</strong></span> <span class='ocrx_word' id='word_1_573' title='bbox 1283 4572 1367 4644; x_wconf 88' lang='lat' dir='ltr'><strong>talia</strong></span> <span class='ocrx_word' id='word_1_574' title='bbox 1383 4570 1488 4641; x_wconf 89' lang='lat' dir='ltr'><strong>dicta.</strong></span> <span class='ocrx_word' id='word_1_575' title='bbox 1540 4564 1704 4639; x_wconf 87' lang='lat' dir='ltr'><strong>Discerni</strong></span> <span class='ocrx_word' id='word_1_576' title='bbox 1721 4569 1852 4640; x_wconf 87' lang='lat' dir='ltr'><strong>debent</strong></span> <span class='ocrx_word' id='word_1_577' title='bbox 1867 4568 1961 4640; x_wconf 88' lang='lat' dir='ltr'><strong>dicta</strong></span> <span class='ocrx_word' id='word_1_578' title='bbox 1976 4567 2063 4659; x_wconf 86' lang='lat' dir='ltr'><strong>legis</strong></span> 
     </span>
     <span class='ocr_line' id='line_1_44' title="bbox 46 4668 2062 4765; baseline -0.006 -13"><span class='ocrx_word' id='word_1_579' title='bbox 46 4694 112 4752; x_wconf 86' lang='lat' dir='ltr'><strong>tam</strong></span> <span class='ocrx_word' id='word_1_580' title='bbox 131 4699 276 4749; x_wconf 81' lang='lat' dir='ltr'><strong>causam</strong></span> <span class='ocrx_word' id='word_1_581' title='bbox 298 4674 487 4765; x_wconf 84' lang='lat' dir='ltr'><strong>diligenter</strong></span> <span class='ocrx_word' id='word_1_582' title='bbox 509 4686 544 4744; x_wconf 91' lang='lat' dir='ltr'><strong>et</strong></span> <span class='ocrx_word' id='word_1_583' title='bbox 558 4674 714 4744; x_wconf 88' lang='lat' dir='ltr'><strong>dilucide</strong></span> <span class='ocrx_word' id='word_1_584' title='bbox 736 4687 956 4765; x_wconf 88' lang='lat' dir='ltr'><strong>proponant,</strong></span> <span class='ocrx_word' id='word_1_585' title='bbox 985 4686 1028 4744; x_wconf 90' lang='lat' dir='ltr'><strong>ut</strong></span> <span class='ocrx_word' id='word_1_586' title='bbox 1078 4688 1112 4744; x_wconf 93' lang='lat' dir='ltr'><strong>et</strong></span> <span class='ocrx_word' id='word_1_587' title='bbox 1130 4673 1328 4763; x_wconf 84' lang='lat' dir='ltr'><strong>Evangelii.</strong></span> <span class='ocrx_word' id='word_1_588' title='bbox 1386 4670 1458 4742; x_wconf 87' lang='lat' dir='ltr'><strong>Hic</strong></span> <span class='ocrx_word' id='word_1_589' title='bbox 1481 4668 1696 4762; x_wconf 90' lang='lat' dir='ltr'><strong>proponitur</strong></span> <span class='ocrx_word' id='word_1_590' title='bbox 1717 4694 1787 4740; x_wconf 86' lang='lat' dir='ltr'><strong>vox</strong></span> <span class='ocrx_word' id='word_1_591' title='bbox 1809 4670 1915 4759; x_wconf 89' lang='lat' dir='ltr'><strong>legis,</strong></span> <span class='ocrx_word' id='word_1_592' title='bbox 1954 4694 2062 4764; x_wconf 87' lang='lat' dir='ltr'><strong>quam</strong></span> 
     </span>
     <span class='ocr_line' id='line_1_45' title="bbox 46 4768 2062 4869; baseline -0.006 -19"><span class='ocrx_word' id='word_1_593' title='bbox 46 4794 166 4854; x_wconf 89' lang='lat' dir='ltr'><strong>enrent</strong></span> <span class='ocrx_word' id='word_1_594' title='bbox 182 4801 260 4849; x_wconf 87' lang='lat' dir='ltr'><strong>eam</strong></span> <span class='ocrx_word' id='word_1_595' title='bbox 273 4779 318 4847; x_wconf 92' lang='lat' dir='ltr'><strong>ad</strong></span> <span class='ocrx_word' id='word_1_596' title='bbox 334 4775 574 4869; x_wconf 87' lang='lat' dir='ltr'><strong>posteritatem</strong></span> <span class='ocrx_word' id='word_1_597' title='bbox 592 4775 796 4857; x_wconf 88' lang='lat' dir='ltr'><strong>transmitti,</strong></span> <span class='ocrx_word' id='word_1_598' title='bbox 810 4775 887 4843; x_wconf 87' lang='lat' dir='ltr'><strong>sine</strong></span> <span class='ocrx_word' id='word_1_599' title='bbox 903 4769 1027 4865; x_wconf 88' lang='lat' dir='ltr'><strong>sophi·</strong></span> <span class='ocrx_word' id='word_1_600' title='bbox 1078 4774 1303 4866; x_wconf 85' lang='lat' dir='ltr'><strong>interpretari</strong></span> <span class='ocrx_word' id='word_1_601' title='bbox 1317 4796 1359 4843; x_wconf 87' lang='lat' dir='ltr'><strong>er</strong></span> <span class='ocrx_word' id='word_1_602' title='bbox 1374 4768 1571 4863; x_wconf 85' lang='lat' dir='ltr'><strong>Evangelio</strong></span> <span class='ocrx_word' id='word_1_603' title='bbox 1586 4794 1728 4843; x_wconf 88' lang='lat' dir='ltr'><strong>necesse</strong></span> <span class='ocrx_word' id='word_1_604' title='bbox 1743 4784 1807 4848; x_wconf 87' lang='lat' dir='ltr'><strong>est.</strong></span> <span class='ocrx_word' id='word_1_605' title='bbox 1836 4768 1950 4843; x_wconf 89' lang='lat' dir='ltr'><strong>Nemo</strong></span> <span class='ocrx_word' id='word_1_606' title='bbox 1965 4770 2062 4839; x_wconf 92' lang='lat' dir='ltr'><strong>enim</strong></span> 
     </span>
     <span class='ocr_line' id='line_1_46' title="bbox 44 4868 2063 4970; baseline -0.005 -20"><span class='ocrx_word' id='word_1_607' title='bbox 44 4884 148 4970; x_wconf 74' lang='grc' dir='ltr'>ειίεε,</span> <span class='ocrx_word' id='word_1_608' title='bbox 176 4903 243 4951; x_wconf 92' lang='lat' dir='ltr'><strong>nec</strong></span> <span class='ocrx_word' id='word_1_609' title='bbox 255 4877 460 4968; x_wconf 80' lang='lat' dir='ltr'><strong>defugiant,</strong></span> <span class='ocrx_word' id='word_1_610' title='bbox 486 4876 542 4947; x_wconf 84' lang='lat' dir='ltr'><strong>vel</strong></span> <span class='ocrx_word' id='word_1_611' title='bbox 558 4875 597 4945; x_wconf 93' lang='lat' dir='ltr'><strong>in</strong></span> <span class='ocrx_word' id='word_1_612' title='bbox 614 4868 783 4947; x_wconf 82' lang='lat' dir='ltr'><strong>discendo</strong></span> <span class='ocrx_word' id='word_1_613' title='bbox 804 4899 846 4946; x_wconf 91' lang='lat' dir='ltr'><strong>ac</strong></span> <span class='ocrx_word' id='word_1_614' title='bbox 864 4877 1026 4947; x_wconf 87' lang='lat' dir='ltr'><strong>docendo</strong></span> <span class='ocrx_word' id='word_1_615' title='bbox 1078 4888 1295 4961; x_wconf 89' lang='lat' dir='ltr'><strong>servaretur,</strong></span> <span class='ocrx_word' id='word_1_616' title='bbox 1320 4874 1351 4945; x_wconf 89' lang='lat' dir='ltr'><strong>si</strong></span> <span class='ocrx_word' id='word_1_617' title='bbox 1369 4874 1501 4965; x_wconf 83' lang='lat' dir='ltr'><strong>exlege</strong></span> <span class='ocrx_word' id='word_1_618' title='bbox 1515 4886 1605 4945; x_wconf 88' lang='lat' dir='ltr'><strong>esset</strong></span> <span class='ocrx_word' id='word_1_619' title='bbox 1619 4873 1862 4946; x_wconf 87' lang='lat' dir='ltr'><strong>iudicandum.</strong></span> <span class='ocrx_word' id='word_1_620' title='bbox 1908 4870 2063 4944; x_wconf 87' lang='lat' dir='ltr'><strong>Servans</strong></span> 
     </span>
     <span class='ocr_line' id='line_1_47' title="bbox 43 4973 2062 5067; baseline -0.007 -10"><span class='ocrx_word' id='word_1_621' title='bbox 43 4986 222 5063; x_wconf 82' lang='lat' dir='ltr'><strong>laborem,</strong></span> <span class='ocrx_word' id='word_1_622' title='bbox 247 4979 303 5051; x_wconf 87' lang='lat' dir='ltr'><strong>vel</strong></span> <span class='ocrx_word' id='word_1_623' title='bbox 315 4979 506 5051; x_wconf 89' lang='lat' dir='ltr'><strong>certamina</strong></span> <span class='ocrx_word' id='word_1_624' title='bbox 522 4977 561 5046; x_wconf 88' lang='lat' dir='ltr'><strong>in</strong></span> <span class='ocrx_word' id='word_1_625' title='bbox 577 4978 808 5048; x_wconf 85' lang='lat' dir='ltr'><strong>consessione.</strong></span> <span class='ocrx_word' id='word_1_626' title='bbox 856 4975 947 5049; x_wconf 85' lang='lat' dir='ltr'><strong>Nam</strong></span> <span class='ocrx_word' id='word_1_627' title='bbox 961 5000 1028 5047; x_wconf 89' lang='lat' dir='ltr'><strong>nec</strong></span> <span class='ocrx_word' id='word_1_628' title='bbox 1077 4977 1259 5060; x_wconf 92' lang='lat' dir='ltr'><strong>mandata,</strong></span> <span class='ocrx_word' id='word_1_629' title='bbox 1284 4973 1504 5067; x_wconf 88' lang='lat' dir='ltr'><strong>ingredietur</strong></span> <span class='ocrx_word' id='word_1_630' title='bbox 1519 4974 1558 5045; x_wconf 91' lang='lat' dir='ltr'><strong>in</strong></span> <span class='ocrx_word' id='word_1_631' title='bbox 1573 4974 1702 5047; x_wconf 77' lang='lat' dir='ltr'><strong>vitam:</strong></span> <span class='ocrx_word' id='word_1_632' title='bbox 1728 4997 1835 5043; x_wconf 89' lang='lat' dir='ltr'><strong>nemo</strong></span> <span class='ocrx_word' id='word_1_633' title='bbox 1850 4975 1945 5045; x_wconf 90' lang='lat' dir='ltr'><strong>enim</strong></span> <span class='ocrx_word' id='word_1_634' title='bbox 1961 4974 2062 5045; x_wconf 87' lang='lat' dir='ltr'><strong>satis-</strong></span> 
     </span>
     <span class='ocr_line' id='line_1_48' title="bbox 42 5071 2064 5170; baseline -0.007 -9"><span class='ocrx_word' id='word_1_635' title='bbox 42 5089 119 5161; x_wconf 90' lang='lat' dir='ltr'><strong>sine</strong></span> <span class='ocrx_word' id='word_1_636' title='bbox 156 5081 362 5157; x_wconf 89' lang='lat' dir='ltr'><strong>eruditione</strong></span> <span class='ocrx_word' id='word_1_637' title='bbox 396 5080 481 5151; x_wconf 88' lang='lat' dir='ltr'><strong>satis</strong></span> <span class='ocrx_word' id='word_1_638' title='bbox 518 5080 703 5170; x_wconf 87' lang='lat' dir='ltr'><strong>perspicue</strong></span> <span class='ocrx_word' id='word_1_639' title='bbox 736 5077 904 5170; x_wconf 81' lang='lat' dir='ltr'><strong>explicari</strong></span> <span class='ocrx_word' id='word_1_640' title='bbox 939 5071 1027 5149; x_wconf 89' lang='lat' dir='ltr'><strong>baec</strong></span> <span class='ocrx_word' id='word_1_641' title='bbox 1077 5078 1162 5149; x_wconf 81' lang='lat' dir='ltr'><strong>iacit</strong></span> <span class='ocrx_word' id='word_1_642' title='bbox 1183 5078 1272 5168; x_wconf 87' lang='lat' dir='ltr'><strong>legi,</strong></span> <span class='ocrx_word' id='word_1_643' title='bbox 1305 5102 1412 5150; x_wconf 89' lang='lat' dir='ltr'><strong>nemo</strong></span> <span class='ocrx_word' id='word_1_644' title='bbox 1433 5089 1485 5149; x_wconf 90' lang='lat' dir='ltr'><strong>est</strong></span> <span class='ocrx_word' id='word_1_645' title='bbox 1507 5076 1585 5148; x_wconf 90' lang='lat' dir='ltr'><strong>sine</strong></span> <span class='ocrx_word' id='word_1_646' title='bbox 1607 5087 1761 5170; x_wconf 87' lang='lat' dir='ltr'><strong>peccato.</strong></span> <span class='ocrx_word' id='word_1_647' title='bbox 1825 5074 1929 5146; x_wconf 83' lang='lat' dir='ltr'><strong>Adde</strong></span> <span class='ocrx_word' id='word_1_648' title='bbox 1954 5071 2064 5164; x_wconf 86' lang='lat' dir='ltr'><strong>igitur</strong></span> 
     </span>
     <span class='ocr_line' id='line_1_49' title="bbox 42 5174 2062 5283; baseline -0.005 -26"><span class='ocrx_word' id='word_1_649' title='bbox 42 5212 143 5263; x_wconf 71' lang='lat' dir='ltr'><strong>unsa</strong></span> <span class='ocrx_word' id='word_1_650' title='bbox 165 5196 293 5283; x_wconf 84' lang='lat' dir='ltr'><strong>potest.</strong></span> <span class='ocrx_word' id='word_1_651' title='bbox 353 5174 402 5255; x_wconf 84' lang='grc' dir='ltr'><strong>Ει</strong></span> <span class='ocrx_word' id='word_1_652' title='bbox 423 5181 577 5273; x_wconf 86' lang='lat' dir='ltr'><strong>quadam</strong></span> <span class='ocrx_word' id='word_1_653' title='bbox 598 5202 687 5272; x_wconf 90' lang='lat' dir='ltr'><strong>opus</strong></span> <span class='ocrx_word' id='word_1_654' title='bbox 709 5192 763 5252; x_wconf 89' lang='lat' dir='ltr'><strong>est</strong></span> <span class='ocrx_word' id='word_1_655' title='bbox 782 5179 1028 5270; x_wconf 88' lang='lat' dir='ltr'><strong>magnitudine</strong></span> <span class='ocrx_word' id='word_1_656' title='bbox 1077 5177 1311 5270; x_wconf 86' lang='lat' dir='ltr'><strong>Evangelium</strong></span> <span class='ocrx_word' id='word_1_657' title='bbox 1332 5179 1391 5253; x_wconf 90' lang='lat' dir='ltr'><strong>isti</strong></span> <span class='ocrx_word' id='word_1_658' title='bbox 1409 5179 1526 5250; x_wconf 91' lang='lat' dir='ltr'><strong>dicto:</strong></span> <span class='ocrx_word' id='word_1_659' title='bbox 1566 5175 1607 5249; x_wconf 91' lang='lat' dir='ltr'><strong>Si</strong></span> <span class='ocrx_word' id='word_1_660' title='bbox 1638 5179 1694 5247; x_wconf 87' lang='lat' dir='ltr'><strong>ris</strong></span> <span class='ocrx_word' id='word_1_661' title='bbox 1716 5176 1855 5266; x_wconf 90' lang='lat' dir='ltr'><strong>ingredi</strong></span> <span class='ocrx_word' id='word_1_662' title='bbox 1869 5177 1917 5271; x_wconf 20' lang='lat' dir='ltr'><strong>&#39;in</strong></span> <span class='ocrx_word' id='word_1_663' title='bbox 1940 5176 2062 5264; x_wconf 83' lang='lat' dir='ltr'><strong>vitam,</strong></span> 
     </span>
     <span class='ocr_line' id='line_1_50' title="bbox 40 5272 2064 5379; baseline -0.007 -15"><span class='ocrx_word' id='word_1_664' title='bbox 40 5290 154 5364; x_wconf 87' lang='lat' dir='ltr'><strong>animi</strong></span> <span class='ocrx_word' id='word_1_665' title='bbox 175 5288 222 5359; x_wconf 92' lang='lat' dir='ltr'><strong>ad</strong></span> <span class='ocrx_word' id='word_1_666' title='bbox 246 5282 452 5379; x_wconf 78' lang='lat' dir='ltr'><strong>perferenda</strong></span> <span class='ocrx_word' id='word_1_667' title='bbox 475 5281 559 5354; x_wconf 88' lang='lat' dir='ltr'><strong>odia</strong></span> <span class='ocrx_word' id='word_1_668' title='bbox 588 5293 792 5375; x_wconf 87' lang='lat' dir='ltr'><strong>potentum,</strong></span> <span class='ocrx_word' id='word_1_669' title='bbox 822 5304 863 5351; x_wconf 89' lang='lat' dir='ltr'><strong>ac</strong></span> <span class='ocrx_word' id='word_1_670' title='bbox 887 5281 1029 5373; x_wconf 87' lang='lat' dir='ltr'><strong>sapien·</strong></span> <span class='ocrx_word' id='word_1_671' title='bbox 1079 5304 1180 5353; x_wconf 88' lang='lat' dir='ltr'><strong>serra</strong></span> <span class='ocrx_word' id='word_1_672' title='bbox 1204 5283 1392 5369; x_wconf 86' lang='lat' dir='ltr'><strong>mandata,</strong></span> <span class='ocrx_word' id='word_1_673' title='bbox 1422 5278 1557 5353; x_wconf 88' lang='lat' dir='ltr'><strong>scilicet</strong></span> <span class='ocrx_word' id='word_1_674' title='bbox 1576 5276 1676 5351; x_wconf 82' lang='lat' dir='ltr'><strong>iuxta</strong></span> <span class='ocrx_word' id='word_1_675' title='bbox 1694 5272 1888 5353; x_wconf 65' lang='grc' dir='ltr'>ἐπιείκειαν</span> <span class='ocrx_word' id='word_1_676' title='bbox 1899 5276 2064 5371; x_wconf 85' lang='lat' dir='ltr'><strong>Evange-</strong></span> 
     </span>
     <span class='ocr_line' id='line_1_51' title="bbox 39 5377 2065 5487; baseline -0.003 -26"><span class='ocrx_word' id='word_1_677' title='bbox 39 5408 136 5482; x_wconf 81' lang='lat' dir='ltr'><strong>tnm,</strong></span> <span class='ocrx_word' id='word_1_678' title='bbox 161 5388 228 5487; x_wconf 86' lang='lat' dir='ltr'><strong>qni</strong></span> <span class='ocrx_word' id='word_1_679' title='bbox 242 5386 448 5482; x_wconf 86' lang='lat' dir='ltr'><strong>improbant</strong></span> <span class='ocrx_word' id='word_1_680' title='bbox 462 5377 528 5458; x_wconf 87' lang='lat' dir='ltr'><strong>has</strong></span> <span class='ocrx_word' id='word_1_681' title='bbox 549 5382 828 5481; x_wconf 84' lang='lat' dir='ltr'><strong>disputationes,</strong></span> <span class='ocrx_word' id='word_1_682' title='bbox 860 5381 922 5456; x_wconf 86' lang='lat' dir='ltr'><strong>slii</strong></span> <span class='ocrx_word' id='word_1_683' title='bbox 946 5382 1029 5456; x_wconf 89' lang='lat' dir='ltr'><strong>aliis</strong></span> <span class='ocrx_word' id='word_1_684' title='bbox 1078 5383 1141 5476; x_wconf 88' lang='lat' dir='ltr'><strong>lii,</strong></span> <span class='ocrx_word' id='word_1_685' title='bbox 1179 5385 1277 5481; x_wconf 83' lang='lat' dir='ltr'><strong>quod</strong></span> <span class='ocrx_word' id='word_1_686' title='bbox 1301 5382 1480 5480; x_wconf 87' lang='lat' dir='ltr'><strong>promittit</strong></span> <span class='ocrx_word' id='word_1_687' title='bbox 1508 5379 1754 5455; x_wconf 87' lang='lat' dir='ltr'><strong>remissionem</strong></span> <span class='ocrx_word' id='word_1_688' title='bbox 1779 5394 2003 5475; x_wconf 83' lang='lat' dir='ltr'><strong>peccatorum</strong></span> <span class='ocrx_word' id='word_1_689' title='bbox 2026 5395 2065 5456; x_wconf 86' lang='lat' dir='ltr'><strong>et</strong></span> 
     </span>
    </p>
   </div>
   <div class='ocr_carea' id='block_1_3' title="bbox 0 0 2271 5780">
    <p class='ocr_par' dir='ltr' id='par_1_3' title="bbox 0 0 2271 5780">
     <span class='ocr_line' id='line_1_52' title="bbox 0 0 2271 5780; baseline 0 0"><span class='ocrx_word' id='word_1_690' title='bbox 0 0 2271 5780; x_wconf 95' lang='lat' dir='ltr'><strong> </strong></span> 
     </span>
    </p>
   </div>
  </div>
 </body>
</html>
