4522 5782
25 215 99 293 ιιι·
325 204 428 281 xtlt·
479 206 516 282 2·
552 196 997 293 COllllEllTaltt-tul
1021 195 1179 283 Evts'r.
1204 191 1362 279 vaura.
1380 195 1449 271 au
1472 193 1738 277 hostanos.
1972 205 2072 289 sss.

26 411 88 459 esse
104 398 242 457 tontum
259 378 393 454 noticia
410 373 604 461 historiae,
622 396 712 469 quae
726 371 840 463 magis
853 371 1008 441 deterret
1060 367 1208 443 Domini
1234 369 1430 443 bonitatem
1455 385 1613 463 expectat
1633 396 1776 449 munus.
1827 374 1944 452 Huius
1966 407 2048 453 rnn-

25 500 167 573 meutes,
199 500 244 558 ut
263 484 350 555 dixi.
419 477 481 551 Sic
508 480 613 549 etiam
629 474 735 548 Rom.
759 470 796 549 6.
828 473 1009 567 loquitur:
1059 473 1164 541 lieres
1192 466 1354 541 ethnicae
1389 474 1494 543 iidem
1523 470 1687 547 Christus
1714 480 1812 567 gravi
1842 483 2047 555 testimonio
2144 460 2151 469 ’

27 594 85 663 Per
103 614 209 683 quern
232 582 404 657 habemus
419 603 594 651 accessum
609 574 692 651 lide.
1058 586 1163 643 ornat
1196 574 1378 666 inquiens:
1412 571 1449 644 Ο
1471 576 1619 657 muilier,
1646 596 1845 668 magna-est
1866 585 1951 654 fides
1974 600 2046 667 tua,

131 688 239 763 Rom.
259 684 316 761 5.:
359 681 542 755 iustificati
574 680 642 749 fide
668 700 788 771 pacem
824 668 1008 745 habemus.
1058 677 1119 747 fiat
1135 676 1200 745 tibi
1216 690 1255 745 ut
1270 677 1370 767 petis.
1421 673 1519 763 Quid
1545 673 1603 747 hie
1625 680 1716 749 erin
1737 682 2046 759 ,imipihuffim-

26 795 154 867 Noticia
166 790 333 861 historiae
342 808 565 881 nequaquam
576 782 689 854 adlert
697 778 1010 873 pacemconscien-
1059 779 1121 847 riis
1138 776 1358 863 dubitemus,
1383 777 1451 847 fide
1466 778 1657 867 significari
1679 782 1845 853 fiduciam
1865 800 2041 877 petentem

26 900 106 985 tiae,
129 896 193 964 sed
208 893 326 985 potius
342 900 448 979 auget
465 907 632 979 pavores,
661 906 741 969 cum
766 881 940 951 retinetur
956 878 1009 949 le·
1062 891 1097 953 et
1110 892 1348 976 expectantem
1375 880 1560 952 beneficia:
1588 906 1772 975 quaecum
1789 886 1907 969 lucere
1922 890 2048 961 debeat

26 1002 72 1089 gis
85 996 223 1091 opinio.
270 990 379 1083 Quod
394 1002 447 1060 est
462 987 556 1057 enim
573 987 712 1077 signum
726 980 921 1057 terribilius
936 980 1009 1051 irae
1060 983 1098 1051 in
1123 982 1365 1059 invocatione,
1393 1005 1532 1049 necesse
1558 996 1611 1053 est
1634 986 1710 1072 pios
1734 988 1780 1057 de
1802 1012 1841 1059 ea
1865 1004 1960 1061 recte
1980 995 2047 1061 do·

25 1102 88 1175 Dei
112 1102 285 1169 adversus
310 1106 510 1187 peccatum,
554 1112 661 1182 quarn
692 1086 789 1179 quod
814 1080 911 1153 Deus
934 1105 1009 1153 non
1059 1083 1143 1153 ceri.
1198 1084 1248 1155 At
1271 1080 1441 1151 Monaclsi
1465 1083 1590 1156 iuhent
1620 1081 1804 1157 historiam
1831 1092 2046 1182 meminisse,

24 1202 88 1275 alia
103 1199 248 1271 victima
264 1195 394 1289 placari
410 1191 545 1275 voluit,
568 1191 637 1259 nisi
654 1200 766 1257 morte
781 1184 871 1253 lilii?
911 1180 1010 1253 Haec
1059 1184 1188 1253 deinde
1208 1185 1311 1255 aiunt
1340 1184 1578 1254 dubitandum
1601 1211 1694 1274 esse,
1734 1202 1855 1259 ulnam
1877 1190 1975 1279 Depo
1999 1195 2047 1267 ait

23 1302 186 1395 cogitatio
202 1315 306 1391 auget
324 1316 490 1389 pavores,
515 1316 596 1363 curn
621 1290 860 1360 existimamus
875 1280 1010 1359 Christi
1059 1287 1164 1356 nobis
1178 1287 1371 1377 propicius,
1385 1311 1431 1357 an
1448 1286 1612 1378 respiciat
1626 1303 1763 1361 nostras
1778 1316 1908 1381 preces.
1947 1294 2046 1367 Haec

23 1404 232 1479 beneficium
251 1424 326 1471 non
349 1397 541 1488 pertinere,
583 1392 655 1461 nisi
680 1394 725 1461 ad
754 1410 814 1459 eos
840 1387 904 1481 qui
924 1386 1009 1458 satis
1044 1380 1224 1459 doctrina
1248 1410 1394 1480 prorsus
1416 1412 1497 1457 cum
1522 1391 1682 1482 exemplo
1710 1393 1778 1466 isto
1805 1394 2047 1467 laudatissimo

23 1502 422 1579 riseritommadlerunt.
472 1494 568 1583 Ergo
586 1517 667 1565 curn
682 1494 768 1563 fides
784 1488 894 1579 erigat
907 1512 1009 1559 men·
1059 1490 1221 1560 mulieris
1259 1505 1295 1562 et
1324 1490 1501 1561 similibus
1533 1507 1684 1582 pugnat,
1727 1508 1762 1565 et
1795 1519 1896 1566 veros
1929 1500 2048 1571 cultus

23 1628 73 1682 tes
86 1605 350 1701 perterrefactus
365 1617 401 1673 et
420 1598 642 1681 consoletur,
667 1616 806 1665 necesse
829 1605 882 1662 est
902 1591 1009 1663 intel·
1060 1586 1176 1679 Dei,
1209 1616 1326 1661 veram
1348 1591 1609 1663 invocationem
1630 1595 1760 1666 ,hogeg

24 1713 84 1805 ligi
95 1710 261 1783 fiduciam
280 1700 552 1775 misericordiae.
602 1694 651 1769 Et
676 1720 756 1768 curn
773 1692 906 1765 Paulus
927 1693 1010 1766 satis
1162 1692 1362 1784 Descriptio
1383 1694 1485 1777 fidei,
1511 1699 1556 1765 ad
1580 1693 1812 1773 Ebraeosll.
1832 1701 1988 1772 ostendit
2011 1716 2048 1773 et

27 1814 191 1887 ostendat
210 1834 246 1880 se
268 1806 370 1902 loqui
392 1806 436 1875 de
452 1804 521 1872 fide
530 1800 692 1873 luctante
707 1822 786 1869 cum
810 1797 1012 1889 pavoribus,
1063 1796 1115 1869 ibi
1136 1796 1206 1865 fide
1228 1796 1418 1886 significari
1440 1797 1626 1891 fiduciam,
1659 1800 1742 1893 quia
1768 1801 1903 1894 inquit:
1940 1802 2047 1873 Fide,

25 1942 95 1987 non
120 1925 268 2007 possunt
290 1911 365 1981 eius
396 1907 490 1979 dicta
520 1905 563 1975 de
584 1902 659 1975 sola
682 1894 851 1972 historiae
880 1896 1011 1971 noticia
1063 1913 1115 1970 est
1137 1893 1358 1981 ὑπόστασις,
1385 1897 1420 1965 id
1448 1912 1518 1979 est,
1543 1902 1739 1990 expectatio
1762 1927 1880 1972 rerum
1902 1926 2048 1994 sperau-

25 2018 186 2109 lnleffissl·
1064 2004 1202 2075 darum.
1252 1997 1348 2070 Haec
1366 2015 1417 2073 est
1431 2024 1511 2069 vere
1526 1998 1766 2073 Grammatico
1786 2005 1883 2074 vocis
1905 2030 2048 2077 enarra-

124 2116 246 2192 Colos.
267 2118 320 2189 2.:
354 2110 395 2185 ln
413 2138 484 2208 quo
505 2124 540 2183 et
553 2106 751 2181 resuscitati
773 2105 856 2177 estis
879 2128 942 2198 per
968 2102 1012 2172 li-
1063 2106 1136 2193 tio,
1161 2116 1201 2173 ut
1226 2125 1350 2171 omnes
1375 2104 1505 2173 eruditi
1526 2119 1673 2181 norunt.
1723 2104 1837 2183 Porro
1855 2109 2049 2197 expectatio

30 2227 106 2295 dem
122 2221 295 2293 efficaciae
309 2218 395 2289 Dei.
434 2216 497 2285 Ait
512 2236 577 2283 nos
594 2210 826 2281 sanctificatos
844 2232 918 2277 esse
934 2207 1014 2293 fide,
1064 2207 1126 2276 illa
1142 2218 1193 2276 est
1208 2204 1336 2275 fiducia
1352 2206 1612 2296 promissionis,

30 2328 148 2411 idest,
172 2323 321 2401 fiducia,
344 2321 441 2415 quod
456 2312 553 2388 Deus
567 2312 612 2383 sit
627 2314 750 2383 esbcax
766 2312 805 2380 in
822 2311 937 2382 nobis.
1164 2305 1287 2380 Actor.
1315 2302 1394 2376 15.:
1435 2306 1523 2379 Fide
1557 2309 1745 2398 purificans
1778 2314 1884 2382 eorda
1911 2336 2047 2383 mmm,

128 2424 275 2497 loannis
292 2418 345 2495 5.:
381 2418 456 2509 Qui
474 2442 548 2488 non
563 2416 674 2487 credit
689 2412 784 2497 Deo,
810 2416 1013 2483 mendacem
1063 2408 1211 2483 Constat
1238 2421 1356 2481 autem
1391 2411 1521 2481 noticia
1556 2407 1723 2483 historiae
1757 2436 1832 2483 non
1868 2416 2050 2507 purificari

38 2527 251 2618 eumfacit,
292 2524 376 2620 quia
406 2544 481 2592 non
511 2520 626 2589 credit
653 2516 874 2598 testimonio,
917 2518 1013 2608 quod
1064 2516 1182 2585 corda.
1255 2508 1305 2584 Et
1332 2512 1490 2581 ibimus
1521 2513 1774 2604 interpretatur
1799 2517 1958 2587 dictume
2000 2518 2051 2589 uit

38 2632 126 2707 Deus
141 2631 252 2700 vitam
267 2641 447 2697 aeternam
464 2620 621 2704 dederit,
646 2633 712 2691 etc.
770 2616 895 2689 Refert
910 2618 1014 2686 fidem
1066 2639 1131 2686 nec
1154 2628 1290 2706 patres,
1329 2639 1393 2683 nec
1416 2615 1510 2683 ullos
1531 2610 1696 2685 habuisse
1720 2620 1826 2686 corda
1850 2643 1940 2708 pura
1967 2644 2052 2709 pru.

40 2731 379 2827 mprnmissionem,
402 2723 605 2817 etpostulat
626 2734 668 2790 ut
688 2720 914 2812 promissioni
939 2743 1015 2788 cre·
1064 2732 1143 2810 pter
1166 2717 1251 2806 legis
1275 2715 1474 2787 iusticiam:
1515 2719 1574 2786 sed
1605 2717 1655 2789 ait
1683 2718 1735 2788 sic
1765 2719 1944 2808 purificari
1973 2745 2054 2789 cur.

42 2841 154 2923 datur,
179 2834 237 2903 cui
251 2833 282 2901 si
298 2830 378 2925 quis
392 2852 466 2898 non
485 2824 702 2907 adsentitur,
734 2822 764 2889 is
780 2822 895 2893 Deum
914 2845 1014 2890 accu-
1066 2824 1130 2905 da,
1171 2820 1201 2887 si
1227 2821 1369 2887 credant
1391 2840 1427 2886 se
1444 2818 1670 2908 pergratiam
1688 2817 1836 2889 Domini
1855 2820 1930 2892 lesu
1944 2818 2094 2913 Chri&

43 2955 87 3013 sat
99 2935 285 3023 mendacii,
306 2930 405 3026 quasi
422 2953 495 2999 non
514 2939 663 3017 praestet
682 2923 862 3015 promissa.
903 2920 1016 2993 Porro
1067 2924 1112 2992 sti
1137 2920 1323 3009 purificari.
1377 2918 1545 2988 'l'estatur
1560 2943 1645 3008 ergo
1662 2921 1731 2991 fide
1753 2922 1944 3011 significari
1960 2925 2054 2994 fidu·

43 3038 201 3113 adsentiri
213 3032 459 3127 promissioni,
485 3043 535 3100 est
550 3027 677 3096 fiducia
693 3025 968 3094 misericordiae.
1067 3026 1177 3105 ciam,
1202 3045 1291 3115 quae
1308 3020 1435 3091 nititur
1457 3021 1698 3093 misericordia
1720 3025 1890 3113 promissa
1906 3040 2054 3125 propter

129 3138 315 3214 Romanos
331 3136 384 3208 h:
410 3130 483 3223 Qui
507 3142 646 3221 praeter
662 3128 811 3219 spemin
827 3150 922 3217 spem
942 3148 1017 3194 cre·
1066 3121 1263 3197 Christum.

46 3246 138 3319 didit.
190 3238 332 3330 Quaeso
353 3252 386 3307 te
402 3230 604 3305 Christiane
628 3231 757 3313 lector,
784 3253 829 3297 an
855 3252 928 3296 non
952 3223 1019 3296 hoe
1168 3223 1276 3297 Rom.
1296 3225 1370 3297 10.:
1405 3219 1537 3295 Omnis
1561 3224 1622 3318 qui
1647 3228 1759 3298 credit
1786 3229 1824 3297 iu
1849 3253 1949 3314 eum,
1980 3254 2055 3302 nnn

45 3349 113 3418 loco
128 3367 269 3415 necesse
284 3354 336 3410 est
351 3334 575 3429 interpretari
594 3334 761 3412 verbum,
785 3330 951 3410 credidit,
975 3330 1019 3397 de
1068 3329 1321 3399 confundetur.
1388 3325 1458 3396 Hic
1479 3327 1610 3398 Paulus
1635 3331 1709 3420 ipse
1731 3332 1900 3402 discernit
1922 3333 2057 3401 benefi-

47 3446 188 3520 iducis?
220 3438 322 3515 Nihil
336 3462 425 3531 opus
442 3452 492 3506 est
510 3435 633 3527 procul
656 3456 823 3527 quaerere
845 3431 1020 3520 significa·
1068 3431 1162 3500 cium
1191 3426 1376 3517 Evangelii
1400 3431 1534 3519 alege,
1561 3455 1600 3500 ac
1628 3432 1788 3524 loquitur
1817 3457 1891 3503 nun
1916 3436 1960 3503 de
1981 3434 2056 3505 0013

46 3553 184 3623 tionem.
257 3544 441 3615 Laudatur
462 3532 666 3620 Abraham,
706 3538 801 3627 quod
831 3533 1022 3622 crediderit
1070 3530 1239 3602 historiae
1263 3531 1412 3611 noticia,
1438 3535 1499 3601 sed
1526 3536 1570 3601 de
1595 3534 1741 3613 fiducia,
1776 3559 1845 3627 qua
1868 3535 2057 3605 statuimus
2134 3530 2137 3535 ’

47 3650 152 3725 &um
181 3651 356 3721 iacturum
386 3646 468 3714 esse'
485 3638 686 3733 promissa,
730 3634 865 3703 etiamsi
894 3649 1021 3703 natura
1071 3648 1165 3703 certo
1190 3630 1304 3701 Deum
1330 3632 1433 3701 rrohis
1458 3635 1657 3723 propicium
1681 3660 1755 3705 esse
1790 3652 1934 3728 propter
1951 3633 2060 3721 Chri·-

46 3752 268 3851 repugnabat.
320 3744 380 3817 Sic
395 3755 534 3836 oportet
558 3742 635 3831 pios
651 3740 694 3809 de
716 3738 784 3805 lide
800 3738 956 3817 institui,
982 3748 1021 3805 ut
1072 3751 1184 3818 stum,
1209 3757 1284 3802 non
1297 3747 1441 3823 propter
1456 3736 1580 3824 legem.
1618 3732 1752 3805 Eadem
1770 3739 1941 3807 sententia
1956 3761 2060 3828 saepe

47 3882 116 3931 nrm
132 3852 359 3926 destituimur
375 3842 543 3919 humanis
558 3839 752 3934 praesidiis,
777 3836 1023 3908 tamenaDco
1048 3876 1051 3923 Ι
1073 3837 1244 3927 repetitur
1276 3835 1314 3903 iu
1348 3831 1548 3926 Prophetis.
1621 3837 1714 3907 Psal.
1740 3843 1791 3911 2:
1833 3836 2060 3909 osculamini

51 3972 261 4053 expectemus
276 3950 467 4032 seruilium,
492 3968 569 4015 non
584 3943 786 4013 amittamus
801 3938 930 4012 Deum.
978 3935 1024 4009 Et
1048 3944 1051 4023 ξ
1072 3940 1198 4010 filiurn.
1263 3934 1366 4007 Beati
1387 3961 1510 4008 omnes
1532 3939 1592 4031 qui
1620 3941 1855 4010 confidumin
1875 3965 1929 4012 ρο,
1989 3938 2060 4009 Hic

49 4064 223 4159 aliquanto
239 4069 318 4149 post
332 4054 371 4121 in
388 4052 511 4120 endem
527 4046 641 4136 capite
657 4043 806 4136 opponit
830 4042 934 4110 fidem
957 4044 1024 4111 du·
1047 4028 1052 4155 Ι
1073 4040 1226 4128 intelligi
1243 4040 1407 4107 fiduciam
1421 4063 1561 4110 necesse
1575 4054 1637 4112 est.
1691 4030 1791 4112 lubet
1806 4041 1900 4110 enirn
1916 4041 2061 4130 agnosci

47 4160 218 4239 bitationi.
288 4148 472 4227 Abraham
502 4172 578 4218 non
605 4145 782 4215 dubitavit
816 4143 1024 4215 diffidentia.
1049 4158 1051 4165 '
1073 4144 1187 4212 lilium
1204 4140 1281 4224 Dei,
1298 4142 1397 4210 iubet
1410 4165 1475 4211 nos
1491 4143 1666 4211 confidere
1682 4138 1751 4212 hoc
1765 4141 1935 4216 Domino.
1968 4141 2061 4213 Cum

47 4266 219 4363 Loquitur
246 4261 290 4330 de
317 4257 386 4326 fide
416 4254 572 4324 luctante
602 4271 681 4319 cum
712 4245 956 4330 dubitatione,
986 4245 1025 4313 iu
1049 4238 1052 4275 ²
1074 4257 1191 4313 autem
1212 4266 1286 4311 non
1312 4244 1421 4331 possit
1442 4244 1534 4311 assari
1557 4244 1715 4313 conditio
1740 4245 1846 4332 legis,
1873 4268 1956 4313 nam
1973 4245 2062 4315 fides

46 4367 243 4462 accipienda
258 4356 504 4452 promissione·
1075 4370 1149 4416 nou
1164 4357 1277 4434 potest
1295 4346 1423 4432 partim
1447 4345 1514 4412 niti
1531 4340 1697 4428 Christo,
1723 4347 1851 4435 partim
1875 4347 1971 4434 legs,
1996 4371 2063 4417 na-

141 4466 260 4541 Mfirti
283 4462 336 4535 9οῑ
368 4456 484 4531 Credo
508 4452 685 4532 Domine,
718 4472 820 4542 opem
847 4448 900 4518 lec
929 4447 1026 4516 diffi-
1074 4471 1167 4518 cesse
1182 4459 1233 4516 est
1247 4447 1352 4515 fidem
1367 4446 1519 4533 intelligi
1534 4446 1720 4535 fiduciam,
1746 4470 1836 4539 quse
1851 4450 1974 4519 uuum
1995 4471 2063 4518 110.

47 4571 181 4647 dentiae
205 4590 315 4638 meae.
365 4560 435 4631 llic
458 4582 531 4628 non
554 4556 670 4645 agitur
693 4555 737 4623 de
758 4550 889 4621 noticia
913 4545 1028 4620 histo·
1074 4575 1138 4640 per
1160 4548 1273 4618 lilium
1297 4547 1365 4618 Dei
1392 4546 1537 4617 liberari
1560 4571 1580 4616 a
1604 4561 1745 4638 peccato
1774 4561 1807 4619 et
1832 4570 1851 4617 a
1873 4550 2063 4645 tyrannide

47 4679 134 4757 riae,
158 4672 219 4742 sed
236 4670 280 4738 de
295 4664 442 4745 fiducia,
463 4683 532 4754 qua
555 4656 759 4747 expectabat
781 4667 879 4742 pater
895 4652 1027 4719 libera·
1076 4650 1222 4721 diaboli.

48 4782 177 4855 tionem
195 4771 273 4844 filii.
326 4766 386 4839 Sic
402 4765 440 4834 in
461 4757 629 4851 exemplis
653 4755 863 4847 evangelicis
882 4755 1027 4843 plerun-
1178 4756 1213 4822 2.
1229 4748 1382 4842 Paralip.
1397 4750 1476 4821 20.:
1503 4747 1646 4822 Credite
1662 4747 1818 4822 Domino
1838 4752 1914 4824 Deo
1936 4767 2063 4834 vestro,

47 4908 109 4977 que
121 4879 213 4949 fides
227 4870 400 4963 significat
414 4863 578 4936 fiduciam
598 4873 773 4949 petentem
791 4870 824 4925 et
842 4869 1028 4946 expectan·
1076 4867 1111 4925 et
1127 4853 1240 4921 securi
1272 4852 1378 4923 eritis.
1447 4852 1570 4925 Stabat
1598 4855 1768 4923 exercitus
1800 4856 1838 4923 in
1868 4857 2064 4945 procinctu,

46 5000 113 5057 tem
139 4974 327 5053 beneficia:
353 4984 393 5042 ut
415 4969 453 5037 in
476 4963 635 5035 mulieris
653 4956 859 5033 Cananaeae
880 4953 1028 5026 historia
1078 4968 1112 5025 et
1130 4955 1319 5024 iubebatur
1340 4966 1459 5045 petere
1481 4970 1514 5027 et
1535 4967 1631 5024 certo
1649 4973 1828 5046 expectare
1845 4956 2019 5027 auxilium
2041 4980 2063 5027 a

47 5079 174 5161 Datth.
200 5072 258 5149 15.
292 5096 382 5168 quae
408 5070 464 5139 bis
486 5064 625 5159 repulsa
649 5086 669 5133 a
691 5056 854 5143 Christo,
890 5073 923 5129 et
946 5059 1027 5151 qui·
1078 5056 1167 5127 Deo.
1219 5052 1339 5142 Quare
1357 5057 1406 5126 ibi
1424 5081 1498 5126 non
1523 5057 1639 5145 agitur
1660 5059 1705 5127 de
1730 5058 1861 5127 noticia
1884 5053 2065 5142 historiae,

47 5186 227 5261 dem-cum
242 5176 423 5255 convicio,
455 5184 572 5239 tamen
591 5187 709 5257 preces
726 5186 799 5231 non
816 5159 966 5245 omittit,
991 5184 1032 5229 ac
1080 5161 1141 5229 sed
1165 5159 1381 5256 praecipitus
1407 5159 1561 5237 fiducia,
1601 5183 1690 5249 quae
1721 5175 1817 5250 petat
1850 5158 2064 5231 auxilium,

46 5285 204 5363 mirabili
227 5277 398 5370 sapientia
422 5272 549 5343 refutat
571 5268 704 5338 dictum
724 5259 877 5345 Christi,
902 5261 1032 5332 latetur
1080 5262 1168 5332 Deo.
1238 5258 1335 5331 Haec
1365 5259 1566 5330 testimonia
1597 5261 1679 5329 satis
1709 5262 1846 5353 liquide
1872 5262 2065 5332 ostendunt

44 5418 80 5465 se
105 5390 294 5477 indignam
324 5401 397 5451 esse
420 5371 589 5447 beneficio
603 5418 614 5451 ,
653 5369 712 5436 scd
739 5379 857 5436 tamen
887 5376 1033 5455 propter
1080 5362 1256 5435 vocabulo
1291 5362 1374 5431 fidei
1411 5361 1601 5533 sigpigicari
1636 5362 1814 5436 fiduciam.
1882 5360 1930 5433 Et
1963 5364 2065 5456 plura
