4522 5782
161 224 238 305 ω,
748 198 1586 283 anteuensoateraaxauurtca.
2116 196 2197 289 tto

164 397 267 471 aliter
280 386 425 480 agnosci
440 398 477 459 et
490 379 650 455 invocari
672 376 800 474 possit,
822 378 893 449 nisi
907 376 999 449 sicut
1012 368 1149 447 Christi
1207 392 1275 464 est,
1299 377 1483 451 laboribus
1505 389 1541 449 et
1560 377 1853 451 contentionibus
1873 393 2013 455 tautum
2034 396 2200 459 aeternas

168 496 386 570 revelatione
403 488 595 583 patefactus
607 496 672 558 eat.
724 479 829 564 Item,
853 482 949 573 quod
970 478 1091 550 omnia
1114 477 1159 547 ad
1209 503 1339 573 poenas
1347 503 1533 566 accersere,
1547 480 1638 553 sicut
1650 481 1756 553 multi
1771 497 1932 573 gerentes
1946 484 2080 557 iniusta
2090 489 2200 577 bella,

169 600 317 673 salutem
346 588 543 665 necessaria
572 583 759 658 tradiderit
779 577 963 667 Christus,
995 603 1060 650 nec
1089 579 1161 650 sint
1208 582 1322 655 etalii
1343 594 1606 676 propugnantes
1626 585 1736 677 impia
1757 587 1936 675 dogmata.
1993 587 2116 678 Qum
2140 592 2201 663 ιη.

170 697 371 798 quaerenda
403 714 517 763 norae
538 687 840 768 illuminationes,
870 708 935 753 nec
959 683 1160 776 quaerenda
1208 687 1320 777 gubre
1334 685 1572 775 spectaculum
1587 686 1655 757 fuit
1669 687 1845 758 excidium
1862 686 2100 785 lemsolymae
2123 694 2202 787 reqi

170 804 240 876 alia
257 797 430 871 doctrina.
472 790 548 862 llae
564 788 758 861 sententiae
774 809 914 877 semper
930 786 1002 856 sint
1018 785 1057 853 in
1074 807 1160 852 con·
1209 781 1425 869 Zedecbiae,
1448 786 1579 861 etaliia
1593 788 1836 880 principibus,
1860 814 1943 863 cum
1959 795 2202 867 videntum.

173 917 312 998 spectu,
333 912 376 971 ut
390 888 646 989 philosophicis
659 889 911 983 opinionibus,
935 910 998 958 seu
1020 885 1162 977 sapien·
1210 888 1266 961 bis
1289 888 1516 970 incendium,
1548 891 1752 981 cogitarunt
1772 914 1810 961 aa
1831 893 1907 962 mig
1926 896 2088 967 tumim,
2111 893 2201 970 hm

173 1008 243 1081 tiae
271 1000 405 1074 carnali
435 1009 675 1090 opponantur.
734 990 845 1062 Multi
876 990 1015 1079 tingunt
1042 990 1162 1059 Deum
1212 990 1368 1081 ingentia
1392 991 1485 1062 male
1507 990 1579 1064 sibi
1600 1005 1636 1063 et
1654 987 1833 1063 Ecclesiae
1852 990 1922 1065 Dei
1947 999 2201 1073 accersivisse?

59 1140 66 1151 ·
174 1130 276 1204 posse
293 1101 434 1195 agnosci
448 1114 482 1171 et
501 1099 587 1181 coli,
620 1096 725 1166 etiam
747 1094 824 1162 siue
844 1093 977 1161 noticia
997 1102 1031 1160 et
1055 1089 1164 1159 mini-
1213 1092 1266 1164 Ac
1280 1088 1446 1163 Christus
1465 1116 1546 1163 cum
1570 1089 1724 1166 delude
1753 1095 1930 1190 loquitur,
1960 1101 2091 1171 meliua
2112 1116 2203 1177 esset

176 1210 284 1284 sterio
307 1201 515 1293 Evangelii,
548 1198 631 1291 quia
660 1194 816 1267 humana
847 1196 937 1265 ratio
970 1194 1076 1263 etiam
1100 1192 1164 1262 seit
1214 1196 1272 1266 isti
1292 1190 1432 1265 homini
1455 1218 1530 1265 non
1553 1219 1628 1267 esse
1648 1211 1793 1283 natum,
1827 1198 1999 1289 signifieat
2018 1204 2203 1294 ingentem

176 1335 290 1387 unum
309 1330 382 1379 esse
397 1304 537 1387 Deum,
558 1313 592 1370 et
610 1300 711 1371 novit
726 1298 849 1387 legem.
900 1295 971 1367 Sed
994 1290 1054 1366 bic
1075 1294 1165 1363 seia·
1214 1296 1391 1367 miseriam
1408 1319 1504 1382 esse,
1527 1298 1676 1369 consilia
1691 1312 1725 1369 et
1741 1299 1879 1371 labores
1892 1305 2094 1404 suscipere,
2120 1308 2205 1401 qui-

178 1437 277 1493 mus,
310 1410 529 1479 voluntatem
552 1401 618 1474 Dei
643 1405 688 1472 de
710 1399 917 1472 remissione
942 1410 1165 1488 peecatorum
1215 1402 1281 1471 bus
1296 1398 1348 1468 ira
1363 1395 1432 1468 Dei
1445 1399 1608 1472 irritatur
1626 1414 1659 1474 et
1679 1401 1793 1475 exitus
1810 1400 1918 1473 ludae
1939 1409 2095 1479 ostendit
2117 1406 2206 1483 bor·

178 1514 345 1589 donanda
376 1520 522 1603 propter
554 1504 785 1575 mediatorem
821 1501 952 1583 tilium,
1010 1500 1166 1589 ignotam
1215 1500 1336 1571 rendis
1352 1500 1507 1572 tenebris
1528 1515 1563 1572 et
1583 1502 1687 1572 furiis
1710 1505 1864 1595 opprimi
1886 1500 2048 1579 homiues
2071 1512 2206 1584 iniusta

178 1618 286 1688 fnisse
319 1607 495 1682 humanae
537 1606 669 1677 rationi
710 1618 743 1674 et
781 1602 949 1672 omnibus
988 1600 1169 1684 creaturis,
1216 1616 1385 1693 gerentes.
1435 1601 1535 1675 Sicut
1551 1601 1740 1676 ludassibi
1756 1621 1908 1679 mortem
1932 1611 2142 1701 consciscit,
2165 1628 2208 1687 ut

179 1719 386 1813 priusquam
406 1712 540 1804 prolata
557 1723 608 1779 est
628 1732 669 1778 ex
694 1707 776 1776 sinu
796 1727 924 1774 arcano
949 1704 1082 1773 aeterni
1107 1725 1169 1794 pa·
1216 1708 1405 1795 abrumpat
1423 1704 1605 1791 dolorem,
1630 1721 1795 1779 ettamen
1812 1724 1930 1799 postea
1946 1726 2109 1785 aeternos
2123 1740 2208 1788 crn-

179 1822 245 1892 tris
271 1840 334 1908 per
356 1814 484 1887 tilium.
535 1809 682 1881 Necesse
705 1820 757 1880 est
778 1807 887 1897 igitur
908 1805 1033 1876 audire
1047 1800 1167 1873 Evan·
1217 1808 1329 1878 ciatus
1342 1805 1460 1877 sentit.
1510 1803 1712 1899 lamcogita
1727 1811 1916 1881 maximam
1942 1829 2077 1904 partem
2099 1840 2208 1908 gem.

181 1922 334 2013 galium,
364 1930 406 1990 ut
426 1914 514 1987 alias
536 1934 639 2007 saepe
662 1912 798 1983 dietum
822 1922 874 1981 est
897 1910 940 1978 de
964 1906 1170 1977 discrimine
1217 1910 1267 1979 ris
1281 1903 1430 1978 humani
1446 1908 1582 1999 frangi,
1605 1925 1668 1982 aut
1683 1913 1891 1999 inutilibus,
1919 1930 1982 1988 aut
1998 1919 2210 2009 pernitiam

180 2022 269 2116 ΙΨ*
284 2034 318 2091 ⁰²
333 2014 531 2109 Emdeffi·
1219 2010 1519 2083 contentionibus.
1579 2010 1689 2084 Multi
1714 2015 1876 2101 fuerunt,
1908 2032 2010 2104 stant,
2044 2033 2079 2093 et
2103 2034 2211 2095 erunt

284 2118 424 2193 Deinde
454 2117 561 2189 etiam
590 2110 650 2201 hi,
689 2113 753 2209 qui
786 2112 978 2183 audierunt
1007 2104 1171 2201 Evange·
1220 2112 1330 2183 ludae
1345 2112 1498 2198 similes,
1523 2125 1563 2185 ut
1578 2114 1680 2206 impii
1703 2117 1864 2189 domoras
1886 2122 2048 2192 omnium
2070 2136 2211 2217 ternpu-

182 2226 292 2311 lfuma
331 2220 521 2295 difficulter
545 2216 790 2313 θθφὶῑθῑωῐῑῑ,
827 2226 996 2305 expetunt
1018 2213 1105 2283 alias
1127 2213 1172 2281 il·
1221 2239 1310 2285 rum.
1364 2211 1482 2303 Quam
1499 2216 1602 2287 multi
1618 2219 1763 2290 fuerunt
1780 2221 2032 2294 excellentibus
2056 2224 2212 2317 ingeniis

182 2326 437 2402 luminationes
453 2334 514 2393 aut
528 2317 893 2401 contuituacleriores,
907 2316 1039 2410 quibus
1048 2328 1172 2407 optant
1220 2315 1395 2409 praediti,
1417 2316 1480 2409 qui
1497 2330 1616 2388 umen
1632 2342 1688 2390 res
1704 2332 1765 2391 aut
1785 2322 1950 2405 inutiles,
1982 2339 2046 2397 aut
2067 2341 2210 2401 tantum

185 2456 221 2501 se
237 2427 339 2499 reddi
354 2425 539 2509 certiores,
571 2423 665 2492 unde
682 2414 954 2500 Enthusiastae,
985 2417 1173 2509 anabapti·
1222 2418 1438 2512 perniciosas
1449 2420 1569 2507 generi
1587 2414 1744 2506 humano
1760 2439 1952 2512 gesserunt.
2002 2426 2078 2500 Res
2095 2446 2211 2521 gestae

186 2548 278 2616 stae,
313 2543 347 2599 et
363 2524 467 2599 multi
489 2524 631 2595 fanatici
654 2522 726 2593 orti
747 2534 852 2605 stant,
886 2534 919 2591 et
944 2520 1174 2612 experiuntur
1221 2520 1420 2591 Alcibiadis
1436 2544 1560 2591 omues
1576 2522 1621 2595 ab
1635 2522 1740 2595 initio
1752 2528 1926 2620 usquead
1947 2529 2054 2600 finem
2075 2556 2214 2604 nocue.

186 2653 311 2706 omnes
326 2630 398 2724 pii,
416 2648 545 2717 magno
561 2624 753 2697 certamine
767 2622 1009 2715 reprimendos
1024 2636 1057 2693 et
1073 2623 1175 2692 eo'e'r-
1223 2637 1309 2695 runt
1323 2621 1409 2714 ipsi,
1434 2634 1469 2693 et
1485 2623 1630 2714 patriae.
1667 2622 1793 2708 Bruti,
1817 2624 1952 2711 Cassii,
1979 2630 2153 2721 Antonii,
2178 2647 2213 2708 et

187 2734 320 2807 cendos
342 2753 416 2802 esse
437 2742 603 2819 vagantes
621 2727 780 2809 animos,
813 2736 851 2797 ut
871 2726 915 2795 ad
937 2719 1006 2793 boc
1026 2724 1174 2794 verbum
1223 2725 1376 2795 aliorum
1395 2724 1710 2805 innumerabilium
1725 2729 1828 2814 bella,
1843 2731 1929 2824 quid
1946 2748 2029 2805 sunt
2043 2736 2115 2806 nisi
2132 2762 2214 2829 per.

186 2836 359 2909 traditum
381 2824 579 2914 aChristo,
605 2843 639 2900 et
654 2851 719 2920 per
735 2827 946 2919 Apostolos,
972 2826 1175 2916 alligentur,
1224 2826 1350 2897 niciosi
1367 2826 1566 2899 tumultus?
1597 2827 1702 2901 Nune
1716 2855 1859 2926 qunque
1871 2858 1978 2928 quam
2000 2840 2106 2929 pauci
2130 2851 2215 2912 ,unq

189 2953 224 3011 et
250 2938 290 3007 in
314 2959 355 3005 eo
379 2934 621 3026 acquiescant,
651 2954 692 3001 ae
709 2942 867 3001 statuent
888 2952 969 2998 vere
992 2923 1087 2998 hane
1108 2926 1176 2999 Dei
1225 2930 1396 3001 salutares
1410 2928 1599 3019 principes.

188 3040 409 3111 voluntatem
425 3057 505 3124 erga
520 3057 588 3103 nos
598 3055 692 3117 esse,
715 3056 822 3125 quam
838 3029 897 3101 bic
913 3030 1091 3122 patefecit.
1135 3028 1177 3101 si
1327 3027 1424 3101 Haec
1438 3030 1477 3099 in
1491 3025 1649 3103 historiis
1672 3046 1706 3103 et
1729 3033 1803 3105 vita
1822 3037 2030 3129 quotidiana
2053 3056 2215 3116 contem-

188 3165 288 3213 nunc
302 3142 346 3211 de
367 3137 466 3210 coelo
490 3135 558 3205 tibi
583 3134 782 3204 mitteretur
805 3134 969 3223 angelus,
1003 3132 1177 3203 nuncians
1226 3132 1386 3223 plemur,
1410 3145 1452 3203 ut
1466 3135 1509 3203 de
1525 3155 1587 3203 aua
1601 3134 1752 3228 quisque
1767 3139 1970 3226 vocatione,
1996 3147 2097 3216 etde
2119 3149 2214 3221 exitu

190 3243 256 3315 tibi
272 3240 577 3331 Deumplacatum
596 3259 687 3321 esse,
722 3248 757 3306 et
779 3237 993 3305 adderentur
1018 3234 1178 3305 testimo·
1227 3234 1367 3322 cogitet.
1423 3232 1588 3307 Primum
1620 3237 1758 3307 vocatio
1786 3240 1920 3328 placeat
1949 3240 2026 3315 Deo
2034 3297 2046 3331 ,
2084 3248 2216 3322 deinde

191 3345 274 3427 nia,
303 3342 469 3411 videlicet
490 3338 576 3409 solis
596 3360 790 3427 regressus,
832 3350 873 3407 ut
894 3332 1066 3407 Ezechiae
1087 3351 1178 3407 tem·
1228 3338 1366 3426 depone
1380 3335 1544 3407 fiduciam
1559 3338 1632 3428 tui,
1657 3351 1692 3408 et
1707 3340 1795 3411 scias
1807 3364 1881 3412 non
1897 3346 1970 3434 regi
1995 3370 2142 3437 magnae
2162 3376 2217 3424 m

191 3469 278 3539 pore
286 3496 298 3528 ,
325 3457 401 3513 tum
421 3465 504 3511 vero
521 3439 724 3527 gavisurum
741 3450 793 3522 te,
807 3451 877 3510 tam
895 3438 1027 3507 illustri
1044 3437 1179 3527 signiti-
1228 3433 1385 3509 bumana
1398 3437 1570 3529 sapientia
1579 3488 1593 3529 ,
1613 3442 1674 3512 sed
1690 3436 1766 3511 Deo
1781 3459 2000 3519 monstrante
2017 3454 2168 3525 consilia
2183 3470 2216 3528 et

194 3547 332 3617 catione
356 3541 549 3614 voluntatis
569 3538 636 3610 Dei
659 3540 854 3611 arbitraris.
907 3540 957 3610 At
981 3540 1093 3610 maius
1119 3541 1180 3610 be-
1229 3540 1450 3624 occasiones,
1482 3553 1516 3610 et
1544 3542 1750 3615 adiuvante.
1807 3543 1991 3639 Pmponas
2017 3553 2129 3641 iqitm¹
2150 3558 2216 3628 tibi

194 3647 361 3719 aeficium
378 3658 449 3729 est,
473 3642 585 3714 filium
604 3665 677 3713 ease
694 3645 862 3727 missum,
895 3665 935 3711 ac
951 3642 1060 3713 fuisse
1085 3665 1180 3711 nun-
1197 3720 1200 3725 ,
1230 3641 1370 3711 divinas
1388 3641 1657 3733 promissiones,
1673 3659 1706 3716 et
1723 3660 1868 3739 propter
1881 3673 1940 3720 eas
1955 3653 2082 3725 invoca
2091 3656 2217 3747 Deum,

195 3751 289 3820 cium
312 3747 401 3820 tanti
425 3742 592 3818 muneris.
651 3742 770 3814 Huius
792 3744 857 3815 filii
879 3745 987 3813 verbo
1011 3746 1087 3814 vttlt
1115 3767 1182 3814 nos
1231 3743 1601 3835 etpeteauxiliumiu
1623 3748 1826 3833 vocatione,
1859 3776 1964 3843 quam
1988 3755 2063 3846 ipae
2087 3784 2217 3855 appm.

194 3854 358 3935 eredere,
391 3872 455 3919 nec
484 3847 570 3917 alias
599 3847 780 3917 doctrinas
809 3861 870 3917 aut
902 3846 1182 3917 illuminationes
1233 3849 1311 3930 bat,
1352 3858 1386 3915 et
1417 3845 1545 3916 fiducia
1574 3849 1792 3938 praesentiae
1813 3848 1880 3923 Dei
1905 3857 2042 3949 suscipe
2066 3860 2218 3947 labores,

196 3976 376 4048 quaerere.
425 3946 484 4021 Ad
499 3945 593 4020 hane
608 3948 817 4019 sententiam
840 3948 1119 4018 confirmandam
1144 3948 1181 4017 in
1233 3947 1483 4018 convenientes
1501 3961 1563 4018 tuo
1581 3951 1733 4021 muneri.
1781 3950 1831 4022 tta
1847 3968 1881 4025 et
1896 3958 1975 4029 aliis
1992 3963 2219 4051 profuturum

195 4056 321 4141 nobis,
362 4050 498 4125 dictum
519 4046 589 4121 hoe
612 4050 897 4121 meminerimus:
934 4044 1071 4121 Omnia
1092 4073 1183 4144 quae
1233 4064 1284 4121 est
1299 4063 1400 4119 tuum
1418 4050 1674 4137 ministerium,
1696 4065 1730 4122 et
1752 4055 1887 4148 tuipse
1909 4082 1982 4129 uon
2003 4062 2144 4136 amittes
2166 4068 2221 4137 ri.

197 4157 355 4227 audivia
376 4168 475 4247 patre
496 4177 596 4239 meo,
623 4150 771 4242 patefeci
795 4152 909 4227 vobis.
960 4148 1126 4223 Affirmat
1147 4174 1184 4223 se
1235 4166 1309 4223 tam
1337 4166 1536 4234 aeternam,
1568 4156 1628 4222 sed
1651 4154 1757 4225 etiam
1780 4161 1947 4247 praemiis
1972 4166 2160 4239 ornabat,
2183 4170 2219 4239 t„

198 4258 358 4330 attulisse
385 4256 602 4341 doctrinam,
634 4254 797 4326 videlicet
825 4255 870 4323 de
897 4254 1185 4325 reconciliatione
1235 4250 1301 4324 hac
1329 4255 1400 4325 vita
1435 4268 1469 4324 et
1500 4269 1576 4345 post
1602 4250 1694 4326 hane
1715 4257 1835 4330 vitam.
1892 4258 1990 4351 Haec
2011 4281 2063 4339 est
2084 4294 2170 4342 vera
2188 4284 2223 4345 et

198 4360 355 4451 ignotam
377 4358 546 4430 omnibus
571 4357 760 4441 creaturis,
794 4355 967 4447 prolatam
989 4380 1029 4426 ex
1056 4379 1186 4425 arcano
1235 4357 1335 4425 firma
1351 4356 1568 4441 consolatio,
1590 4380 1699 4455 quam
1716 4371 1750 4429 et
1772 4356 1830 4431 hic
1846 4359 2009 4437 Christus
2031 4370 2221 4466 aliquoties

198 4458 418 4560 sinupatris.
468 4457 664 4529 Hancvult
683 4458 949 4549 nosamplecti,
974 4452 1187 4528 inbaeeult
1237 4458 1411 4542 inculcat,
1436 4472 1470 4528 et
1484 4482 1586 4548 saepe
1600 4474 1766 4550 repetunt
1778 4467 1966 4538 conciones
1987 4471 2149 4556 divinae,
2183 4491 2222 4548 ut

197 4586 265 4633 nos
287 4561 526 4656 acquiescere,
560 4583 625 4628 nec
645 4560 731 4629 alias
755 4561 965 4657 opiniones,
997 4559 1087 4630 alios
1110 4560 1188 4629 eul-
1238 4560 1445 4649 supradixi.
1495 4556 1542 4630 Et
1557 4558 1690 4633 Paulus
1704 4563 1847 4638 clamat:
1872 4568 1993 4642 Labor
2009 4589 2126 4646 vester
2146 4602 2221 4650 non

198 4679 275 4756 tus,
300 4665 387 4735 alies
401 4660 635 4735 revelationes
651 4675 823 4754 expetere.
1181 4672 1183 4677 '
1238 4676 1291 4733 est
1306 4661 1428 4732 irritus
1446 4685 1509 4753 per
1524 4660 1733 4740 Dominum.

1342 4761 1394 4833 Ae
1409 4763 1514 4835 uobis
1534 4764 1572 4833 in
1587 4763 1750 4838 Ecclesia
1765 4768 1952 4863 praecipue
1973 4799 2064 4870 opus
2084 4794 2138 4854 est
2158 4776 2225 4855 hae

292 4826 412 4905 Posui
426 4854 505 4915 ⁹⁰52
532 4838 571 4903 ”i
588 4827 704 4923 ‘miss
730 4828 1101 4933 ‘fsmdums‘mffi’
1239 4866 1497 4949 consolatione,
1524 4867 1587 4936 ubi
1608 4869 1888 4943 circumferimus
1909 4877 2109 4953 doctrinam
2129 4885 2225 4956 invi-

301 4968 416 5043 Addit
431 4970 727 5041 consolationem:
755 4968 795 5040 Si
812 4965 904 5041 banc
921 4993 1035 5040 meam
1057 4968 1191 5041 doctri·
1239 4991 1313 5038 sam
1330 4970 1478 5052 mundo,
1494 4981 1529 5039 et
1544 4969 1708 5041 videmur
1721 4969 1814 5043 nihil
1830 4977 1999 5065 proficere
2010 5006 2126 5074 posse,
2139 4987 2224 5083 quia

202 5099 285 5147 nam
318 5072 536 5157 retinebitis,
568 5072 721 5140 fructum
751 5072 881 5146 feretis.
937 5070 1112 5142 Miserum
1139 5084 1190 5141 est
1240 5073 1474 5140 adversantur
1499 5071 1604 5141 uobis
1633 5074 1764 5144 summi
1790 5098 1909 5168 reges,
1941 5094 1975 5153 et
2005 5086 2121 5158 multa
2142 5104 2225 5161 stant

203 5199 349 5267 magnos
363 5175 502 5247 hbom
516 5173 710 5253 sustinere,
735 5175 799 5266 qui
815 5196 880 5244 nec
899 5173 987 5257 tibi,
1020 5198 1086 5245 uec
1109 5173 1191 5243 aliis
1239 5171 1515 5262 impedimenta,
1553 5172 1693 5267 inopia,
1726 5177 1855 5263 fames,
1886 5197 2001 5255 metus
2022 5191 2227 5263 erudelissi-

201 5279 360 5369 prosint,
392 5291 433 5350 ut
448 5277 542 5368 apud
563 5274 695 5345 inferos
716 5271 892 5371 Sisyphus
915 5298 1038 5345 saxum
1063 5277 1191 5346 adver·
1239 5298 1379 5345 morum
1395 5275 1664 5367 suppliciorum.
1717 5278 1814 5352 lnter
1827 5275 2018 5358 basemata
2032 5293 2228 5381 cogitemus

202 5400 262 5449 aua
289 5392 447 5453 montem
468 5400 572 5469 agere
591 5376 733 5454 dicitur.
792 5376 913 5451 Multo
938 5398 1024 5449 vero
1053 5377 1190 5451 tristius
1239 5377 1512 5471 promissionem
1526 5374 1661 5453 Christi
1676 5382 1780 5454 toties
1791 5384 1994 5479 repetitam:
2013 5388 2090 5482 Qui
2108 5411 2227 5468 manet
