4522 5782
102 203 211 295 sess
364 204 466 279 xtn.
516 208 554 285 a.
585 200 886 283 manuario
911 204 1068 287 uersu.
1093 204 1244 305 naum
1268 204 1338 281 an
1361 202 1627 309 Romanos.
1679 206 1785 289 cae.
1810 178 1912 290 xvr.
2052 216 2153 295 soso

98 392 140 453 st
157 372 383 451 Manichaeis
397 373 567 452 historiis.
612 377 707 451 Cum
731 392 851 453 autem
869 382 957 451 tales
979 397 1097 470 gestus
1154 373 1370 464 bominum,
1408 393 1449 451 ut
1483 380 1734 454 invocantibus
1768 383 1914 455 Annam
1948 390 2145 479 promissae

99 481 352 555 deiudustria
366 481 523 555 simulati
546 496 648 569 sunt,
673 497 714 553 ut
733 484 837 553 facile
860 460 1099 575 deprehendi·
1154 495 1237 551 sunt
1261 480 1429 566 divitiae,
1458 479 1653 572 Georgium
1678 485 1866 573 victoriae,
1892 503 1927 559 ct
1949 490 2029 560 aliis
2044 494 2147 563 attri-

98 596 169 657 tus·
191 583 395 667 simulatio,
419 585 519 673 digni
540 599 623 657 sunt
645 585 749 668 odio,
775 586 859 677 quia
882 587 1099 656 suntmani·
1150 582 1274 653 buitur
1289 580 1442 652 aliorum
1460 584 1667 655 morborum
1686 588 1835 662 sanatio.
1885 586 1980 681 Papa
1995 592 2143 667 damnat

96 686 196 755 testa
213 684 407 755 mendacia.
455 687 548 759 Cum
564 711 647 756 vero
662 686 795 756 diaboli
812 689 862 755 sic
879 688 972 758 cient
987 712 1099 756 mem·
1152 707 1288 767 omnes,
1306 685 1369 777 qui
1379 686 1610 755 adversantur
1627 686 1734 757 idolis
1751 703 1785 761 et
1803 691 1983 763 erroribus
1998 696 2145 787 pontib-

95 786 173 877 διῄει
190 786 454 877 ignorantium,
478 790 565 880 quid
578 805 701 879 agant,
734 789 939 881 praestigiae
955 804 989 863 et
1010 789 1100 858 insi·
1153 784 1234 855 ciis:
1262 800 1297 857 et
1313 808 1409 855 nunc
1427 782 1593 857 monachi
1607 788 1805 860 incendunt
1828 814 1926 881 reges
1951 808 1984 864 et
2006 798 2143 886 princi-

101 886 193 961 diae
209 886 407 959 diabolicae
425 891 673 981 intelligendae
691 904 725 961 et
740 894 965 961 detestandae
982 905 1075 961 sunt.
1151 909 1211 977 pes
1234 901 1357 957 contra
1384 889 1567 958 veritatem
1594 884 1648 959 bis
1672 892 1991 980 promissionibus,
2023 900 2052 965 si
2076 923 2142 987 op-

209 988 280 1059 Sed
304 989 343 1059 in
364 990 449 1081 ipsis
474 994 697 1082 dogmatibus
727 993 840 1063 multo
872 994 990 1085 plures
1015 1005 1100 1063 sunt
1150 988 1307 1080 primant
1323 983 1416 1057 banc
1431 991 1648 1075 doctrinam,
1675 1017 1764 1086 quae
1787 1009 1889 1075 sonat
1913 998 1951 1065 in
1973 993 2143 1069 Ecclesiis

94 1084 311 1163 κολακείαι.
374 1091 449 1161 Has
480 1094 640 1165 existimo
670 1090 728 1164 hic
751 1094 893 1185 proprie
919 1093 1097 1163 nominari
1150 1092 1299 1173 nostris,
1326 1091 1447 1160 Deum
1469 1092 1636 1162 daturum
1659 1118 1732 1163 esse
1756 1095 1841 1187 ipsis
1858 1097 2017 1187 iugentia
2039 1125 2141 1193 prae·

89 1186 386 1290 χρηστολογίας.
417 1194 511 1267 Sunt
525 1210 641 1266 autem
657 1197 790 1288 ubique
807 1197 911 1264 obvia
927 1197 1095 1287 exempla.
1150 1193 1240 1271 mia,
1268 1192 1435 1263 victorias
1460 1206 1494 1262 et
1509 1218 1601 1262 nova
1617 1219 1723 1285 regna
1739 1212 1772 1267 et
1789 1201 1946 1269 mundos
1962 1200 2062 1275 alios.

97 1294 224 1367 Grata
240 1308 313 1366 erat
330 1297 442 1368 oratio
459 1295 616 1368 Rusticis
631 1311 789 1388 tempore
803 1297 1002 1381 seditionis,
1018 1321 1098 1367 cum
1250 1291 1367 1379 Tales,
1393 1294 1646 1385 promissiones
1682 1292 1741 1367 bic
1782 1299 1962 1371 nominari
1997 1305 2141 1393 proprie

94 1396 305 1469 turbulenti
331 1399 492 1469 doctores
519 1399 755 1469 vociferentur
781 1395 1022 1469 Christianam
1050 1398 1097 1466 li·
1148 1388 1317 1491 εὐλογίας
1332 1395 1463 1469 iudico.
1515 1394 1592 1466 Hae
1609 1399 1688 1488 plus
1703 1399 1820 1470 valent
1839 1425 1944 1493 quam
1961 1404 2140 1495 simplices

93 1498 278 1571 bertatesn
302 1521 392 1581 essa,
418 1524 492 1571 non
519 1503 673 1592 pendere
696 1500 852 1591 legitima
876 1502 1007 1571 tributa
1020 1500 1097 1568 do·
1147 1496 1348 1583 blandtiae‚
1375 1498 1457 1591 quia
1486 1499 1631 1568 additur
1655 1502 1873 1572 adseveratio
1898 1506 1943 1572 de
1971 1529 2138 1595 praesen·

96 1599 217 1669 minis
241 1613 277 1668 ct
299 1602 574 1693 magistratibus.
624 1600 1097 1694 hdAnabaptistasmultos
1147 1597 1194 1667 tia
1212 1595 1297 1684 Dei,
1323 1600 1366 1667 de
1388 1600 1553 1690 praemiis
1577 1615 1610 1670 et
1634 1604 1678 1670 de
1701 1602 1834 1692 poenis.
1886 1602 1962 1675 Hac
1986 1610 2134 1678 adseve-

96 1702 256 1791 iguavns
284 1700 430 1773 attrahit
452 1705 625 1773 blandum
646 1707 797 1793 dogma,
838 1728 918 1775 cum
944 1704 1096 1773 audiunt
1146 1700 1284 1769 ratione
1305 1701 1410 1770 etiam
1433 1702 1586 1771 absurda
1609 1703 1773 1792 dogmata
1799 1728 1900 1795 saepe
1921 1708 2135 1779 confirman-

93 1826 137 1873 se
163 1802 219 1871 ibi
241 1804 367 1874 alienis
388 1806 616 1876 facultatibus
639 1807 709 1877 frui
730 1829 841 1895 posse.
895 1805 947 1878 lta
964 1805 1096 1876 multos
1145 1816 1223 1893 tur,
1257 1826 1347 1893 quae
1380 1826 1453 1870 non
1487 1803 1723 1875 blandiuntur
1746 1806 1901 1891 rationi,
1936 1810 2019 1900 quia
2050 1828 2134 1883 sunt

93 1904 246 1975 culinae
263 1918 482 1978 attraxerunt
499 1909 543 1977 ad
559 1907 781 1977 monasteria.
831 1906 1096 2000 Nuncquoqu'e
1150 1906 1321 1995 quaedam
1337 1917 1534 1974 monstrosa
1555 1904 1714 1995 ingenia,
1744 1932 1834 1999 quac
1854 1909 2005 1999 gignunt
2021 1926 2055 1984 et
2070 1916 2133 1984 dc-

95 2006 280 2077 hlandum
308 2009 434 2098 dogma
457 2022 509 2080 est
533 2010 837 2095 Antinomorum,
877 2011 940 2104 qui
971 2008 1095 2078 dicunt
1148 2006 1317 2089 tendunt,
1344 2027 1405 2073 seu
1422 2006 1627 2091 ambitione,
1655 2031 1716 2076 seu
1732 2021 1870 2080 tantum
1887 2024 2034 2082 naturae
2050 2038 2132 2106 per-

89 2122 366 2201 perseverantes
400 2111 439 2180 in
480 2112 617 2181 delictis
661 2126 784 2181 contra
831 2111 1094 2193 conscientiam,
1147 2106 1309 2176 versitate
1325 2106 1512 2198 opiniones
1536 2124 1733 2199 pugnantes
1750 2135 1829 2180 cum
1845 2112 2005 2183 omnium
2024 2139 2131 2186 sano-

89 2223 223 2280 tamen
245 2208 320 2281 Deo
344 2213 503 2304 placere,
528 2214 558 2283 si
582 2213 714 2283 interea
734 2215 869 2304 fingant
893 2240 929 2285 se
952 2214 1096 2285 credere
1145 2232 1225 2278 rum
1242 2208 1395 2280 iudiciis.
1437 2207 1563 2279 Talem
1579 2212 1663 2278 novi
1680 2236 1752 2279 esse
1767 2206 2041 2301 Thammerum,
2066 2218 2131 2311 qui

88 2306 315 2401 Evangelio.
1144 2306 1262 2380 adhuc
1279 2310 1406 2402 passim
1423 2326 1586 2401 vagatur,
1610 2314 1671 2407 qui
1689 2314 1926 2385 contendebat
1941 2339 2040 2403 eum,
2065 2318 2130 2412 qui
2210 2304 2214 2321 ⁵

201 2410 368 2507 Denique
382 2413 451 2483 late
465 2428 559 2506 patet
577 2440 651 2499 res,
672 2414 819 2487 Placent
833 2415 1095 2501 assentationes,
1144 2410 1292 2482 iurasset
1306 2435 1342 2481 se
1356 2412 1531 2484 facturum
1555 2436 1628 2483 esse
1650 2414 1817 2483 iniustam
1841 2418 2002 2505 caedem,
2022 2445 2130 2512 opor-

88 2512 183 2611 quia
198 2537 357 2587 amamus
369 2539 433 2585 nos
448 2515 585 2609 ipsosct
601 2519 696 2588 vitiis
710 2519 1018 2606 nostrisfavemus,
1029 2520 1091 2587 de·
1145 2527 1218 2584 tere
1235 2538 1310 2584 eam
1327 2515 1468 2583 caedem
1485 2515 1608 2585 facere.
1659 2513 1783 2587 Postea
1807 2518 2019 2591 defendebat
2042 2523 2129 2593 stoi-

88 2612 275 2689 leetamur
289 2640 370 2706 ergo
394 2618 456 2700 iis,
482 2621 544 2712 qni
561 2622 718 2690 adlectus
734 2636 872 2691 nostros
889 2624 1093 2705 adsumunt,
1144 2640 1221 2684 cam
1255 2614 1513 2699 necessitatem,
1547 2617 1755 2689 adfirmabat
1780 2620 1903 2691 omnia
1928 2624 2125 2697 necessario

91 2718 396 2793 etnoslaudant.
428 2719 501 2793 Nec
517 2722 662 2791 difficile
679 2735 731 2792 est
745 2723 987 2809 considerare,
1008 2746 1096 2817 quas
1144 2715 1238 2802 lieri,
1272 2718 1367 2789 bona
1392 2719 1549 2794 etmala.
1582 2716 1730 2790 Etcum
1754 2720 1982 2811 obiiceretur,
2008 2722 2126 2797 Deum

88 2818 302 2913 opiniones,
318 2844 407 2914 quos
423 2816 585 2892 homines
601 2825 655 2891 illi
673 2826 834 2914 probent,
850 2825 980 2917 quibus
995 2824 1094 2918 quis-
1143 2842 1216 2887 non
1243 2842 1316 2889 esse
1337 2842 1476 2890 causam
1499 2822 1651 2911 peccati,
1688 2821 1749 2889 ille
1772 2823 1975 2913 respondit,
2009 2824 2126 2898 Deum

88 2946 168 3019 quc
183 2923 308 3006 servit,
324 2936 358 2992 et
373 2926 508 2993 easdem
523 2927 709 3017 opiniones
723 2940 757 2995 et
772 2928 913 2996 eosdem
930 2922 1091 2996 homines
1142 2944 1215 2991 uon
1242 2922 1353 2993 teneri
1379 2944 1441 2991 sua
1463 2920 1560 3009 lege,
1588 2924 1647 2990 sed
1673 2923 1770 2992 velut
1792 2936 1984 3017 tyrannum
2011 2928 2125 3001 lacere
2157 3008 2164 3021 ,

88 3018 249 3108 ornare,
275 3026 451 3095 contraria
476 3052 559 3097 vero
583 3029 794 3119 vituperare.
841 3024 891 3098 Et
912 3042 1019 3099 notus
1040 3042 1091 3098 cst
1141 3022 1311 3115 quicquid
1329 3022 1446 3092 vellet.
1494 3019 1711 3095 (inhorresco
1729 3019 1794 3092 hos
1809 3028 1947 3095 sorores
1963 3030 2125 3117 recitans,

88 3148 239 3197 versus:
264 3124 400 3217 Nempe
416 3150 520 3199 cocus
535 3130 673 3197 domini
690 3131 796 3199 dehet
812 3123 942 3201 babere
956 3132 1089 3221 gulam,
1139 3147 1212 3192 non
1237 3124 1347 3212 igitur
1366 3124 1495 3215 addam
1517 3125 1620 3217 plura
1648 3124 1822 3217 exempla,
1856 3128 1917 3197 sed
1947 3129 2010 3223 qui
2038 3132 2123 3203 talia

88 3224 262 3319 Cumque
275 3251 358 3319 opes
374 3242 408 3300 ct
424 3232 617 3320 potentiam
638 3226 722 3300 haec
739 3231 920 3313 simulatio
937 3233 1084 3311 adferat,
1137 3222 1289 3295 ab'surda
1316 3225 1514 3296 defendunt
1529 3281 1552 3311 „
1580 3250 1659 3296 cum
1683 3229 1811 3297 desunt
1834 3229 1883 3298 eis
1903 3246 2123 3321 argumenta,

90 3328 232 3403 usitata
252 3343 302 3399 est
328 3330 367 3398 in
392 3330 483 3401 aulis
502 3346 537 3403 et
554 3332 593 3401 in
608 3332 787 3405 Ecclesiis,
838 3328 955 3421 Quem
979 3333 1084 3404 multi
1136 3328 1331 3405 decurrunt
1353 3330 1396 3397 ad
1423 3325 1573 3399 fulmina
1599 3328 1878 3414 execrationum,
1904 3333 2122 3410 maledicunt

88 3446 222 3503 contre
237 3431 489 3503 conscientiam
512 3448 600 3506 tetra
618 3436 713 3529 idota
730 3437 879 3505 adoram
902 3450 936 3507 et
960 3436 1083 3505 deteo-
1136 3428 1363 3529 discentibus·
1431 3428 1502 3523 seu
1527 3432 1570 3499 de
1595 3431 1726 3523 talibus¹
1749 3433 2032 3505 execrationibus
2056 3461 2120 3507 sen

88 3534 207 3623 dunt,
234 3545 268 3601 et
280 3532 449 3605 iniustam
466 3536 665 3621 saevitiam,
691 3562 781 3627 quae
797 3551 977 3607 exercetur
994 3560 1082 3607 con·
1135 3528 1597 3615 maledictionibusiniustis
1607 3534 1797 3602 tenendum
1815 3537 2008 3607 estdictum
2019 3535 2119 3609 Psal-

88 3648 147 3709 tra
171 3634 400 3719 innocentes,
433 3636 583 3709 laudant
603 3640 853 3725 et'adiuvant,
879 3653 920 3710 ut
939 3636 1083 3711 Princi-
1135 3630 1308 3713 mi108.:
1342 3632 1557 3704 Maledicent
1573 3634 1646 3720 illi,
1672 3646 1705 3703 et
1720 3648 1758 3705 tu
1775 3634 1973 3714 benedices.

88 3760 182 3833 pum
198 3751 261 3809 sut
277 3737 400 3831 populi
414 3739 535 3809 favore
552 3753 719 3811 crescant.
1233 3726 1528 3829 Praemunia'umus
1559 3751 1676 3806 autern
1703 3760 1769 3805 nos
1795 3739 1966 3809 adversus
1995 3760 2119 3811 omnes

196 3838 306 3929 Apud
327 3834 468 3908 Esaiam
495 3864 570 3931 cap,
592 3841 653 3916 50,
683 3839 887 3931 gravissime
915 3866 1082 3914 amusan.
1132 3834 1350 3929 corruptelas
1365 3832 1621 3909 doctrinaehis
1638 3839 1775 3908 duabus
1792 3840 1908 3912 rebus.
1955 3837 2118 3929 Diligen-

88 3955 151 4013 tur
168 3941 333 4031 utrique,
356 3955 390 4010 et
409 3942 578 4031 populus,
604 3943 756 4036 quinon
773 3945 849 4014 vult
870 3945 994 4015 audire
1009 3946 1079 4016 nisi
1131 3934 1180 4008 tia
1197 3953 1287 4008 recte
1300 3938 1474 4022 discendi,
1491 3953 1525 4009 et
1540 3939 1677 4009 ardenti
1695 3934 1905 4029 precatione.
1929 3937 1986 4010 De
1996 3941 2113 4032 priore

88 4044 358 4121 adsentatores,
398 4055 432 4112 et
458 4043 525 4133 ipsi
546 4046 707 4115 doctores
731 4045 794 4136 qui
825 4047 1081 4136 cupiditatibus
1131 4043 1237 4109 modo
1253 4041 1371 4134 inqut
1387 4039 1539 4111 Paulus:
1567 4037 1721 4110 Attende
1738 4041 1902 4127 lectioni,
1934 4028 2120 4112 doctrinac'

88 4142 323 4215 dominorum
347 4144 526 4224 serviunt,
551 4144 760 4239 Loquimiui
777 4147 882 4215 nobis
898 4149 1080 4238 placentia,
1131 4155 1165 4211 et
1179 4143 1425 4213 consolationi.
1469 4138 1516 4212 Et
1530 4143 1575 4211 ad
1594 4142 1841 4213 colossenses:
1869 4142 1994 4213 Sermo
2010 4140 2115 4216 Chri-

88 4244 212 4315 sirlete
226 4243 330 4313 nobis
346 4268 491 4314 errores.
525 4243 621 4316 Haec
635 4247 726 4315 mala
739 4251 930 4338 semperin
944 4252 1078 4319 mundo
1129 4243 1174 4313 sti
1195 4238 1329 4315 habitet
1352 4245 1390 4312 in
1416 4245 1518 4313 vobis
1543 4246 1728 4333 opulenter
1752 4245 1789 4311 in
1809 4246 1907 4312 omni
1932 4245 2114 4335 sapientia,

88 4346 223 4419 usitata
247 4345 354 4414 tuisse
378 4359 412 4416 et
437 4370 511 4416 esse
534 4372 590 4416 res
613 4349 688 4438 ipsa
719 4351 885 4418 ostendit.
952 4349 1079 4421 Monet
1128 4358 1161 4414 et
1189 4346 1311 4415 docete
1345 4360 1379 4416 et
1409 4348 1592 4416 emendate
1619 4369 1681 4415 vos
1709 4359 1844 4416 mutuo.
1911 4344 2111 4418 Haeduae

88 4448 202 4539 igitur
215 4440 366 4527 Pa‘ulus,
393 4460 431 4516 ut
453 4471 656 4535 caveamus,
680 4473 726 4518 ne
748 4451 967 4542 decipiamur
983 4476 1077 4546 χρη.
1128 4448 1352 4535 gravissimae
1385 4448 1648 4518 admonitiones
1680 4471 1818 4538 semper
1853 4447 1889 4515 in
1924 4462 2113 4541 conspectu

88 4543 319 4646 πολογίαις,
343 4563 377 4619 es
399 4551 449 4619 sie
464 4552 626 4620 nominat
642 4552 845 4623 artificiosas
861 4554 1078 4624 adsentatio·
1127 4548 1217 4628 sint,
1255 4562 1290 4619 et
1311 4550 1500 4637 diligenter
1523 4552 1800 4619 considerentur·
1862 4547 2022 4621 Primum
2047 4574 2113 4621 oo-

88 4674 171 4738 nes,
197 4674 288 4743 quae
304 4652 481 4741 pertinent
498 4654 541 4720 ed
558 4653 685 4722 vitium
701 4677 863 4745 pugnans
878 4679 959 4725 eum
983 4656 1076 4725 veri.
1128 4647 1237 4719 minat
1258 4648 1389 4720 Paulus
1415 4652 1622 4735 lectionem,
1648 4652 1731 4743 quia
1755 4652 1915 4722 doctrina
1934 4649 2112 4722 Ecclesiae

88 4767 180 4838 tate,
225 4751 387 4824 videlicet
420 4755 466 4823 ad
492 4753 685 4827 blanditias
718 4779 842 4826 omnes
876 4757 1077 4850 decipiendi
1131 4751 1313 4820 dissimilis
1343 4766 1393 4822 est
1424 4749 1681 4843 philosophicis
1705 4752 1886 4822 doctrinis.
1963 4753 2111 4824 lnitium

88 4878 195 4929 teuta
210 4853 404 4923 simulatas.
1128 4848 1381 4922 Arithmeticae
1398 4878 1470 4922 non
1489 4870 1574 4923 esta
1591 4855 1757 4935 lectione,
1783 4857 1843 4922 sed
1861 4880 1880 4923 a
1897 4854 2027 4924 noticia
2045 4878 2110 4924 na·

190 4954 263 5027 Sed
283 4952 448 5053 εὐλογίαι
461 4952 600 5027 Ebraea
620 4954 738 5048 phrasi
753 4958 952 5047 significant
967 4958 1075 5029 bene.
1126 4954 1232 5022 turali
1252 4979 1503 5039 numerorum,
1537 4958 1596 5024 sed
1615 4960 1793 5025 decretum
1812 4957 1856 5024 de
1880 4956 1952 5025 lilio
1967 4952 2049 5024 Dei:
2076 4967 2110 5025 et

88 5058 280 5149 dictiones,
307 5057 343 5126 id
368 5071 439 5144 est,
464 5060 575 5128 bonas
603 5061 873 5150 imprecationes
898 5073 932 5130 et
955 5062 1074 5129 dulces
1125 5057 1170 5124 de
1193 5058 1479 5126 reconciliatione
1505 5072 1538 5126 et
1564 5059 1786 5127 restitutione
1817 5058 1909 5125 vitae
1936 5071 2109 5142 aeternae,

88 5158 366 5253 promissiones,
402 5175 442 5230 ut
476 5157 642 5230 monachi
679 5161 890 5250 promittunt
923 5161 1071 5232 salutem
1124 5160 1290 5227 omatibus
1321 5158 1489 5227 creaturis
1514 5159 1674 5247 ignotum
1701 5161 1769 5227 fnit
1799 5173 1880 5226 aute
1906 5157 2110 5249 patefactio-

88 5260 287 5332 animarum
318 5285 383 5351 pro
415 5263 593 5331 sacribsiis
619 5262 769 5355 Missae,
809 5277 848 5332 ut
869 5264 1069 5336 nominant.
1122 5284 1219 5342 nem,
1253 5261 1291 5328 in
1311 5285 1379 5353 qna
1399 5261 1472 5349 ipse
1496 5261 1589 5329 lilius
1607 5261 1671 5329 Dei
1689 5260 1958 5348 promissionem
1975 5261 2108 5347 gratiae

88 5360 167 5437 llos:
180 5363 332 5437 artificio
347 5364 552 5437 confirmata
574 5379 627 5436 est
645 5364 823 5437 invocatio
844 5378 1068 5435 mortuorum
1121 5385 1161 5432 ex
1193 5363 1276 5432 sinu
1310 5364 1441 5435 aeterni
1475 5363 1586 5454 patris
1619 5362 1779 5454 protulit.
1856 5358 1959 5429 Hanc
1993 5376 2109 5433 autem
