4522 5782
107 170 184 255 'tlt

113 376 187 425 nnn
216 346 389 419 existimet
415 366 451 412 se
477 337 646 411 reiectum
677 362 751 407 esse
776 353 923 430 propter
947 338 1102 410 exilium.

113 457 183 529 Sed
198 455 241 522 de
258 451 437 519 valuntate
454 444 524 514 Dei
539 466 581 511 ea
596 445 705 511 verho
721 442 796 511 eius
813 443 999 513 iudicetur.
1054 438 1104 510 lta

114 558 249 626 dictum
274 548 479 622 Salomonis
507 543 672 636 congruit
701 545 745 613 ad
776 559 933 612 nostram
964 558 1106 611 senten-

114 660 222 741 tiam,
256 678 330 723 non
361 653 406 719 ad
436 647 558 717 falsam
592 647 881 736 imaginationem
914 640 1103 714 monacho·

116 782 209 831 rttm.
1101 782 1104 787 '

136 935 233 1038 Quis
249 931 438 1007 accusabit
455 927 598 1015 clectos,
625 924 732 998 Dens
748 936 800 997 est
818 926 886 1024 qui
898 921 1087 1021 iustificat.

223 1087 423 1180 Responsio
446 1084 562 1153 estad
587 1096 834 1171 argumentum
858 1096 957 1150 antea
983 1081 1108 1150 recita·

121 1211 211 1269 tum.
262 1189 354 1261 Cum
378 1187 473 1256 enim
491 1184 613 1254 obiicit
629 1183 844 1252 corascientia
863 1183 1109 1265 inconversis,

123 1322 204 1368 casm
231 1289 347 1363 adhuc
369 1285 537 1358 haereant
559 1287 596 1354 in
619 1287 725 1354 nobis
751 1285 883 1354 multae
906 1289 1051 1376 sordes,
1076 1298 1111 1354 et

124 1398 234 1470 multa
251 1407 386 1487 peecata
403 1388 624 1479 ignorantiae
640 1401 674 1457 et
688 1387 902 1471 omissionis,
929 1388 1110 1480 quomodo

125 1520 269 1593 possum
288 1518 362 1562 non
378 1492 553 1563 dubitare.

131 1596 133 1601 ⁸
227 1597 296 1667 llic
325 1597 517 1694 respondet
538 1590 671 1660 Paulus
700 1590 804 1659 fidem
836 1591 903 1660 niti
927 1591 1053 1659 merito
1078 1601 1113 1659 et

126 1699 377 1774 intercessione
401 1695 465 1764 hlii
488 1691 575 1777 Dei,
610 1715 685 1762 non
710 1707 829 1762 nostra
854 1693 1046 1782 dignitate,
1080 1705 1114 1762 et

125 1808 166 1877 fis
183 1804 367 1892 utriusque
383 1797 433 1867 rei
450 1796 604 1879 mentio,
632 1797 750 1865 meriti
766 1809 799 1865 et
814 1793 1081 1865 intercessionis.

230 1918 401 1989 Meritum
424 1915 580 1984 ostendit
601 1936 681 1983 cum
696 1915 760 1983 ait:
788 1912 861 2003 Qui
878 1915 1023 2004 proprio
1039 1913 1113 1981 filio

97 2064 100 2069 ·
127 2048 202 2095 non
234 2019 407 2113 pepercit,
446 2018 506 2084 sed
543 2040 607 2107 pro
638 2015 744 2084 nobis
772 2015 940 2086 omnibus
967 2016 1115 2085 tradidit

129 2149 232 2209 eum,
258 2121 438 2215 quomodo
460 2141 534 2186 non
557 2117 677 2187 omnia
702 2142 783 2186 eum
806 2141 847 2186 eo
872 2118 976 2186 nobis
993 2120 1114 2188 donet.

129 2228 237 2300 ltem:
264 2222 355 2311 Quis
377 2221 555 2290 accusabit
577 2220 723 2301 eleetos,
748 2217 844 2288 Dens
863 2234 914 2289 est
933 2220 994 2311 qui
1012 2219 1115 2289 insti-

130 2331 228 2411 hcat,
253 2325 291 2397 id
315 2335 386 2406 est,
409 2322 470 2415 qui
486 2321 610 2410 recipit
627 2324 826 2403 credentes,
852 2335 886 2390 et
902 2323 1115 2411 pronunciat

131 2456 190 2500 eos
219 2450 293 2498 esse
323 2426 450 2506 iustos,
491 2424 527 2489 id
558 2435 629 2506 est,
663 2422 731 2512 ipsi
762 2423 938 2514 placentes
972 2437 1117 2516 propter

130 2532 244 2602 lilium
261 2541 369 2599 tectos
385 2525 521 2595 iusticia
537 2524 615 2597 lilii.

237 2645 362 2717 Postea
383 2645 428 2712 de
450 2643 700 2713 intercessione
716 2643 892 2738 loquitur:
920 2642 992 2732 Qui
1009 2657 1041 2715 et
1060 2643 1117 2712 in-

132 2750 293 2841 terpellat
310 2746 503 2839 pronubis.

233 2850 303 2920 llic
325 2849 476 2917 tenenda
497 2859 548 2916 est
562 2847 722 2917 doctrina
740 2847 784 2915 de
799 2848 994 2917 sacerdotio
1009 2842 1117 2917 Chri·

130 2956 198 3039 sti,
223 2956 267 3022 de
289 2974 358 3044 quo
381 2950 515 3019 dictum
538 2961 607 3018 est:
635 2947 695 3019 Tu
718 2956 754 3017 et
770 2953 933 3021 sacerdos
948 2950 985 3018 in
1003 2963 1118 3019 aeter·

136 3080 221 3126 nram
247 3054 441 3124 secundum
464 3051 626 3119 ordinem
648 3047 896 3122 Melchizedec.
951 3050 1118 3123 Continet

135 3173 251 3230 autem
268 3151 354 3224 haec
371 3152 607 3223 consideratio
623 3155 667 3221 de
682 3154 877 3223 sacerdotio
893 3151 1025 3224 Christi
1042 3179 1118 3221 am-

137 3260 332 3351 plissimam
357 3257 554 3324 doctrinam
575 3267 612 3325 et
634 3255 875 3324 dulcissimam
902 3256 1119 3326 consolatio·

138 3385 229 3430 nem.
281 3355 441 3427 Primum
460 3379 542 3425 vero
560 3371 643 3424 nota
662 3357 709 3425 sit
724 3356 897 3429 delinitio.

238 3457 407 3530 Summus
444 3459 607 3525 sacerdos
643 3470 693 3525 est
729 3481 878 3548 persona
919 3460 1120 3529 immediate

139 3562 245 3633 missa
268 3584 287 3628 a
311 3558 387 3629 Deo
409 3558 451 3626 ad
478 3558 769 3629 annunciandum
794 3554 1052 3650 Evangelium,
1086 3576 1121 3631 et

136 3662 340 3733 immediate
362 3659 543 3751 proferens
567 3661 603 3728 id
621 3683 660 3728 ex
676 3663 756 3729 sinn
776 3665 909 3732 aeterni
929 3664 1055 3754 patris,
1081 3687 1121 3733 ac

716 166 842 239 Pll'lL.
869 162 986 239 MEL.
1012 159 1222 238 SCRIPTA
1248 157 1560 237 EXEGETICAJ
1581 168 1584 173 ’
1716 164 1726 225 ἵ
1790 158 1890 231 att't

1157 350 1191 405 et
1222 330 1507 405 humiliationem
1538 355 1653 428 neque
1678 334 1725 405 ad
1755 334 2074 421 resurrectionne,
2096 351 2130 409 ot

1158 462 1307 528 poenam
1339 461 1405 527 pro
1435 436 1539 504 nobis
1571 438 1770 527 persolvat,
1806 434 1899 508 hanc
1927 439 2128 508 oblationem

1159 542 1233 628 ipse
1259 540 1333 607 suis
1365 539 1482 607 verbis
1514 562 1579 624 pro
1599 535 1757 609 Ecclesia
1782 540 1943 630 applicat
1965 539 2128 633 inquiens:

1159 640 1234 729 Ego
1253 666 1315 730 pro
1332 642 1381 709 eis
1395 640 1575 710 sanctifico
1592 665 1662 711 me.
1715 639 1761 711 Et
1776 647 1820 710 ad
1837 639 2000 712 Ebraeoe
2017 642 2128 712 dicitur

1158 743 1245 833 Cap.
1266 744 1315 815 l.:
1350 742 1432 831 Qua
1462 742 1645 813 voluntate
1675 744 1883 813 sanctificati
1908 767 2053 828 sumus,
2080 768 2128 835 per

1159 846 1378 914 oblationem
1410 844 1569 935 eorporis
1595 842 1674 915 l'esn
1698 840 1834 915 Christi
1858 846 1983 919 semel.
2043 844 2129 916 lten:

1161 946 1240 1018 Una
1257 946 1438 1017 oblatione
1455 948 1715 1017 consummavit
1730 970 1807 1020 nos.

1266 1064 1422 1133 Primum
1447 1064 1555 1150 igitur
1572 1065 1609 1133 fit
1626 1064 1869 1156 in'eonspeetu
1886 1058 1977 1133 haec
1990 1065 2132 1135 consola·

1162 1168 1213 1236 tio
1236 1192 1325 1259 qnae
1349 1166 1562 1257 proponitur
1579 1166 1616 1233 in
1634 1168 1761 1236 merito
1776 1162 1937 1250 Christi,
1963 1190 2025 1237 seu
2042 1154 2132 1235 sacn-

1163 1271 1261 1349 llcio‚
1298 1268 1480 1353 videlicet,
1513 1271 1608 1359 qnod
1635 1269 1671 1336 in
1695 1268 1932 1337 conversione
1957 1292 2040 1337 vere
2061 1270 2132 1337 reci-

1164 1374 1309 1463 piantur
1342 1382 1376 1439 et
1399 1369 1560 1459 placeant
1585 1367 1662 1438 Deo
1685 1373 1865 1440 eredentes
1887 1382 2038 1460 propter
2060 1365 2133 1439 hare

1164 1474 1362 1551 victimam,
1389 1471 1524 1540 etiamsi
1545 1468 1661 1539 adhue
1678 1465 1823 1541 haerent
1840 1472 1878 1540 in
1895 1472 2078 1542 conversis
2091 1462 2134 1542 re

1167 1575 1300 1667 liqniae
1330 1573 1476 1664 peccati.
1539 1570 1720 1642 Vincenda
1752 1587 1805 1643 est
1827 1573 1942 1663 igitur
1964 1575 2135 1658 dubitatio,

1165 1677 1247 1770 quia
1266 1677 1433 1744 dubitans
1450 1675 1627 1764 disputat,
1655 1698 1701 1744 an
1718 1675 1885 1746 meritum
1900 1673 2043 1748 Christi
2057 1676 2136 1750 scafh-
2164 1682 2167 1687 ’

1165 1780 1254 1860 ciat,
1279 1793 1340 1849 aut
1361 1779 1510 1847 antefert
1532 1801 1594 1865 scra
1612 1792 1750 1867 peecata
1767 1777 1896 1847 merito
1912 1774 2051 1849 Christi
2065 1803 2137 1847 con·

1166 1895 1220 1951 tra
1235 1881 1386 1950 dictum:
1412 1877 1535 1947 Gratia
1550 1881 1716 1949 exaaherat
1731 1901 1836 1969 snpra
1851 1880 2041 1952 delictum.
2070 1879 2137 1950 ldeo

1167 1980 1225 2052 hic
1249 1982 1385 2073 inquit:
1411 1978 1503 2069 Quis
1520 1982 1695 2049 accusabit
1710 1981 1859 2063 eleetos,
1885 2006 1971 2052 cum
1988 1981 2083 2051 Deus
2095 1983 2139 2064 sit,

1167 2085 1228 2178 qui
1246 2084 1421 2165 iustificat,
1446 2082 1545 2175 quasi
1562 2082 1670 2151 dicat:
1697 2079 1847 2153 Etianasi
1863 2080 2020 2155 haerent
2030 2084 2138 2154 incon·

1168 2186 1277 2255 versis
1301 2183 1472 2272 reliquiae
1487 2184 1640 2276 peceati,
1667 2199 1784 2255 tamen
1801 2209 1861 2255 eos
1877 2186 2139 2259 iustificatlleus

1168 2302 1313 2381 propter
1331 2286 1455 2357 filium.

1269 2404 1324 2476 De
1344 2404 1596 2475 intercessione
1614 2428 1697 2474 vero
1714 2403 1866 2475 sciamus
1880 2406 2143 2497 applicationem

1168 2508 1286 2579 meriti
1303 2501 1440 2578 Christi
1459 2506 1503 2576 ad
1526 2528 1592 2575 nos
1612 2506 1688 2576 lieri
1711 2509 2017 2600 omnitempore,
2043 2532 2141 2579 canu

1169 2625 1312 2680 aeterno
1332 2621 1430 2698 patre
1449 2631 1510 2696 per
1525 2608 1640 2697 ipsum
1658 2609 1890 2681 mediatorem
1908 2612 2144 2703 deprecantem

1169 2737 1234 2805 pro
1264 2711 1380 2784 nobis.
1439 2709 1499 2780 Sic
1525 2710 1716 2781 coniuncta
1743 2724 1828 2797 sunt
1848 2712 2026 2785 meritum
2050 2727 2082 2786 et
2101 2713 2144 2781 iu·

1170 2814 1346 2885 tercessio.
2167 2814 2170 2819 ’

1272 2936 1444 3007 Meritum
1476 2947 1529 3007 est
1555 2934 1757 3005 obedientia
1782 2931 1920 3008 Christi
1943 2938 2144 3009 satisfaciens

1171 3040 1331 3110 iusticiae
1345 3036 1412 3107 Dei
1432 3038 1476 3106 ad
1496 3036 1704 3128 placandam
1724 3038 1826 3106 iram.
1896 3058 1918 3075 ‘

1274 3155 1482 3227 Intercessin
1509 3167 1561 3224 est
1580 3156 1718 3225 assidua
1743 3156 1936 3246 applicatio
1957 3180 2028 3248 pro
2049 3152 2145 3244 noli,

1171 3262 1261 3331 sicut
1278 3257 1405 3329 Ebrae.
1415 3256 1450 3328 7.
1474 3256 1620 3327 dicitur:
1647 3257 1794 3349 Semper
1816 3259 1962 3342 vivens,
1989 3275 2033 3332 ut
2054 3263 2146 3332 inter·

1172 3365 1272 3431 cedat
1293 3386 1356 3451 pro
1379 3362 1440 3428 eis.
1495 3357 1543 3428 Et
1566 3352 1634 3427 hoe
1659 3359 1736 3428 loco
1753 3361 1796 3427 ad
1812 3358 1922 3434 Rom.
1936 3360 1997 3431 8.:
2023 3361 2145 3452 Quiest

1144 3512 1147 3561 t
1172 3467 1214 3534 ad
1240 3465 1400 3532 dextram
1413 3458 1500 3545 Dei,
1526 3461 1588 3553 qui
1609 3473 1642 3529 et
1665 3462 1867 3553 interpellat
1888 3487 1955 3553 pro
1973 3466 2095 3551 nohis,
2115 3467 2163 3535 id'

1173 3581 1243 3647 est,
1268 3566 1329 3657 qni
1353 3577 1475 3652 regnat
1498 3575 1711 3652 compatre,
1738 3578 1772 3634 et
1787 3564 1883 3632 videt
1901 3579 2026 3653 pectus
2042 3569 2145 3658 patris,

1163 3685 1207 3737 et
1228 3669 1263 3735 in
1289 3668 1352 3734 illo
1374 3688 1504 3735 arcano
1521 3663 1670 3733 consilio
1688 3689 1752 3754 pro
1769 3665 1873 3734 nohis
1889 3666 2097 3757 intercedit,
2118 3684 2146 3741 et

137 3766 243 3835 missa
273 3764 317 3831 ad
350 3762 570 3831 offerendum
601 3762 830 3846 sacrificium,
872 3780 911 3835 nt
942 3766 1119 3854 persoluta
1172 3784 1313 3839 nostros
1343 3767 1492 3857 gemitus
1516 3766 1558 3835 ad
1585 3780 1720 3856 patrem
1744 3768 1896 3857 perfert,
1929 3772 1997 3862 qui
2021 3786 2147 3865 propter

140 3889 254 3959 poena
283 3888 347 3956 pro
379 3864 483 3932 nohis
510 3864 707 3954 placaretur
731 3867 782 3933 ira
809 3864 893 3950 Dei,
925 3882 958 3937 et
982 3869 1121 3937 assidue
1173 3873 1286 3941 filium
1304 3894 1369 3939 nos
1384 3867 1530 3958 recipit,
1556 3867 1652 3937 iuxta
1670 3869 1822 3938 dictum:
1849 3867 2147 3968 Quicquidpetie·

139 3991 246 4038 orans
277 3990 343 4058 pro
377 3966 499 4049 nobis,
531 3989 570 4033 ae
596 3963 732 4036 habens
760 3968 1000 4037 testimoninm
1025 3972 1118 4061 qnod
1144 3982 1148 4057 ξ
1173 3974 1251 4043 ritis
1270 3985 1404 4062 patrem
1423 3970 1461 4038 in
1479 3968 1625 4037 nomine
1641 3993 1740 4054 meo,
1764 3970 1865 4041 dabit
1882 3973 2001 4045 vobis.

141 4069 366 4163 exaradiatur,
391 4082 425 4137 et
449 4089 661 4138 conservans
683 4069 916 4139 ministerium
934 4062 1148 4189 Evangeliil
1275 4088 1371 4159 Hm
1407 4087 1602 4158 consolatio
1641 4110 1781 4179 semper
1815 4089 1853 4159 in
1883 4109 2080 4185 conspectu
2103 4097 2147 4166 sit.

139 4174 178 4240 3¹¹
197 4168 371 4289 Εἳθιθῇἷὸν
396 4181 431 4237 ‘l
452 4184 621 4287 pelleum
641 4171 810 4260 ⁰⁰¹¹lS⁰¹¹⁵
828 4167 1021 4289 Efflssldffl
1037 4197 1122 4242 V⁰⁶0
1144 4202 1149 4299 ξ
1172 4192 1320 4262 Etiamsi
1350 4191 1454 4260 valde
1483 4188 1617 4258 infirmi
1641 4203 1675 4260 et
1697 4191 1835 4279 indigni
1858 4215 2007 4278 sumna,
2046 4213 2147 4269 tamea

139 4271 324 4360 EV³¹¹B⁰¹¹¹
348 4272 633 4388 ‘l·h?⁰‘d¹⁶‘¹¹³s
666 4274 1016 4389 dtssssfem¹⁵⁸¹⁰¹¹⁰m
1042 4299 1121 4363 90⁰·
1174 4297 1369 4386 placemus,
1405 4291 1488 4386 quia
1520 4288 1577 4361 hic
1601 4291 1695 4361 tilius
1716 4294 1844 4363 merito
1864 4317 1931 4365 suo
1958 4298 2075 4387 placat
2097 4326 2147 4391 pa·

140 4388 318 4453 catorum,
345 4372 519 4463 Speratum
535 4389 694 4443 sanctum
709 4389 743 4443 et
759 4389 866 4443 vitam
884 4388 1069 4448 aeternam.
1173 4411 1283 4479 mm,
1309 4409 1343 4465 et
1358 4417 1496 4485 ,emper
1511 4415 1574 4480 pro
1590 4394 1695 4461 nobis
1710 4393 1918 4479 intercedit,
1944 4413 1982 4470 ep
1998 4403 2082 4491 2333(
2095 4426 2149 4473 m,

239 4486 336 4557 llaec
355 4490 511 4557 membra
529 4491 648 4558 omnia
671 4490 845 4560 contineri
860 4491 897 4560 in
915 4492 1122 4562 delinitione
1173 4498 1410 4588 applicatione
1432 4494 1549 4564 meriti
1572 4495 1647 4575 sui,
1673 4518 1720 4564 ne
1742 4495 1780 4564 in
1795 4520 1862 4568 nos
1878 4499 2088 4577 effundatur
2101 4505 2148 4574 in·
2177 4536 2181 4585 ε

139 4591 266 4660 summi
287 4590 497 4674 sacerdotis,
522 4591 676 4660 ostendit
701 4589 859 4682 Epistola
882 4596 924 4662 ad
950 4590 1122 4666 Ehraeos.
1173 4622 1258 4691 gens
1275 4599 1477 4671 iradivina.

139 4688 188 4761 Et
209 4685 267 4760 hic
292 4714 451 4760 summus
475 4695 636 4760 sacerdos
655 4718 727 4763 non
747 4708 799 4764 est
814 4696 969 4786 typicus,
993 4698 1052 4763 sed
1071 4710 1123 4768 est
1275 4715 1357 4787 Huc
1378 4715 1662 4785 accommodetur
1683 4731 1718 4786 01
1731 4715 1885 4787 dictum:
1913 4684 2147 4799 '1²03thss

139 4787 301 4862 Christus
323 4789 421 4859 Deus
449 4805 483 4861 et
513 4787 638 4861 homo:
672 4820 754 4864 nam
789 4797 895 4864 officii
919 4821 1051 4867 nomen
1077 4799 1122 4867 ad
1173 4822 1238 4890 ὼς
1263 4820 1300 4887 ῑῃ
1323 4833 1516 4889 aeternum,
1567 4814 2148 4921 hem,101391002250,m„3„,

140 4918 324 4986 fff⁸⁰⁰³¹¹¹
343 4907 515 4991 Pfflffl‘ls
541 4919 630 4986 ‘lua‘
647 4911 697 4965 ‘⁸¹
712 4894 808 4967 13²⁰ss
825 4912 860 4968 ‘l
875 4894 995 4973 hm·
1173 4946 1255 4991 nem
1272 4923 1380 5002 dicta,
1407 4931 1562 5012 quaeest
1577 4931 1825 5009 perpetuavox
1838 4925 2147 5002 mediatoris-omui

243 5013 301 5083 Ad
323 5012 602 5082 consolationem
628 5038 711 5083 vero
735 5017 971 5086 consideratio
989 5018 1123 5089 utrius-
1174 5036 1342 5115 tempore.
1396 5021 1513 5090 Verba
1534 5020 1780 5111 applicationis
1800 5037 1901 5092 erant:
1927 5026 2007 5120 Ego
2024 5058 2147 5126 mepta

141 5142 208 5207 qaae
229 5117 280 5186 rei
305 5115 499 5184 necessaria
524 5129 597 5200 est,
621 5116 756 5187 scilieet
780 5119 940 5188 sacrificii
964 5142 1025 5189 seu
1047 5145 1123 5191 me·
1175 5126 1225 5194 eis
1255 5124 1451 5205 sanctifico,
1490 5123 1620 5205 idest,
1652 5121 1776 5196 offero.
1842 5122 1950 5198 ltem:
1985 5129 2066 5204 Oro
2083 5158 2146 5206 nan

141 5221 218 5301 rici,
251 5232 285 5286 et
309 5218 582 5289 intercessionis.
646 5215 743 5287 llaec
766 5241 919 5308 persona
939 5221 1045 5292 offert
1068 5245 1124 5291 aa·
1174 5250 1239 5317 pro
1265 5226 1350 5318 ipsis
1374 5237 1532 5306 tantum,
1554 5223 1615 5292 sed
1638 5247 1704 5314 pro
1724 5223 2147 5322 crediturispereerbm

140 5318 328 5399 crificinm,
361 5320 397 5386 id
424 5332 495 5398 est,
527 5316 730 5387 ursieersam
757 5319 998 5391 obedientiam
1025 5347 1123 5394 suam
1175 5352 1309 5414 eorum,
1335 5341 1375 5399 ut
1389 5348 1503 5397 unum
1518 5323 1590 5396 sint
1606 5324 1646 5394 in
1661 5326 1776 5401 nobie.
1816 5324 1922 5400 ltem:
1951 5331 2146 5410 Uedilectia
