4522 5782
183 208 306 329 sss
365 316 370 331 .
575 276 578 281 -
795 234 1630 325 eumrransonsarsnxrosuca.
1743 280 1748 287 -
1807 234 1812 251 ·
2152 240 2231 319 ass

190 434 354 520 peccata,
380 436 536 494 meretur
555 418 661 491 nohis
682 419 924 490 remissionem
947 435 1183 515 peccatorum.
1204 427 1210 509 l
1233 439 1299 486 nos
1323 419 1431 511 recipi
1453 432 1599 511 propter
1619 415 1717 490 hunc
1739 419 1984 490 resuscitatum·
2004 414 2223 503 Dominum,

192 528 265 601 Sed
285 524 495 597 resurrectio
508 524 627 593 incoat
642 523 749 594 vitam
766 523 1001 593 immortalem
1017 524 1056 592 in
1073 520 1184 595 Chri·
1205 516 1209 587 i
1234 532 1269 589 et
1285 521 1460 591 credimus
1474 546 1555 591 eum
1570 545 1645 592 esse
1668 522 1848 592 assiduum
1865 522 2133 591 intercessorem
2159 542 2226 610 pro

194 644 268 709 sto,
293 650 363 723 qua
378 628 448 697 iam
464 627 587 695 vivens
611 638 735 714 regnat
757 626 802 695 ad
819 628 976 695 dextram
992 626 1124 718 patris,
1148 637 1183 694 et
1233 622 1356 706 nohis,
1383 636 1417 693 et
1441 646 1506 693 nos
1522 624 1638 692 iuvari
1662 627 1707 694 ab
1734 646 1776 693 eo
1797 636 1834 693 et
1854 624 2006 693 delendi.
2071 619 2122 693 Et
2143 644 2226 692 cum

195 746 248 802 est
263 730 403 813 efficax,
422 727 534 799 mittit
549 740 583 797 et
597 729 772 817 gubernat
784 724 970 817 Evangelii
989 728 1184 812 ministros,
1235 719 1321 793 haec
1338 725 1424 795 fides
1439 727 1485 795 sit
1500 725 1654 797 incoatio
1670 727 1763 796 vitae
1782 739 1943 796 aeternae
1957 726 1996 794 in
2010 724 2138 808 nobis,
2162 748 2227 793 ne-

120 840 122 845 ’
198 836 259 904 dat
274 831 452 923 Spiritum
470 843 630 900 sanctum
647 829 875 900 audientibus
889 844 924 899 et
937 828 1183 922 amplectenti·
1235 847 1328 897 cesse
1344 841 1397 899 est
1412 850 1489 896 eam
1507 827 1546 897 in
1560 828 1784 898 invocatione
1802 827 1841 896 in
1866 826 2031 918 perieulis
2055 840 2093 898 et
2115 828 2226 899 actio-

187 937 264 1025 hus
284 931 538 1023 Evangelium,
576 932 764 1003 intercedit
794 955 860 1022 pro
889 932 1021 1012 nobis,
1064 946 1100 1004 et
1121 933 1183 1004 dat
1235 929 1342 998 nibus
1364 926 1471 999 huius
1486 930 1580 1000 vitae
1595 930 1755 1023 quotidie
1768 951 1933 1003 crescam.

195 1036 442 1108 remissionem
464 1046 707 1126 peccatorum,
748 1034 892 1105 exaudit
923 1055 990 1105 nos
1011 1034 1184 1105 iuvocan-
1325 1029 1462 1120 Quarto
1479 1031 1631 1102 illustria
1646 1032 1864 1117 testimonia,
1886 1030 2051 1103 videlicet
2063 1029 2226 1101 omnium

199 1155 268 1225 tes,
294 1135 454 1208 defendit
474 1150 509 1206 et
529 1150 646 1206 servat
664 1131 859 1206 Ecclesiam
882 1158 1004 1229 suam,
1038 1138 1185 1228 depellit
1235 1130 1297 1227 qui
1314 1132 1481 1205 viderunt
1494 1129 1679 1206 Christum
1696 1147 1733 1206 et
1748 1134 1839 1204 alios
1853 1135 2088 1206 resuscitatos.
2142 1129 2227 1203 Fuit

188 1241 382 1327 diabolos,
422 1251 457 1309 et
486 1237 561 1308 eius
588 1260 740 1328 organa,
781 1254 972 1332 tyrannos,
1013 1239 1185 1310 fanaticos
1237 1234 1332 1306 enim
1365 1237 1550 1307 manifesta
1580 1251 1616 1309 et
1643 1237 1849 1307 dulcissima
1877 1235 2123 1316 familiaritas,
2165 1254 2226 1324 per

198 1344 372 1436 spiritus,
410 1354 446 1411 et
482 1340 572 1410 alios
607 1340 759 1432 impios,
808 1342 962 1434 denique
999 1342 1186 1413 resuscitat
1237 1337 1313 1407 dies
1346 1335 1398 1408 40
1428 1334 1564 1411 Christi
1603 1352 1639 1410 et
1672 1340 1869 1410 multorum
1915 1338 2225 1426 ereaturarum,

199 1458 383 1528 mortuos,
417 1455 452 1513 et
475 1443 536 1513 dat
559 1441 669 1513 vitam
700 1457 879 1514 aeternam
900 1444 970 1529 iis,
993 1444 1033 1512 in
1054 1444 1185 1537 quibus
1236 1462 1318 1509 eum
1343 1438 1460 1509 Maria
1480 1455 1593 1512 matre
1618 1435 1771 1526 Christi,
1810 1441 2011 1533 Apostolis,
2052 1451 2091 1509 et
2119 1438 2224 1531 quin·

198 1546 328 1617 fidein
355 1541 516 1615 haesita
543 1543 682 1615 incoata
711 1559 762 1616 est
790 1544 949 1631 iusticia,
984 1559 1017 1616 et
1041 1546 1186 1617 coniicit
1238 1542 1562 1633 gentisfratribus.
1624 1542 1697 1614 Nec
1726 1543 1801 1614 ullo
1829 1567 1987 1637 unquam
2014 1555 2223 1633 tempores

198 1649 238 1719 in
255 1661 414 1719 aeternas
430 1668 560 1737 poenas
577 1668 699 1718 omnes
721 1647 783 1740 qui
804 1664 1026 1738 perseverant
1043 1648 1081 1717 in
1099 1673 1185 1718 con·
1238 1644 1415 1737 principio
1438 1644 1577 1735 generis
1606 1639 1756 1716 humani
1785 1658 1884 1715 tanta
1904 1645 2016 1735 gloria
2039 1654 2223 1733 conspecta

199 1764 314 1824 temtu
335 1748 415 1825 Dei.
482 1745 578 1819 Haec
600 1749 808 1821 admiranda
830 1773 936 1839 opera
960 1751 1080 1821 omnia
1104 1766 1188 1822 sunt
1239 1760 1290 1817 est
1311 1748 1356 1818 ab
1378 1741 1586 1818 hominibus
1607 1748 1646 1816 in
1671 1743 1738 1817 hac
1758 1769 1864 1817 carne
1879 1747 2020 1818 mortali
2037 1738 2222 1816 adhucvi·

198 1854 346 1925 effectus
381 1850 675 1936 resurrectionis,
718 1875 808 1946 quos
837 1852 907 1922 lide
936 1853 1042 1923 nobis
1070 1853 1187 1946 appli-
1240 1849 1423 1935 ventibus,
1458 1862 1627 1943 quantam
1648 1849 1817 1921 viderunt
1839 1848 1951 1921 sancti
1975 1849 2048 1919 iltis
2069 1845 2125 1918 40
2150 1844 2222 1916 die·
2253 1842 2255 1849 '

200 1978 281 2027 care
301 1954 494 2044 discamus,
534 1954 821 2048 quandocunque
851 1955 958 2024 corda
988 1980 1070 2025 vere
1100 1980 1187 2026 con·
1240 1950 1318 2021 hus.
1368 1950 1494 2023 Voluit
1519 1951 1615 2022 enim
1637 1974 1701 2043 per
1723 1966 1775 2024 tot
1797 1952 1875 2022 dies
1899 1953 1993 2023 inter
2018 1972 2104 2021 ⁸¹10ss
2120 1954 2222 2028 {⁶⁰¹⁰-

199 2069 354 2129 sternata
369 2069 558 2148 conspectu
579 2069 802 2146 peccatorum
823 2056 1004 2127 luctantur
1015 2081 1096 2128 cum
1115 2059 1187 2130 dif·
1240 2053 1373 2123 morari
1407 2068 1443 2126 et
1477 2053 1655 2146 conspici,
1694 2068 1736 2126 nt
1768 2054 2067 2145 confirmarentur
2104 2072 2222 2121 mmm

200 2159 347 2231 fidentia
361 2173 396 2230 et
408 2157 673 2246 desparatione,
697 2158 849 2228 sciamus
865 2173 1050 2231 aeteruum
1066 2175 1102 2233 et
1117 2161 1187 2230 im·
1239 2167 1374 2227 mentes
1390 2156 1436 2228 de
1449 2154 1725 2244 resurrectione,
1750 2180 1791 2227 sc
1811 2169 1908 2227 cesto
1930 2164 2127 2227 statuerent
2145 2172 2221 2222 vere

199 2259 373 2333 mutabile
386 2263 595 2330 mandatum
608 2257 677 2330 Dei
696 2281 790 2344 esse,
815 2273 855 2331 ut
876 2261 1121 2352 confugiamus
1141 2265 1185 2334 ad
1239 2258 1405 2329 revixisse
1434 2255 1647 2344 Christum,
1687 2282 1753 2329 nec
1775 2260 2002 2330 observatum
2024 2280 2102 2327 esse
2120 2254 2221 2324 inem

198 2362 315 2433 hlium
343 2361 411 2430 Dei
439 2361 710 2446 resuscitatum,
750 2365 927 2435 sedentem
959 2368 1005 2434 ad
1026 2367 1186 2438 dextram
1239 2372 1441 2450 spectrum,
1477 2384 1580 2452 saepe
1600 2361 1779 2433 ‘assedisse
1804 2375 1900 2434 totos
1923 2361 2000 2432 dies
2023 2359 2120 2451 apud
2145 2354 2219 2426 Ma·

201 2464 336 2536 aeterni
361 2463 491 2554 patris,
521 2477 556 2534 et
584 2466 768 2535 credamus
793 2487 858 2534 uos
881 2466 992 2559 recipi
1018 2481 1054 2539 et
1080 2492 1186 2539 exau·
1238 2462 1348 2548 riam,
1374 2466 1506 2556 primas
1518 2464 1598 2533 illas
1612 2476 1809 2550 matronas,
1832 2460 1964 2549 Evam,
1990 2461 2130 2546 Sarum,
2154 2454 2222 2530 lta

200 2567 286 2642 diri.
353 2563 438 2636 ldeo
463 2566 672 2650 resurrexit,
705 2580 745 2637 ut
767 2568 947 2655 exaudiat,
980 2583 1020 2641 ut
1041 2569 1087 2641 sit
1109 2569 1187 2640 effi·
1238 2560 1316 2644 hel,
1342 2563 1450 2637 Leam
1465 2579 1501 2638 et
1515 2566 1619 2651 alias,
1645 2578 1681 2637 et
1693 2566 1852 2657 singulas
1864 2568 1911 2635 de
1927 2586 2011 2636 suae
2026 2562 2152 2635 aetatis
2167 2583 2221 2652 pe·

200 2691 283 2752 cas,
311 2679 352 2739 u't
375 2666 473 2737 iuvet
496 2662 588 2736 hanc
609 2667 772 2740 miseram
800 2692 947 2739 massam
962 2674 1101 2761 generis
1117 2667 1187 2743 hn-
1238 2667 1362 2737 riculis
1378 2682 1412 2739 et
1429 2668 1562 2739 divinis
1575 2668 1851 2740 liberationibus
1874 2669 2010 2738 locutas
2032 2688 2127 2752 esse,
2152 2662 2219 2732 imo

202 2771 318 2856 mani,
342 2793 449 2864 quam
465 2769 535 2839 sibi
549 2770 729 2861 copulavit
744 2784 888 2842 aeterno
904 2773 1057 2849 foedere.
1103 2773 1187 2847 Non
1239 2770 1359 2840 ettiam
1379 2771 1423 2841 de
1440 2771 1516 2841 lilio
1534 2768 1602 2842 Dei
1616 2793 1719 2862 saepe
1740 2772 1826 2841 olim
1850 2783 2079 2862 conspectos
2104 2763 2219 2860 primis

201 2886 256 2943 est
276 2885 438 2943 mortuus
455 2886 489 2943 et
503 2871 638 2943 otiosus
654 2870 851 2956 Dominus,
876 2887 917 2945 ut
932 2874 1071 2966 tingunt
1085 2902 1187 2947 men·
1239 2872 1466 2962 parentibus,
1491 2886 1526 2943 et
1547 2874 1593 2942 de
1614 2871 1677 2942 illa
1698 2873 1812 2964 gloria
1832 2884 1996 2943 aeternae
2013 2870 2129 2955 vitae,
2156 2886 2230 2961 qut¹

203 2985 256 3044 tes
284 2973 359 3043 sine
382 2975 460 3044 luce
484 2968 693 3064 Evangelii,
724 2978 785 3045 sed
812 2998 894 3046 vere
917 2990 969 3048 est
992 2978 1188 3069 opitulator
1239 2973 1310 3043 iam
1332 2997 1368 3043 se
1389 2975 1561 3047 videbant
1586 2976 1734 3046 donatas
1756 2988 1791 3046 et
1810 2989 1954 3045 ornatas
1976 2996 2063 3046 esse.
2114 2970 2218 3059 saepe

201 3087 237 3146 et
258 3076 432 3161 salvator,
471 3099 555 3146 vere
580 3072 698 3147 adhuc
719 3078 862 3149 clamat:
904 3076 1034 3152 Venite
1055 3083 1100 3152 ad
1130 3106 1187 3154 me
1239 3077 1442 3167 complexae
1465 3090 1549 3148 sunt
1572 3074 1727 3147 Mariam
1756 3091 1929 3171 tauquam
1955 3075 2092 3164 filiam,
2125 3074 2218 3166 eique

199 3201 344 3262 omnes,
369 3177 432 3272 qui
449 3179 618 3249 laboratis
632 3194 667 3251 et
682 3181 819 3252 onerati
836 3180 937 3266 estis,
963 3196 997 3253 et
1020 3206 1084 3273 ego
1107 3186 1188 3253 refi-
1238 3180 1432 3267 gratulatae
1446 3193 1531 3251 sunt
1546 3181 1643 3272 quod
1658 3193 1771 3251 mater
1786 3194 1875 3251 esset
1898 3180 1961 3250 lilii
1975 3175 2063 3260 Dei,
2089 3191 2125 3248 et
2148 3198 2217 3265 gra·

201 3281 293 3349 ciam
308 3302 382 3351 vos.
435 3277 554 3368 Quam
570 3280 726 3350 difficilis
745 3304 801 3351 res
825 3281 871 3352 sit
888 3282 926 3351 in
944 3285 1036 3355 veris
1051 3285 1187 3357 dolori.
1239 3281 1307 3350 tias
1324 3295 1471 3371 egerunt
1487 3282 1584 3374 quod
1599 3281 1638 3349 iu
1655 3280 1721 3351 filii
1737 3283 1900 3374 passione
1915 3281 2078 3371 ingentes
2087 3279 2217 3350 doloret

201 3381 270 3451 bus
293 3380 443 3452 excitare
473 3377 566 3451 hanc
594 3382 719 3463 fidem,
760 3384 974 3475 experientia
1002 3402 1188 3475 monstrat,
1239 3407 1310 3452 una
1333 3384 1566 3456 sustinuisset.
1618 3379 1685 3456 Est
1707 3385 1816 3475 igitur
1842 3384 2084 3456 testimonium
2108 3401 2217 3451 resur·

201 3497 372 3554 ettamen
395 3506 535 3553 necesse
560 3495 613 3554 est
634 3484 723 3554 disci
743 3480 829 3555 haec
851 3488 1066 3572 certamina,
1092 3503 1126 3560 et
1148 3490 1187 3559 in
1239 3486 1427 3570 rectionis,
1453 3507 1646 3556 consensus
1667 3499 1704 3557 et
1723 3488 1933 3559 asseveratio
1949 3499 2001 3557 tot
2024 3481 2218 3563 hominum,

201 3585 253 3654 eis
277 3583 480 3657 confirmari
502 3586 633 3667 fidem,
672 3584 806 3658 intueri
836 3588 874 3658 in
901 3589 1014 3659 hlium
1039 3587 1106 3662 Dei
1131 3616 1188 3662 re·
1240 3589 1303 3682 qui
1329 3583 1385 3658 his
1408 3587 1457 3660 40
1480 3588 1606 3659 diebus
1626 3587 1818 3660 familiares
1848 3591 1994 3660 fuerunt
2018 3580 2216 3657 Christoet

201 3686 408 3758 suscitatum
433 3702 467 3759 et
486 3685 681 3759 Ecclesiam
704 3705 942 3781 praesentem,
974 3694 1120 3783 perinde
1148 3719 1188 3765 ac
1239 3690 1320 3761 aliis
1337 3690 1552 3762 resuscitatis
1566 3691 1708 3764 sanctis.
1758 3688 1899 3762 Deinde
1920 3686 2050 3760 horum
2067 3688 2218 3760 testimo·

199 3789 232 3858 si
254 3790 368 3860 oculis
389 3791 549 3882 corporis
563 3813 644 3860 eum
661 3814 902 3877 cerneremus,
929 3807 963 3864 et
977 3786 1187 3868 'adiunctum
1240 3793 1340 3861 nium
1356 3795 1588 3864 confirmatur
1603 3792 1771 3864 omnibus
1784 3794 1977 3886 miraculis,
1998 3815 2091 3885 quae
2106 3804 2218 3883 postes

202 3892 307 3963 nohis
323 3893 645 3985 complecteremur.
698 3892 746 3966 Ut
769 3909 886 3966 autem
909 3892 995 3968 haec
1019 3899 1106 3968 fides
1128 3921 1188 3968 ex·
1239 3895 1278 3964 in
1301 3891 1460 3966 Ecclesia
1490 3918 1553 3987 per
1581 3892 1770 3985 Apostoles
1809 3910 1844 3967 et
1871 3897 1961 3966 alios
1999 3907 2105 3965 testes
2138 3894 2217 3963 taeta

203 3995 306 4064 citari
329 3996 457 4087 possit,
498 4016 638 4066 necesse
666 4009 718 4065 est
745 3997 946 4068 doctrinam
970 4002 1115 4091 agnosci
1142 4002 1188 4071 de
1240 4012 1335 4073 suut.
1396 3995 1534 4086 Quinto
1556 3996 1826 4069 considerentur
1847 3998 1940 4068 dicta
1962 3992 2217 4087 Prophetarum

202 4096 290 4181 fide,
329 4121 399 4190 qua
427 4097 535 4187 gratis
558 4111 704 4191 propter
723 4092 907 4170 Christum
938 4100 1111 4193 accipitur
1131 4127 1188 4173 re·
1239 4104 1284 4171 de
1299 4099 1569 4179 resurrectione,
1595 4118 1686 4191 quae
1701 4099 1751 4170 ait
1765 4098 1893 4186 Lucas,
1914 4092 2099 4172 Christum
2116 4099 2156 4167 in
2170 4094 2217 4164 vis

200 4197 323 4269 missio
338 4214 571 4290 peccatorum.
622 4198 745 4271 Donec
758 4201 853 4269 enim
867 4195 1016 4274 haerent
1030 4205 1068 4273 in
1085 4229 1187 4275 men·
1240 4206 1284 4273 ad
1303 4198 1435 4273 Emaus
1451 4221 1642 4272 enarrasse.
1693 4199 1800 4273 Sexto
1815 4203 2059 4273 consideretur
2072 4203 2219 4293 Aposto-

198 4299 298 4370 tihus
323 4299 512 4392 opiniones
536 4301 675 4393 exlege
696 4316 851 4383 sumtae,
883 4328 957 4373 uon
981 4308 1091 4399 recipi
1111 4329 1189 4393 nos,
1239 4306 1357 4375 lorum
1382 4303 1591 4387 infirmitas,
1631 4302 1694 4397 qui
1723 4328 1797 4375 non
1822 4304 1938 4375 solum
1961 4316 2046 4375 ante
2070 4322 2218 4376 resurre-

203 4425 279 4470 non
309 4403 496 4490 exaudiri,
537 4402 610 4473 uisi
648 4404 733 4476 satis
762 4403 808 4474 sit
836 4406 1072 4494 meritorum,
1111 4433 1187 4478 non
1240 4408 1394 4478 ctionem
1409 4407 1511 4476 valde
1526 4405 1801 4492 dubitaverunt,
1825 4410 1886 4477 sed
1905 4406 2009 4478 etiam
2025 4412 2148 4498 postea
2169 4403 2218 4473 vix

199 4515 317 4594 potest
341 4527 441 4575 mens
463 4504 552 4595 erigi
574 4528 657 4576 vera
679 4506 937 4593 consolatione,
968 4523 1003 4582 et
1024 4534 1108 4580 vero
1129 4511 1187 4580 in·
1240 4510 1441 4580 confirmari
1465 4520 1678 4599 potuerunt,
1710 4522 1883 4582 ettamen
1914 4510 1954 4578 in
1981 4504 2050 4579 hac
2073 4504 2218 4579 infirmi·

198 4605 343 4678 tellectu
358 4606 917 4683 beneficiorum·resurrectionis.
1239 4623 1311 4682 tate
1331 4634 1407 4680 non
1431 4609 1708 4696 abiiciebantur,
1740 4612 1824 4705 quia
1849 4609 2050 4684 doctrinam
2072 4626 2108 4683 et
2129 4608 2219 4681 testi·

399 4773 539 4851 aaa..
561 4788 686 4851 autem
709 4774 847 4853 Maria
863 4780 981 4880 sora·
1238 4713 1724 4908 ltttftl‘atttttf·
1745 4710 2221 4887 ...Eii'iimdihiiii

285 4911 481 5009 Praecipue
496 4917 541 4987 de
554 4918 810 4991 resurrectione
827 4914 913 4990 haec
927 4918 1185 4990 consideranda
1237 4930 1308 4988 tem
1328 4917 1530 4997 intuemur,
1562 4929 1598 4987 et
1616 4938 1760 5008 agamus
1774 4915 1849 4989 Deo
1871 4920 2023 5007 gratias,
2049 4920 2151 5012 quod
2170 4940 2220 4988 re·

195 5029 294 5087 sunt.
346 5014 507 5088 Primum
524 5019 599 5111 ipsa
621 5016 769 5092 historia
787 5020 1067 5092 resurrectionis.
1118 5020 1184 5092 Se-
1236 5018 1323 5111 cipit
1346 5017 1518 5089 infirmos.
1574 5016 1646 5089 Sed
1668 5019 1820 5092 sciamus
1844 5020 1950 5092 etiam
1972 5036 2142 5113 oportere
2162 5036 2221 5091 nos

196 5120 317 5188 cundo
337 5118 500 5207 effectus,
531 5122 684 5207 scilicet,
708 5127 804 5217 quod
832 5146 896 5214 per
917 5118 1101 5193 Christum
1123 5146 1183 5193 re·
1236 5121 1368 5189 dociles
1389 5142 1480 5205 esse,
1506 5119 1631 5191 audire
1657 5140 1692 5192 et
1714 5122 1881 5192 meditari
1901 5120 2161 5211 Evangelium‚
2190 5132 2221 5192 et

192 5220 420 5306 suscitatum,
445 5237 481 5293 et
504 5238 649 5315 propter
665 5248 745 5293 eum
762 5225 963 5295 redduntur
986 5224 1124 5295 iusticia
1147 5238 1182 5295 et
1235 5221 1273 5290 in
1289 5222 1382 5292 veris
1401 5223 1575 5294 exercitiis
1589 5223 1699 5311 magis
1720 5222 1900 5317 magisque
1921 5227 2087 5296 accedere
2108 5225 2225 5298 fidem.

193 5320 268 5390 vita
291 5337 453 5409 aeterna,
487 5340 528 5396 ut
551 5326 684 5397 dictum
709 5339 773 5395 est.
840 5324 967 5395 Tertio
992 5325 1181 5418 applicatio
1234 5320 1331 5395 Haec
1350 5348 1410 5396 sex
1431 5325 1546 5417 capita
1578 5325 1735 5395 breviter
1763 5325 2016 5412 recenstti„„t
2041 5326 2223 5420 praecipui

193 5444 285 5513 quae
297 5424 336 5495 lit
359 5424 400 5494 iu
416 5421 481 5498 hac
495 5427 568 5501 sits
588 5451 653 5522 per
672 5428 798 5513 fidem,
824 5452 893 5525 qua
907 5428 1084 5503 credimus
1098 5451 1181 5501 vere
1234 5426 1303 5501 loci
1318 5426 1503 5500 doctrinae
1515 5430 1561 5498 de
1578 5428 1836 5521 resurrectione
1849 5429 1961 5524 magis
1977 5429 2016 5503 iu
2029 5444 2223 5527 conspectu
