4522 5782
81 162 128 263 n
209 164 311 242 aue
340 167 378 244 4.
410 122 752 261 commatum.
778 124 835 243 ru*
855 95 1012 245 uersu.
1040 135 1197 245 raum
1212 161 1284 291 ao
1305 160 1629 243 coarmatos.
1679 156 1783 245 cae.
1810 163 1911 270 xus.
1977 111 2077 249 itta

80 351 234 409 rnatoses
255 340 376 412 laxant
406 340 527 413 lrenos
561 341 635 412 irae
660 340 914 433 etcopiditati
949 339 1029 411 vin·
1082 363 1144 411 nes
1166 353 1260 411 reete
1283 339 1495 420 sentientes,
1521 360 1602 407 eum
1625 336 1739 430 reipsa
1764 339 1868 411 aliter
1884 341 2078 421 sentirent.

80 453 163 518 :tae,
190 456 230 513 ut
255 442 384 513 tollant
407 467 485 527 eos,
516 443 647 537 quibus
672 457 890 515 succensent.
944 440 1042 534 ldeo
1080 439 1158 513 Hoc
1174 442 1301 512 vitium
1318 457 1367 511 est
1383 432 1697 535 προσωποληψία,
1725 459 1869 530 propter
1886 467 2072 531 personam

80 542 252 610 risstmnm
274 557 305 614 et
324 547 463 614 dictum
489 544 631 616 lacobi:
671 543 727 614 lra
751 545 820 614 viri
845 569 919 614 non
942 568 1028 634 ope-
1079 545 1210 614 iniuste
1226 547 1270 613 de
1293 546 1398 613 rebus
1423 543 1591 612 iudicare.
1644 537 1714 612 Sed
1739 537 1821 614 huic
1845 544 1934 616 vitio
1958 570 2071 637 oppo-

83 668 128 712 ur
144 644 321 714 iusticiam
336 642 422 715 Dei.
474 645 667 720 Eteontra
692 661 833 718 tenaces
858 647 1024 718 offensio·
1077 661 1216 718 nuntur
1238 644 1379 717 lustiria
1402 659 1434 714 et
1458 642 1617 725 Veritas,
1643 665 1733 735 quae
1757 646 1907 716 virtutes
1929 671 2011 716 vera
2035 662 2070 719 et

80 769 110 831 m
134 762 365 837 opponantur
401 749 513 819 dicta:
547 747 734 821 Remittite
761 762 796 819 et
827 749 1027 820 remittetur
1076 748 1170 820 iusta
1185 749 1406 838 adprobant,
1432 761 1466 816 ct
1482 748 1652 815 damnant
1670 745 1801 817 iniusta
1826 763 1859 818 et
1881 748 1968 817 salsa
1991 748 2070 818 sine

80 845 137 932 bis,
154 851 249 942 quod
268 850 428 921 versibus
436 848 650 922 Nazianzcni
669 853 807 942 egregie
824 850 1011 924 recitatur:
1074 849 1151 920 ullo
1171 874 1400 941 personarum
1424 859 1603 938 respectu,
1630 859 1664 916 et
1682 847 1757 916 sine
1776 849 1858 918 ullis
1875 848 2069 941 peregrinis

106 975 172 1044 Ell'
197 974 286 1054 οἷ’ὅὶις
307 977 416 1064 ἔφλων
434 981 484 1044 vol
504 978 684 1066 nptlypqooa
705 981 741 1047 nl
759 987 878 1071 πρᾷοι,
1075 951 1271 1023 affectibus.
1323 949 1423 1021 Sient
1441 943 1606 1020 lonathas
1628 963 1833 1020 constanter
1855 951 2067 1043 approbavit

194 1063 300 1154 Ol'aaqr
322 1066 383 1151 γάρ
407 1062 509 1142 olaaoc
529 1070 582 1134 sol
603 1074 671 1157 θεῷ
693 1069 908 1150 σεαθμίζεεαι.
1073 1078 1212 1132 causatu
1229 1052 1376 1124 Davidis
1392 1067 1512 1122 contra
1538 1066 1683 1140 patrem.
1735 1051 1913 1123 Aristides
1937 1054 2066 1145 proba-

1072 1156 1125 1226 vit
1147 1156 1335 1226 consilium
1354 1151 1625 1236 Themistoclis,
1652 1176 1857 1247 quanquam
1887 1154 1981 1225 inter
2004 1178 2065 1225 eos

1071 1258 1262 1327 aemulatio
1279 1273 1365 1328 erat.
1416 1255 1650 1346 Sempronius
1668 1279 1874 1348 quanquam
1898 1255 2067 1326 inimicus

1072 1358 1300 1450 Scipionum,
1337 1374 1454 1431 tamen
1480 1356 1683 1447 Scipionem
1709 1356 1908 1428 Asiaticum
1933 1356 2064 1429 libera-

1074 1460 1145 1547 vit,
1172 1485 1253 1532 eum
1280 1461 1319 1531 in
1336 1483 1508 1530 carcerem
1525 1463 1725 1532 duceretur.

128 1198 209 1323 Huc
226 1218 259 1275 et
279 1206 458 1274 decretum
474 1205 633 1278 Atticum
658 1208 827 1300 pertinet:
852 1200 907 1300 μή
926 1231 1022 1301 μνη-

80 1327 205 1388 ωεκειν.
774 1354 777 1359 ,

80 1494 83 1544 l
99 1485 284 1588 λογίζεται
301 1487 345 1563 τὸ
365 1488 495 1566 κακὸν.
559 1492 598 1562 ld
617 1506 689 1577 est,
716 1516 793 1562 nou
810 1491 1001 1590 suspicax.

125 1620 190 1697 Est
213 1642 329 1698 autem
360 1631 534 1720 pernicies
559 1653 684 1721 magna
709 1629 801 1699 vitae
819 1631 1019 1702 communis
1402 1621 1540 1700 Πάντα
1568 1623 1698 1727 στέγει.

80 1752 98 1796 e
122 1730 356 1820 suspicacem,
390 1748 424 1802 et
449 1733 576 1802 vitium
608 1731 721 1800 amori
745 1732 1017 1807 calumniarum.

82 1845 165 1918 goat
184 1832 279 1900 enlm
298 1849 332 1902 et
354 1835 608 1922 auspiciorum
634 1833 784 1904 veritate
800 1847 834 1904 et
850 1838 1016 1908 candore.

81 1931 166 2001 ritas
183 1947 322 2002 tantum
341 1937 450 2004 credit
467 1948 561 2005 certa
578 1949 614 2006 et
630 1935 820 2026 explorata.
871 1933 1016 2007 Candor

82 2033 188 2122 higna
208 2035 462 2126 interpretatur
484 2039 523 2106 in
547 2037 730 2107 meliorem
747 2053 895 2128 partem.
946 2038 1016 2110 Su·

80 2137 136 2206 cio
160 2161 262 2226 saepe
287 2138 401 2220 falsis,
428 2152 464 2210 et
488 2139 686 2233 plerunque
703 2139 848 2209 incertis
868 2141 1015 2210 assenti-

80 2264 99 2305 ¹:
128 2236 193 2307 Est
217 2240 325 2329 igitur
348 2240 474 2308 vitium
498 2243 644 2329 dignum
668 2242 772 2323 odio,
798 2255 831 2310 et
848 2265 927 2312 eum
953 2267 1015 2332 pa-

83 2340 358 2411 tdistraetiones
382 2343 625 2427 voluntatum,
651 2364 776 2431 magna
794 2366 876 2416 cura
900 2345 1016 2413 vitan-

80 2457 190 2511 mest.
243 2439 463 2515 Claudianus
485 2446 607 2515 laudat
625 2439 893 2536 Theodosium,
919 2448 1015 2541 quod

80 2569 95 2610 n
115 2544 227 2614 lncrat
246 2547 418 2645 suspicax.

1170 1767 1377 1862 Sequuntur
1397 1764 1544 1835 virtutes
1571 1778 1723 1855 quatuor
1747 1760 1898 1833 maxime
1935 1785 2057 1834 neces-

1068 1870 1181 1941 sariae
1197 1872 1233 1938 in
1250 1869 1518 1960 gubernatione.
1551 1864 1670 1935 Prima
1687 1878 1737 1936 est
1752 1860 1943 1952 ἐπιείκεια,
1970 1889 2061 1958 quae

1068 1989 1119 2045 est
1134 1973 1296 2061 mitigare
1311 1970 1446 2063 aliquid
1465 1993 1504 2036 ex
1521 1991 1661 2036 summo
1686 1967 1781 2053 iure,
1806 1970 1900 2036 serre
1921 1964 2061 2058 aliquas

1067 2075 1329 2147 imbecillitates
1357 2095 1499 2158 eorum,
1535 2068 1595 2162 qui
1629 2070 1933 2148 suntsauabiles,
1968 2069 2060 2141 sicut

1067 2178 1233 2266 coniuges
1252 2191 1285 2246 et
1300 2175 1431 2244 amicos
1448 2184 1587 2260 oportet
1606 2171 1697 2238 inter
1714 2193 1788 2238 sese
1805 2164 1869 2240 hac
1888 2165 2060 2266 ἐπιεικείᾳ

1067 2264 1199 2373 aliqua,
1216 2301 1306 2372 quae
1320 2277 1519 2352 oflendunt,
1535 2273 1697 2352 obruere,
1714 2283 1753 2340 ut
1768 2272 1893 2342 usitate
1907 2271 2058 2342 dicitur:

1068 2381 1191 2452 Mores
1213 2379 1317 2465 amici
1336 2377 1494 2459 noveris,
1520 2397 1593 2443 non
1617 2374 1746 2443 oderis.
1798 2372 1871 2444 Nec
1890 2371 2060 2465 possibile

1067 2498 1118 2555 εει
1134 2484 1285 2573 collegas
1306 2481 1383 2549 sine
1398 2474 1464 2548 hac
1481 2477 1612 2546 virtute
1633 2476 1857 2544 concordiam
1874 2475 1968 2544 inter
1984 2496 2059 2544 sese

1066 2587 1169 2657 tueri.
1246 2582 1292 2653 Et
1324 2583 1362 2652 in
1393 2582 1539 2649 eandem
1570 2579 1781 2648 sententiam
1806 2601 1912 2668 supra
1943 2576 2059 2668 eapite

204 2749 206 2753 ι
306 2742 317 2770 ε
402 2742 411 2770 ι
533 2743 544 2769 ι
600 2751 617 2769 .
652 2745 662 2773 .
734 2743 744 2771 t
1066 2685 1281 2757 uonodirrit:
1306 2676 1431 2755 πάντα
1447 2677 1636 2779 στέγομεν.
1689 2679 1762 2768 Qui
1779 2679 1823 2747 sit
1842 2693 1963 2749 autem
1979 2702 2058 2746 mo-

263 2747 319 2820 Ου
341 2772 465 2844 χαίρει
488 2745 546 2819 ἐπι
570 2774 616 2842 τῃ
640 2742 779 2846 adm·
1064 2792 1132 2859 dus
1148 2785 1256 2858 huius
1279 2786 1440 2869 virtutis,
1465 2784 1552 2852 alibi
1576 2782 1719 2854 dicitur.
1770 2779 2059 2850 Dissimulantlae

123 2882 162 2954 ld
190 2897 259 2969 est,
286 2899 337 2954 est
361 2886 439 2954 sine
462 2882 749 2984 ἐπιχαιρεκακίᾳ.
806 2885 872 2961 Est
896 2905 1013 2962 autem
1065 2906 1100 2961 et
1119 2893 1321 2960 tolerandae
1346 2900 1429 2957 srrnt
1455 2908 1594 2952 morum
1616 2882 1858 2967 infirmitates,
1882 2904 1956 2952 non
1973 2881 2059 2951 vitia

80 2981 296 3081 χαιρεκακίᾳ
325 2989 449 3056 vitium
473 2989 625 3057 maxime
652 2989 833 3079 proprium
857 2993 1014 3079 diabolo,
1064 2993 1242 3076 enormia,
1267 3005 1328 3062 aut
1344 2987 1565 3077 corruptelae
1585 2985 1753 3056 veritatis.
1849 3037 1852 3045 .

80 3094 141 3158 tari
173 3091 210 3156 iu
237 3090 433 3160 calamitate
457 3089 600 3168 iniusta,
615 3093 812 3176 bonorum,
840 3108 879 3164 ut
896 3093 1012 3165 Semel

80 3205 171 3269 tatur
197 3193 234 3259 in
251 3192 449 3262 calamitate
465 3191 637 3276 Davidis,
664 3207 699 3262 et
723 3217 804 3262 eum
830 3200 1014 3268 venenatis
1452 3263 1460 3289 Ι
1669 3259 1679 3288 ,

80 3293 210 3361 casuris
234 3294 395 3379 exsrgitat.
447 3291 575 3363 Fulvia
596 3295 685 3363 adeo
708 3295 832 3367 laetata
854 3312 905 3368 est
928 3324 1014 3370 nece
1393 3273 1534 3343 Παντα
1551 3288 1734 3401 mmm·
1828 3379 1840 3390 ·
1926 3382 1936 3402 ·

80 3397 222 3476 temnis,
247 3397 460 3482 utlinguam
479 3408 676 3486 exemptam
696 3420 737 3466 ex
760 3398 934 3472 interlecti
957 3425 1014 3470 ca·
1158 3387 1350 3466 Ἐπιείκεια
1373 3392 1490 3460 vicina
1516 3402 1568 3459 est
1589 3387 1753 3502 candore..
1806 3381 1974 3504 literram
1999 3406 2057 3502 re·

80 3522 96 3562 e
122 3498 267 3565 aciculis
292 3499 501 3583 confoderit,
551 3496 597 3569 Et
621 3498 659 3566 in
676 3496 820 3589 Belgico
845 3502 1015 3591 imagines
1039 3528 1042 3589 t
1062 3497 1174 3571 mittit
1202 3492 1372 3570 ἐπιείκεια
1401 3491 1537 3586 aliquid
1569 3513 1610 3560 ex
1637 3488 1827 3558 acerbitate
1855 3510 1963 3558 ruris:
2006 3501 2056 3558 rte

80 3598 154 3665 rtivi
174 3595 295 3667 Ducis
311 3614 343 3668 et
361 3601 535 3682 filiorum,
565 3601 706 3690 publice
721 3605 935 3674 contumelia
951 3608 1011 3675 ad·
1039 3594 1042 3655 l
1062 3602 1196 3671 candor
1226 3600 1479 3690 interpretatur
1506 3592 1672 3681 ambigua
1694 3590 1733 3659 iu
1759 3588 1943 3706 meliprem
1971 3611 2055 3679 par·

80 3717 133 3768 tae
160 3716 260 3786 sunt,
302 3716 336 3770 et
360 3727 454 3771 nuuc
478 3702 581 3772 multi
615 3704 807 3772 adversarii
837 3705 1016 3776 laetantur
1039 3698 1042 3707 ’
1065 3717 1156 3786 tem,
1182 3715 1216 3771 et
1238 3725 1313 3771 non
1342 3714 1393 3770 εει
1424 3697 1607 3777 diffidens,
1651 3717 1724 3761 non
1756 3713 1937 3779 suspicare,
1967 3714 2055 3807 που,

80 3815 142 3870 stra
182 3804 388 3872 calamitate.
456 3803 494 3872 ln
525 3799 592 3874 lroc
621 3805 708 3874 vitio
734 3808 846 3877 multa
868 3832 1017 3879 concur·
1065 3805 1209 3877 lividus.
1267 3799 1339 3874 Nec
1365 3812 1508 3893 propter
1534 3797 1627 3865 leves
1652 3806 1686 3863 et
1711 3791 1856 3862 frivolas
1880 3814 2055 3910 suspecto:

81 3919 121 3972 rt:
152 3903 332 3974 lniusticia
350 3921 384 3975 et
399 3907 597 3978 crudelitas.
658 3905 749 3976 Nam
765 3909 925 3981 iusticiae
942 3923 1016 3981 erat
1063 3930 1128 3977 nes
1150 3905 1262 3976 credit
1283 3905 1393 3974 alium
1424 3900 1492 3970 sibi
1517 3896 1679 3967 insidiari
1706 3907 1768 3965 aut
1799 3893 1936 3985 aliquid
1968 3893 2054 3962 malr

80 4007 128 4073 nis
155 4009 246 4074 bona
272 4024 405 4095 optare.
459 4005 505 4078 Et
529 4008 772 4077 misericordia
797 4026 866 4095 est,
891 4013 1042 4083 dolore.
1066 4008 1209 4096 moliri,
1230 4009 1344 4078 donce
1361 4014 1567 4093 argumenta
1591 4021 1671 4067 vera
1689 3992 1814 4075 habet,
1842 4010 1881 4065 ut
1898 3991 2053 4113 Alexan-

80 4109 124 4176 ici
164 4110 200 4176 iu
240 4109 438 4180 calamitate
471 4110 704 4179 mediocrium
739 4103 945 4198 homiuum,
981 4128 1016 4186 et
1065 4114 1130 4181 der
1161 4111 1277 4181 noluit
1303 4107 1464 4179 diffidere
1496 4100 1634 4173 medico
1660 4094 1846 4187 Philippo,
1887 4118 1989 4166 curus
2019 4120 2053 4164 er

86 4211 134 4277 ire
153 4212 273 4302 aliquo
289 4213 395 4281 morlo
419 4234 625 4296 aerumnas,
649 4224 691 4281 ut
713 4208 872 4285 Theseus
898 4216 1017 4310 inquit
1039 4208 1042 4251 ³
1065 4215 1153 4284 fides
1169 4225 1346 4307 perspecta
1363 4223 1457 4290 erat,
1489 4201 1627 4281 tametsi
1653 4198 1843 4271 Parmenio
1865 4210 2053 4314 mopuerat

84 4315 115 4379 rd
144 4312 371 4401 Euripidem:
406 4310 475 4386 οὐκ
497 4309 656 4407 αἰσχρὸν
678 4308 924 4407 dvttpw‘nooo
951 4315 1016 4390 oll-
1038 4261 1043 4415 l
1064 4318 1110 4386 ab
1125 4306 1171 4386 eo*
1183 4315 1380 4405 periculum
1400 4333 1485 4381 esse.
1536 4303 1678 4375 Veritas
1695 4315 1729 4371 et
1747 4298 1890 4372 Candor
1905 4311 2059 4417 virtutes.

80 4419 154 4483 λων
178 4408 287 4485 κακά.
351 4414 462 4485 ltem:
498 4417 529 4502 εἰ
552 4412 605 4507 μὴ
628 4409 703 4514 γὰρ
729 4412 784 4490 ὢν
811 4415 1016 4510 ἄνθρωπος
1039 4421 1041 4432 ⁴
1063 4431 1147 4488 sunt
1176 4419 1214 4486 in
1248 4416 1381 4486 medio:
1407 4417 1571 4480 'extrema
1595 4416 1695 4489 sunt,
1734 4424 1808 4471 esse
1831 4424 1976 4493 prorsus
1993 4425 2053 4520 ⁰rn-

80 4510 231 4609 9pninov
265 4508 394 4608 τύχαις
429 4511 649 4615 ὑπηρετήσω
659 4566 673 4611 ,
714 4514 760 4590 οὗ
797 4516 1017 4617 φανήσομαι
1064 4535 1232 4602 cautum,
1268 4532 1303 4619 et
1336 4512 1554 4585 eontrarium
1579 4505 1808 4624 Diltidentia,
1831 4526 1942 4621 'quae
1974 4526 2051 4572 arne

80 4624 188 4690 τινῶν.
267 4688 282 4705 ,,
1063 4621 1241 4713 probabili
1266 4619 1421 4700 ratione,
1460 4627 1578 4697 tamen
1615 4610 1783 4678 omnibus
1803 4606 1931 4676 dalfidrt
1963 4629 2051 4696 qua·

1064 4726 1147 4795 darn
1172 4737 1318 4794 naturae
1350 4714 1617 4797 malevolentia,
1655 4711 1745 4782 sicut
1774 4708 1973 4802 Dionysius
1998 4719 2054 4798 ty-

249 4781 458 4885 Συγχαίρει
486 4781 526 4859 δὲ
547 4815 597 4882 τη
617 4783 786 4891 ἀληθείᾳ·
1064 4849 1215 4910 rannus,
1248 4822 1453 4896 Alexander
1476 4812 1645 4888 Phereus.
1706 4809 1807 4882 luter
1829 4806 1915 4879 haec
1936 4807 2053 4877 media

125 4917 223 4991 Ottto
255 4946 426 5012 personae
459 4921 555 4992 nolle
586 4925 785 5013 adprobare
818 4926 1017 5015 veritatem,
1064 4927 1177 4998 virtus
1200 4941 1270 5011 est,
1303 4923 1529 4995 considerare
1553 4918 1755 4995 voluntates
1785 4909 1993 4992 hominum,
2018 4921 2054 4978 et

80 5050 129 5094 am
155 5039 271 5093 tamen
295 5025 397 5095 tacite
424 5026 571 5116 probas,
597 5037 659 5095 aut
680 5027 798 5116 specie
822 5029 940 5123 aliqua
958 5055 1017 5100 re-
1064 5029 1243 5122 probabili
1268 5027 1406 5098 ratione
1424 5022 1600 5094 confidere
1617 5042 1655 5087 ac
1671 5015 1843 5085 diffidere.
1885 5012 1949 5131 ‘lta
1967 5005 2055 5128 baec

80 5124 268 5208 bendere,
295 5127 565 5196 usitatissimum
591 5125 720 5196 vitium
753 5143 823 5212 est,
856 5145 898 5201 ut
919 5132 1016 5202 vidi·
1066 5132 1176 5205 virtus
1199 5131 1327 5202 retinet
1351 5138 1480 5205 metas,
1521 5137 1556 5195 et
1585 5123 1806 5211 obtemperat
1832 5111 1915 5185 hurc
1940 5111 2053 5230 dieto:

80 5254 102 5298 ts
125 5230 296 5321 quosdam
327 5242 464 5299 tantum
494 5227 577 5298 odio
609 5251 781 5321 personae
805 5226 957 5303 Lutheri
981 5248 1017 5305 et
1064 5230 1232 5327 μέμνησο
1256 5228 1425 5305 ἀπιστεῖν
1431 5278 1443 5311 ,
1478 5249 1524 5295 ne
1546 5224 1591 5294 sit
1614 5223 1773 5300 incauta,
1799 5229 1835 5289 et
1856 5239 1902 5285 ne
1923 5212 2056 5283 oblrvr-

82 5331 141 5400 dio
166 5331 320 5422 partium
342 5332 526 5401 damnasse
553 5353 652 5403 veras
674 5353 814 5420 musas,
839 5348 874 5406 et
897 5329 1016 5407 homi·
1065 5348 1183 5407 ocatur
1196 5335 1298 5407 dicti:
1326 5328 1541 5502 Maquiqtus
1556 5325 1619 5420 qui
1634 5318 1834 5395 conliditin
1848 5313 2006 5389 homine.

1229 3138 1400 3233 Sequitur
1422 3135 1583 3209 Candor:
