4522 5782
52 220 134 307 su
192 219 196 223 ·
255 187 258 191 ’
343 280 346 287 ·
454 232 539 315 ιιι.
590 178 895 313 massano
930 234 983 313 tu
1013 230 1197 315 avano.
1222 232 1439 317 rossus.
1486 232 1595 313 css.
1619 234 1703 313 xv,
2008 238 2105 319 aas

21 464 28 471 .
54 406 95 476 in
107 428 185 493 aare,
212 418 248 479 et
262 428 332 503 ego
350 403 390 479 io
406 428 462 493 eo,
478 406 663 499 copiosum
680 408 837 479 fructum
851 406 952 481 feret.
1003 404 1056 480 Es
1106 408 2098 499 Aitenim,ntfructumferatis,etfnrctnsvestermsneat.

10 596 15 609 ι
53 508 308 591 criminantur,
333 512 475 595 doctor,
500 504 752 595 scholasticus,
786 508 874 581 seito
894 510 1052 581 functio·
1108 504 1278 603 Angeris,
1312 512 1510 608 quomodo
1531 526 1666 583 tantam
1690 514 1820 585 molem
1845 540 1966 588 rerum
1991 519 2098 591 susti-

54 634 139 681 nem
158 608 235 683 Deo
260 612 420 703 placere,
454 612 485 683 si
508 612 686 683 vocationi
710 626 793 683 tuae
815 611 1050 706 obtemperas,
1106 638 1192 684 nere
1220 616 1413 706 possimus,
1457 615 1648 706 pollicetur
1674 615 1864 689 auxilium:
1913 616 2098 713 Quicquid

53 713 274 785 etsslutaris
286 716 412 800 doces,
437 728 499 785 aut
515 714 640 800 discis,
674 726 709 786 et
730 736 934 808 quanquam
956 716 1051 786 mul·
1104 717 1275 807 petieritis
1302 733 1438 810 patrem
1469 716 1508 786 in
1538 717 1685 787 nomine
1714 743 1813 805 meo,
1854 720 1953 791 dabit
1982 724 2096 797 vobis.

54 828 114 887 tae
125 816 353 889 difficultates
365 816 570 909 impediunt
585 840 728 889 cursum
746 830 868 901 tuum,
894 832 929 889 et
948 818 1048 887 vide·
1103 820 1256 908 Angeris
1271 822 1315 889 de
1333 818 1555 906 defensione,
1581 820 1657 911 ipse
1671 818 1823 894 affirmat
1836 844 1872 891 se
1885 846 1960 893 non
1975 825 2096 895 deser-

56 916 107 987 ris
122 940 249 1009 parom
274 920 464 1010 proficere,
496 933 613 990 tamen
637 920 707 990 lide
729 932 764 990 et
784 918 966 1009 agnitione
984 914 1047 988 filii
1102 934 1222 991 turum
1239 945 1313 993 esse
1328 918 1540 993 Ecclesiam:
1568 920 1650 992 Non
1665 922 1867 1016 relinquam
1883 948 1946 995 voa
1962 920 2095 1017 orplsa·

55 1016 123 1091 ttet
154 1032 253 1111 petas
281 1034 323 1091 ut
350 1020 548 1106 adiuveris,
580 1032 614 1092 et
645 1045 721 1091 non
741 1020 884 1092 dubites
908 1022 1047 1093 labores
1099 1046 1178 1094 nos.
1239 1022 1347 1096 item:
1382 1020 1494 1108 Ecce,
1524 1048 1588 1114 ego
1614 1024 1797 1094 vobiscum
1814 1048 2024 1121 sumusque
2048 1032 2094 1097 sd

56 1136 138 1193 tuos
166 1122 256 1203 tibi,
294 1136 330 1193 et
359 1124 438 1195 aliis
469 1124 639 1194 salutares
661 1124 748 1197 fore.
811 1121 923 1216 ldque
943 1147 1047 1216 saepe
1099 1126 1439 1197 consummationem
1471 1127 1591 1200 seculi.
1660 1122 1752 1197 Cum
1783 1126 1895 1216 igitur
1926 1129 2094 1201 omnibus

57 1224 251 1295 ostendunt
272 1239 418 1297 eventus
441 1224 479 1295 in
506 1226 717 1317 praesentia.
768 1224 951 1297 Viderunt
972 1224 1046 1297 Da·
1098 1226 1296 1297 terroribus
1325 1240 1485 1320 opponat
1515 1227 1777 1298 consolationes
1804 1229 2027 1300 dulcissimas
2058 1246 2094 1302 et

56 1325 139 1407 vid,
163 1324 304 1412 maias,
336 1324 485 1413 Daniel,
518 1338 553 1398 et
575 1328 638 1397 alii
659 1326 764 1398 multi
785 1326 824 1396 in
848 1329 1045 1420 praesentia
1098 1328 1334 1415 firmissimas,
1375 1352 1478 1420 saepe
1500 1354 1557 1401 esa
1579 1330 1865 1417 consideremus,
1897 1344 1936 1401 ut
1963 1354 2030 1404 nos
2052 1332 2091 1402 in

55 1446 138 1499 suos
154 1428 296 1499 labores
309 1429 430 1500 multis
455 1431 637 1520 prodesse,
671 1428 836 1500 ieremias
860 1454 932 1501 non
954 1432 1044 1502 vidit
1097 1426 1154 1501 his
1179 1429 1331 1503 assiduis
1355 1432 1539 1524 periculis,
1575 1452 1665 1527 quae
1688 1432 1876 1503 coniuncta
1900 1446 1984 1504 sunt
2009 1458 2090 1505 cum

54 1530 210 1603 reditum
227 1531 362 1623 populi,
380 1534 440 1601 sed
458 1545 582 1602 tamen
592 1530 724 1602 sciebat
741 1530 930 1602 eonsilium
941 1556 1043 1605 suum
1095 1526 1282 1623 Evangelii
1301 1532 1520 1626 professione
1539 1534 1764 1619 confirment,
1789 1544 1824 1605 et
1848 1556 1970 1605 earum
1993 1537 2090 1625 cogi-

53 1632 136 1703 felis
152 1644 188 1703 et
202 1634 356 1703 salutare
371 1656 445 1704 esse
459 1646 493 1703 et
506 1634 583 1705 fore
597 1634 663 1705 toti
678 1630 856 1705 Ecclesiae
872 1633 951 1710 Dei.
1096 1633 1230 1705 tatione
1244 1636 1350 1706 fidem
1369 1648 1402 1708 et
1417 1636 1583 1707 fiduciam
1601 1628 1737 1707 Christi
1760 1635 1799 1704 in
1821 1636 1926 1707 nobis
1950 1640 2087 1711 exusci-

153 1728 211 1805 Λα
227 1735 351 1825 infigas
366 1735 500 1808 intimis
518 1736 680 1807 sensibus
702 1736 836 1821 animi,
863 1738 959 1831 quod
985 1737 1043 1806 di·
1093 1746 1222 1809 temus.

54 1848 143 1907 seete
167 1835 266 1907 addit
291 1833 456 1909 Christus
479 1832 549 1908 boc
571 1839 666 1908 loco:
700 1834 749 1909 Et
771 1839 909 1910 fructus
928 1852 1042 1909 vester

52 1949 205 2013 maneat.
256 1936 338 2009 Non
355 1941 471 2011 solum
487 1941 613 2029 exiguo
635 1952 794 2031 tempore
816 1954 968 2034 prosunt
989 1941 1041 2010 la-

53 2039 156 2111 bores
173 2040 316 2138 piorum
331 2042 577 2113 ministrorum
593 2042 632 2111 in
649 2038 826 2124 Ecclesia,
861 2057 901 2114 ut
917 2043 1041 2133 exiguo
1196 2040 1309 2116 Addit
1325 2045 1702 2115 consolationesasuo
1720 2046 1897 2136 exemplo:
1933 2043 2015 2116 Non
2034 2061 2086 2118 est

53 2153 211 2232 tempore
240 2156 389 2233 prosunt
419 2144 557 2214 labores
588 2142 769 2234 Scipionis
793 2156 854 2216 sut
877 2143 1041 2235 Augusti,
1094 2168 1217 2216 servus
1242 2145 1355 2216 maior
1370 2146 1527 2220 Domino
1551 2170 1634 2217 suo:
1667 2142 1744 2235 Ego
1768 2147 1922 2217 sustinui
1946 2149 2028 2219 odia
2051 2164 2086 2221 et

52 2243 113 2337 qui
128 2244 273 2335 politius
288 2238 370 2316 suas
384 2246 638 2331 defenderunt,
650 2260 684 2317 et
699 2246 851 2318 feliciter
864 2261 1042 2333 rexerunt,
1093 2248 1261 2338 pericula.
1313 2248 1447 2321 Scitote
1461 2248 1570 2339 igitur
1584 2262 1617 2319 et
1631 2247 1737 2319 nobis
1752 2250 1956 2320 sustinenda
1974 2265 2008 2322 et
2029 2264 2085 2321 to·

53 2368 141 2439 quse
164 2348 210 2415 ad
238 2359 376 2438 tempus
396 2360 618 2420 manserunt:
656 2351 718 2418 sed
748 2351 881 2420 aeterni
904 2350 1041 2420 fructus
1093 2350 1239 2420 feranda
1258 2374 1349 2434 esse,
1363 2374 1428 2420 nec
1443 2351 1654 2439 frangantur
1671 2350 1782 2420 animi
1797 2351 1923 2433 vestri,
1947 2352 2085 2423 etiamsi

53 2462 134 2519 sunt
153 2449 381 2534 docentium,
407 2449 469 2544 qui
494 2449 667 2541 eolligunt
683 2448 760 2521 Deo
781 2465 959 2522 aeternam
972 2450 1041 2521 Ec·
1094 2476 1167 2521 non
1186 2476 1311 2523 omnes
1325 2453 1584 2543 amplectentur
1599 2451 1929 2544 Evangelium,nec
1944 2476 2000 2522 me
2016 2457 2082 2523 do·

53 2543 214 2633 cloiam,
229 2565 264 2622 et
281 2566 457 2623 ornantur
473 2551 540 2642 ipsi
557 2553 709 2623 aeternis
726 2554 901 2645 praemiis.
927 2552 1040 2623 Nemo
1092 2569 1193 2624 cente
1209 2579 1333 2625 omnes
1351 2555 1503 2647 amplexi
1519 2568 1625 2638 sunt,
1651 2580 1769 2625 meum
1793 2578 1934 2625 cursum
1962 2555 2082 2627 imite-

54 2642 241 2723 llomsein
267 2669 392 2725 senatu
411 2654 634 2728 existimabat
657 2656 718 2725 diu
743 2679 944 2726 mansuram
967 2678 1041 2727 esse
1093 2658 1201 2738 mini,
1228 2682 1292 2727 nec
1308 2658 1475 2728 deterreri
1493 2681 1555 2727 vos
1570 2656 1695 2727 sinatis
1714 2670 1775 2727 aut
1801 2656 1987 2747 periculis,
2020 2671 2082 2728 aut

10 2784 12 2821 ;
54 2746 514 2851 banedoctrinamrqu'am
535 2754 669 2828 Paulus
689 2758 976 2843 circumferebat,
1002 2781 1042 2827 ac
1092 2773 1273 2831 contemtu
1295 2754 1502 2849 Evangelii,
1537 2773 1597 2831 aut
1629 2757 1859 2830 multitudine
1888 2760 2082 2829 adversan-

10 2900 12 2941 5
55 2870 199 2929 manent
220 2854 353 2929 Paulus
382 2860 475 2953 ipse,
514 2859 700 2953 discipuli,
739 2873 775 2931 et
806 2860 966 2931 doctrina
993 2862 1037 2930 ad
1090 2861 1191 2932 tium.

10 2996 14 3055 ,
56 2978 196 3029 omnem
211 2960 467 3033 aeternitatem.

150 3058 230 3130 liae
246 3060 355 3155 igitur
368 3061 572 3134 dulcissima
596 3064 838 3136 consolatione
860 3086 926 3134 nos
948 3087 1039 3157 quo·

57 3163 372 3253 quetonsolemur.
420 3162 504 3235 Non
522 3163 663 3237 videtur
677 3188 866 3238 mansurus
884 3189 959 3235 esse
981 3161 1038 3235 bic
1191 3164 1262 3235 llic
1284 3178 1461 3258 quaerunt
1481 3168 1526 3233 de
1548 3163 1699 3255 peccatis
1722 3163 1957 3252 ignorantiae.
2018 3156 2079 3231 An

58 3278 161 3334 status
178 3260 415 3337 Ecclesiamm
430 3280 465 3337 et
480 3260 701 3353 scholarum,
735 3270 796 3362 qui
813 3267 880 3338 Dei
904 3268 1038 3338 benefi-
1090 3268 1290 3357 ignorantia
1309 3268 1418 3359 lapsi,
1453 3266 1524 3335 sint
1542 3265 1592 3333 rei
1609 3289 1726 3334 eoram
1742 3263 1839 3349 Deo,
1871 3289 1932 3335 seu
1954 3286 2078 3364 pecca-

59 3364 107 3435 eio
133 3366 206 3435 iam
237 3369 449 3439 constitutus
480 3386 552 3455 est,
591 3371 671 3440 luce
692 3366 865 3461 Evangeli
889 3369 1038 3442 reddita.
1088 3386 1183 3440 tores
1197 3369 1342 3455 abiecti,
1368 3363 1620 3439 cumChristus
1634 3389 1792 3458 expresse
1808 3366 1919 3437 dicat:
1947 3368 2078 3438 Sinon

10 3482 19 3573 p
59 3464 328 3540 Sedmanaurus
342 3484 394 3543 est
411 3485 547 3552 tamen,
573 3472 710 3543 etiamsi
727 3472 874 3565 imperia
899 3472 1038 3559 mundi,
1090 3472 1264 3542 venissem
1281 3486 1314 3544 et
1331 3470 1494 3541 dixissem
1513 3470 1580 3550 eis,
1607 3483 1786 3561 peecatum
1804 3492 1877 3539 non
1894 3464 2078 3544 baberent.

60 3570 264 3640 etdiabolus
288 3572 539 3660 adversantur,
571 3574 661 3644 sieut
684 3575 771 3644 alibi
793 3570 958 3645 Christus
979 3574 1037 3642 in·
1086 3573 1227 3645 Suntne
1268 3572 1421 3644 excusati
1461 3571 1641 3651 Socrates,
1692 3566 1913 3675 Xenophon,
1962 3569 2076 3652 Plato,

60 3670 142 3763 quit:
168 3669 296 3742 Portas
317 3673 512 3745 inferorum
538 3700 611 3746 non
636 3678 889 3769 praevalituras
912 3681 1038 3746 adver·
1089 3676 1229 3768 Scipio,
1262 3680 1295 3746 el
1316 3675 1377 3746 alii
1393 3673 1687 3751 innumerabiles,
1723 3674 1880 3764 quinon
1903 3686 1994 3742 recte
2020 3672 2076 3739 in-

61 3790 111 3841 tus
122 3768 331 3845 Ecclesiam.
381 3773 427 3848 Et
443 3779 524 3870 quia
542 3779 651 3849 multu
665 3792 749 3849 sunt
773 3778 1037 3870 impedimenta,
1088 3792 1263 3849 vocarunt
1285 3776 1421 3861 Deum,
1454 3774 1569 3865 ignari
1601 3774 1699 3842 verbi
1722 3770 1813 3844 Dei?
1843 3771 2075 3872 Respondes:

60 3888 226 3949 conserat
240 3871 403 3949 Christus
416 3878 456 3948 in
474 3874 539 3951 hae
554 3880 797 3953 consolatione
812 3882 917 3952 etiam
935 3881 1036 3949 ausi·
1088 3876 1171 3949 Non
1187 3894 1266 3950 sunt
1287 3877 1460 3961 excusati,
1495 3878 1585 3947 sicut
1601 3900 1682 3945 mox
1706 3876 1865 3969 sequenti
1890 3873 2002 3965 capite
2023 3876 2076 3943 as-

16 4060 19 4069 Ι
60 3970 224 4064 lictorem,
238 3980 388 4050 affirmat
403 3982 726 4071 petentibusDeum
740 3984 934 4054 affuturum
945 4006 1036 4052 esse:
1086 3978 1205 4053 firmat
1226 3975 1407 4069 Christus,
1448 3978 1623 4073 Spiritum
1648 3992 1807 4047 sanctum
1829 3989 2075 4047 accusaturum

16 4102 20 4125 ¹
61 4072 234 4175 Quicquid
250 4082 421 4173 petieritis
443 4098 577 4174 patrem
602 4085 640 4154 in
666 4087 812 4157 nomine
838 4109 940 4170 meo,
972 4087 1036 4153 da·
1087 4081 1462 4174 essehocpeccatum‚
1495 4081 1591 4177 quod
1616 4080 1772 4149 mundus
1793 4102 1868 4148 non
1891 4078 2010 4148 credat
2036 4076 2076 4145 in

59 4176 107 4253 bit
124 4182 241 4257 vobis.
300 4183 409 4255 Adest
434 4186 538 4256 nobis
560 4184 657 4259 Deus
679 4190 839 4274 adiutor,
873 4190 950 4258 vult
971 4209 1038 4256 nos
1088 4186 1200 4257 lilium
1219 4183 1299 4258 Dei.
1350 4184 1420 4257 Sed
1437 4184 1551 4254 dices:
1580 4180 1682 4268 Quae
1696 4193 1746 4249 est
1762 4181 1809 4250 ita
1825 4180 1991 4263 durities,
2014 4201 2074 4249 seu

60 4284 237 4370 exaudire,
261 4308 400 4377 regere,
424 4288 613 4374 adiuvare,
639 4291 848 4374 defendere,
873 4290 1037 4359 liberare.
1092 4288 1274 4383 tyrannis,
1300 4286 1479 4379 postulare
1502 4283 1760 4366 obedientiam,
1793 4306 1857 4353 nec
1877 4295 2076 4351 monstrare

60 4378 134 4455 ldeo
156 4410 233 4457 non
252 4388 460 4480 frangamur
481 4390 629 4477 animis,
662 4406 701 4463 ut
722 4392 931 4462 abiiciamus
953 4414 1037 4482 pro·
1088 4391 1174 4485 quid
1191 4391 1367 4482 agendum
1385 4389 1453 4457 sit?
1476 4385 1637 4457 Primum
1655 4386 1698 4453 de
1713 4385 1788 4475 lege
1808 4384 1921 4454 facilis
1944 4396 1993 4453 est
2018 4406 2074 4452 re·

15 4578 18 4585 .
59 4484 256 4570 sessionem,
295 4491 432 4560 etiamsi
457 4494 568 4563 multa
589 4494 841 4585 impedimenta
861 4494 1038 4576 incidunt,
1088 4493 1250 4584 sponsio:
1277 4490 1406 4581 Legem
1429 4511 1552 4558 omnes
1574 4501 1726 4570 norunt,
1757 4487 1847 4557 sicut
1861 4484 1994 4556 Paulus
2016 4484 2074 4552 in·

11 4606 19 4703 Ι
61 4590 112 4656 sed
134 4586 199 4659 hac
218 4591 456 4684 promissione
478 4595 765 4683 commonefacti,
792 4596 1037 4687 confugiamus
1090 4595 1185 4686 quit,
1221 4594 1329 4667 Rom.
1356 4594 1391 4664 1.
1417 4590 1575 4662 Scientes
1607 4588 1716 4679 igitur
1745 4589 1925 4658 violarunt
1948 4589 2072 4676 legem.

13 4724 17 4763 :
61 4692 95 4757 sd
108 4706 269 4763 nostrum
285 4695 497 4765 adiutorem.
1089 4698 1233 4768 Deinde
1264 4699 1307 4767 de
1337 4693 1570 4786 promissione
1596 4686 1666 4761 hoc
1696 4692 1983 4783 respondendum
2006 4700 2072 4756 est:

11 4824 17 4835 ·
150 4792 286 4887 Repete
302 4820 432 4890 quaeso
447 4798 558 4867 lector
575 4794 668 4869 hanc
687 4812 797 4870 totam
822 4797 1037 4870 consolatio·
1090 4798 1186 4881 Deus
1202 4798 1307 4870 initio
1322 4796 1440 4865 statim
1459 4795 1498 4863 in
1516 4793 1686 4865 Paradiso
1702 4794 1851 4864 tradidit
1867 4790 2074 4883 promissio-

63 4914 151 4982 nem,
177 4912 211 4967 et
233 4901 390 4988 expende
407 4914 613 4988 argumenta
634 4914 667 4971 et
690 4902 847 4975 affectus.
899 4896 1038 4972 Occur·
1091 4926 1171 4969 nem
1202 4903 1246 4970 de
1277 4896 1584 4980 reconciliatione,
1626 4908 1660 4965 et
1691 4898 1734 4965 de
1764 4888 1906 4966 Christo
1939 4892 2072 4962 futuro.

10 4998 14 5035 ³
63 4994 99 5066 rit
115 4998 313 5091 praecipuis
327 5000 529 5071 animorum
545 5016 749 5073 nostrorum
774 5005 868 5075 curis
894 5016 928 5073 et
952 5004 1038 5073 soli·
1090 5000 1194 5072 Hanc
1217 5002 1320 5072 certis
1339 5014 1373 5072 et
1396 4998 1594 5069 illustribus
1616 4997 1827 5068 testimoniis
1849 5006 1968 5087 postea
1992 5014 2075 5109 prq-

10 5152 15 5177 ,
64 5096 283 5188 titudinibus,
299 5117 335 5173 et
349 5103 498 5194 opponit
513 5105 772 5176 consolationes
787 5106 939 5175 maxime
954 5128 1039 5174 con·
1090 5104 1248 5196 pagavit,
1272 5118 1307 5176 et
1324 5102 1476 5173 subinde
1488 5100 1722 5185 instauravit,
1747 5122 1786 5170 ac
1803 5119 1942 5188 semper
1957 5117 2075 5164 omns·

10 5218 13 5291 t
64 5216 230 5283 gruentes.
282 5204 512 5295 Angcris‚an
530 5204 606 5277 Deo
623 5207 1040 5298 placeatcnrsusdocen-
1091 5210 1155 5276 bns
1172 5207 1286 5277 voluit
1304 5218 1424 5276 notam
1441 5226 1526 5278 esse.
1578 5200 1732 5294 ldeoque
1747 5214 1781 5271 et
1800 5220 1938 5290 semper
1952 5194 2076 5267 Eccle-

10 5296 17 5383 2*
63 5302 138 5375 lium
154 5306 193 5375 in
211 5300 387 5393 Ecclesia,
415 5307 566 5380 aflinnat
591 5309 741 5400 placere.
796 5307 966 5399 Angeris,
993 5334 1037 5378 an
1089 5309 1175 5378 siam
1191 5309 1348 5403 aliquam
1366 5306 1538 5377 celebrem
1559 5302 1731 5388 servavit,
1763 5302 1802 5370 in
1825 5324 1894 5395 qua
1916 5299 2078 5369 ministe-

63 5403 157 5479 timus
172 5408 311 5503 aliquid
328 5408 538 5502 profecturi,
552 5411 703 5482 affirmat
718 5412 937 5506 profecturos
953 5434 1037 5481 esse.
1089 5411 1181 5482 rium
1197 5412 1380 5504 publicum
1397 5418 1539 5477 sonaret
1554 5427 1676 5477 vocem
1690 5400 1898 5499 Evangelii,
1911 5426 2002 5498 quae
2019 5424 2080 5469 es-

1383 5504 1468 5589 Ἀ*

1256 1900 1305 1976 Si
1318 1901 1480 1977 mundus
1497 1900 1670 1992 rescidit,
1695 1906 1838 1990 scitote,
1864 1915 1927 1983 etc.

1213 3027 1261 3101 Si
1275 3027 1558 3115 pervenissem,
1586 3035 1617 3098 et
1635 3024 1961 3127 loculussuissem.
