4522 5782
78 168 169 291 na.
240 169 345 279 suu
390 172 435 251 a.
466 166 913 261 oouunnrantaut
938 168 1095 257 sessu
1120 170 1273 257 asum
1292 178 1370 255 an
1394 172 1662 261 romanos.
1711 183 1819 268 oar.
1842 191 1949 277 xm.
2020 202 2119 299 ,sss

269 414 275 427 ,
414 338 478 407 D‘
503 336 720 405 ’mistim
828 432 832 441 Ι
1123 363 1184 422 tae.
1195 374 1233 422 se
1248 367 1454 447 opponunt,
1480 369 1617 429 rectum
1635 351 1845 437 estosteudi
1867 368 1940 443 illis
1955 383 2116 474 exempla

177 461 397 537 sandalum
414 463 591 554 significat
610 461 870 547 offensionem,
895 486 987 558 quae
1000 465 1066 535 de-
1119 453 1314 541 libertatis,
1340 474 1374 530 et
1396 451 1483 528 haec
1498 461 1657 553 exempla
1678 480 1763 539 suut
1777 492 1858 559 pars
1871 476 2115 575 confessionis,

78 580 188 638 mm
210 565 369 650 mim·
401 565 618 637 „mincius
637 567 681 635 ad
706 564 953 640 mentionem,
1002 566 1066 639 En
1119 553 1258 628 Gall.
1290 557 1351 632 Sic
1379 559 1544 654 Apostoli
1573 563 1756 641 violabant
1786 573 1994 655 traditiones
2022 579 2113 679 pb..
2220 590 2224 595 '

78 682 195 743 assem
209 670 354 757 duplex.
403 669 571 741 Alterum
594 689 705 757 genus
719 674 869 737 vocatur
891 663 1064 760 pharisai-
1116 658 1270 737 ciuicas.

78 772 407 857 cumscsndslnsn,
435 773 567 856 idest,
596 768 768 853 offensio,
802 793 909 861 quam
938 770 1062 840 couci·
1329 824 1573 926 Infirmumi
1606 827 1677 927 fid
1852 839 1860 858 ,

78 874 177 963 piunt
201 868 407 967 hypocritae
427 889 574 965 propter
601 894 720 940 veram
744 870 963 957 doctrinam,
1000 886 1063 945 aut
1572 857 1597 905 η
1673 850 1902 923 “mmm'‘

78 975 223 1060 annm,
256 975 357 1069 qssod
378 973 475 1047 Deus
504 971 654 1068 requirit
686 972 742 1043 vel
762 977 958 1065 approbet,
990 999 1061 1070 qua
1214 960 1384 1036 Dicturus
1405 970 1450 1038 de
1475 992 1543 1040 usu
1568 975 1849 1048 ceremoniarum
1876 992 1912 1052 et
1931 984 1977 1055 de
1997 986 2107 1062 liber-

78 1076 273 1148 ,ffmpom
296 1077 492 1148 {mmmm
511 1070 716 1170 hyponam
743 1076 789 1144 „d
812 1076 935 1147 odium
958 1100 1061 1148 „m
1114 1075 1206 1152 tate,
1231 1067 1336 1140 initio
1354 1072 1529 1163 proponit
1545 1074 1829 1149 admonitionem
1847 1082 1893 1154 de
1910 1088 2105 1164 tolerandis

78 1179 256 1249 doctrinae
283 1193 318 1250 et
347 1179 500 1270 piorum.
557 1177 600 1249 ld
621 1176 827 1252 scandalum
849 1202 924 1249 nou
946 1193 1061 1270 potest
1112 1167 1274 1245 infirmi&
1329 1170 1458 1244 Tffldii
1479 1190 1598 1247 ”ulem
1626 1194 1874 1273 Pffleteplum,
1906 1212 1979 1283 quo
2000 1206 2105 1265 uten-

78 1281 198 1365 ἡμή,
222 1304 287 1351 mc
302 1295 449 1372 „emm
463 1281 513 1373 Ρῑῑ
528 1279 794 1372 propietatem
810 1280 967 1353 summ„
989 1281 1060 1352 im.
1112 1272 1197 1339 dum
1220 1284 1368 1344 estnon
1392 1276 1565 1348 adversus
1587 1294 1827 1369 persecutores
1856 1286 2003 1382 impios,
2036 1290 2104 1369 hu.

78 1382 222 1457 siorsma.
282 1379 361 1452 luto
385 1404 524 1454 necesse
549 1397 601 1452 est
622 1383 768 1453 obedire
788 1386 957 1454 mandato
978 1381 1056 1473 Dei,
1112 1384 1181 1442 ⁸¹0⁸
1196 1371 1402 1467 Evtssgeliis
1429 1382 1487 1449 ⁸²1¹
1506 1403 1587 1470 0⁹8³
1611 1384 1769 1455 mefflbrs
1786 1401 1926 1477 nostra,
1953 1388 2023 1467 hoc
2038 1410 2102 1486 est,

78 1499 189 1554 :ontra
207 1485 400 1576 impiorum
418 1485 549 1556 iudicia
568 1498 603 1556 et
617 1486 719 1568 odia,
742 1485 827 1578 quia
845 1485 978 1558 Paulus
1001 1487 1058 1555 in·
1109 1495 1191 1564 0¹8³
1206 1499 1284 1560 00⁸2
1311 1480 1374 1572 qui
1390 1482 1509 1550 doceri
1524 1505 1561 1551 se
1586 1482 1729 1573 sinunt,
1753 1504 1789 1561 et
1809 1492 1961 1566 audiunt
1976 1495 2101 1571 Evau-

78 1587 163 1680 puit:
199 1584 253 1659 Si.
275 1586 356 1680 quis
383 1589 480 1659 aliud
512 1585 747 1678 Evangelium
787 1586 1058 1678 praedicaverit,
1109 1577 1263 1665 delium,
1296 1575 1361 1651 1¹⁰⁸
1384 1597 1478 1654 ἘΝ
1507 1587 1678 1655 ὀῑῑθῐῑθῑῑ
1708 1592 1878 1682 exe'uili‘
1907 1595 2097 1690 issfflifflii»

78 1688 255 1773 anathema
281 1689 338 1763 sit.
398 1687 452 1760 Ac
477 1688 665 1778 diligenter
685 1689 873 1759 erudiendi
901 1705 984 1762 sunt
1005 1691 1057 1783 pii
1109 1701 1180 1773 (11¹0
1195 1680 1315 1753 minus
1335 1686 1594 1777 amplectantur
1607 1688 1859 1783 Evangelium.

78 1791 323 1877 eueniendi,
347 1812 395 1861 ne
418 1787 624 1886 hypocritae
646 1793 846 1862 deterreant
862 1814 956 1864 essa
972 1817 1056 1885 pro-
1212 1780 1324 1858 V00⁸¹
1344 1801 1463 1857 aulem
1481 1788 1666 1860 infirmnm
1687 1793 1727 1861 5⁰
1748 1795 1838 1881 fides
1862 1801 2023 1872 mutium
2040 1825 2096 1876 ss·

78 1892 237 1978 essione,
261 1918 342 1964 cusu
367 1894 545 1965 obiiciunt
565 1878 742 1985 pericula,
775 1908 914 1986 motus,
950 1894 1055 1965 dini.
1107 1883 1153 1953 tis
1174 1885 1352 1958 eruditum
1377 1890 1416 1958 iu
1445 1892 1606 1963 doctrina
1629 1891 1809 1970 libertatis.
1877 1898 1991 1973 Porro
2014 1929 2096 1979 eum

78 1994 245 2078 sationes,
278 2018 368 2088 quae
398 2009 597 2091 sequuntur
623 1996 917 2086 persecutionem.
976 1996 1055 2068 Ad.
1107 1984 1225 2078 inquit
1250 1991 1509 2063 sublevandum
1539 2016 1631 2076 esse,
1664 2018 1711 2064 ne
1735 1999 1868 2070 incidat
1890 2002 1929 2072 iu
1950 2003 2095 2080 dubita·

78 2120 187 2169 rersus
203 2093 270 2167 bos
285 2110 439 2168 terrores
461 2112 601 2187 oportet
626 2099 765 2168 animos
789 2099 880 2168 bene
895 2102 1055 2172 munitos
1106 2088 1239 2175 ii⁰¹¹⁸⁸s
1272 2105 1454 2189 ”irimque
1477 2110 1615 2180 ¹¹¹0¹¹²⁸s
1643 2120 1689 2166 ¹¹²
1711 2117 1855 2190 cogitur
1878 2105 2015 2200 aliquid
2040 2111 2095 2182 la·

78 2220 154 2285 sse,
181 2223 229 2269 ne
241 2199 452 2290 lsnguelacti
467 2200 639 2271 abiiciunt
655 2200 851 2274 veritatem,
1106 2213 1185 2260 cere
1211 2208 1332 2264 contra
1357 2198 1631 2282 conscientiam,
1670 2222 1731 2270 seu
1754 2205 1978 2295 improbante
2006 2234 2093 2282 eon.

167 2298 333 2373 Atpemm
353 2324 464 2390 genus
483 2302 640 2372 ,penduli
663 2316 714 2373 eet
742 2302 851 2394 impia
880 2303 1054 2394 doctrina,
1105 2293 1260 2365 scientia.
1323 2295 1409 2367 ltesn
1431 2314 1470 2371 ut
1493 2301 1663 2391 paulatim
1692 2301 1926 2393 provebatur,
1959 2325 1993 2381 et
2019 2315 2092 2383 eri·

78 2417 124 2475 ,m
153 2405 286 2474 [acrum
313 2405 472 2489 mlum,
509 2417 571 2476 ,m
599 2404 1053 2496 indtff0m15‚petulanm
1104 2396 1224 2486 piatur
1238 2413 1271 2468 et
1289 2400 1748 2480 libereturadubitatioue.
1799 2407 1892 2478 Nam
1913 2414 2089 2488 dubitatio

78 2518 265 2594 usceptnm
293 2509 387 2595 apud
419 2506 602 2592 infirmos,
645 2532 718 2601 quo
753 2513 976 2579 deterrentur
1006 2510 1052 2581 ab
1104 2497 1144 2566 in
1176 2524 1392 2596 ‘tumultus
1413 2504 1582 2591 ⁸riit⁸¹i⁰2
1614 2506 1645 2574 δῖ
1669 2529 1743 2577 1¹0⁰
1768 2514 1995 2601 ‘mendelffl's
2028 2522 2090 2590 ⁸⁰<i

78 2605 276 2697 isangrim,
309 2609 365 2677 vel
388 2633 602 2703 quoeunque
626 2612 732 2681 modo
754 2611 961 2681 sauciantur
988 2636 1050 2682 ω.
1102 2617 1283 2693 augescat,
1318 2618 1371 2676 est
1401 2601 1585 2677 horribilis
1606 2609 1731 2698 pestis,
1764 2626 1797 2682 et
1822 2616 1952 2688 excutit
1973 2619 2090 2709 tidem,

78 2732 142 2780 um
165 2708 291 2784 enini,
340 2708 438 2781 Haec
465 2713 629 2782 mndata
651 2725 734 2783 eunt
755 2715 924 2783 cavenda,
975 2713 1048 2785 sed
1103 2717 1140 2774 et
1152 2707 1298 2777 accersit
1319 2708 1620 2799 desperationem,
1646 2711 1770 2786 odium
1791 2715 1900 2785 totius
1923 2714 2090 2811 Evange-

78 2811 532 2884 mnmgimummnium
553 2827 606 2884 ρει
629 2814 738 2907 impia
759 2815 940 2900 doctrina,
965 2817 1049 2909 qui,
1103 2803 1162 2891 lii,
1188 2820 1223 2877 et
1247 2809 1469 2882 manifestam
1494 2812 1722 2904 impietatem.
1772 2812 2013 2893 sicutacetdit
2028 2822 2094 2895 tu:

78 2914 171 2987 sedit
194 2914 341 3003 gloriam
366 2912 454 2996 Dei,
487 2928 522 2987 et
543 2917 661 3009 perdit
681 2917 884 2988 auditorum
910 2918 1049 2989 animos
1101 2907 1199 2979 liano
1214 2924 1249 2981 sl
1263 2912 1384 2982 multis
1400 2913 1590 2988 similibus.

78 3016 350 3091 nnumerabiles.

160 3118 307 3189 Deinde
323 3117 509 3213 quodlibet
523 3118 652 3191 factum
668 3120 802 3192 malum
820 3121 1047 3195 manifestum

78 3233 110 3291 st
130 3221 358 3305 scandalum,
378 3221 468 3320 qnia
494 3224 584 3291 mals
606 3223 764 3315 exempla
785 3224 939 3294 invitant
959 3225 1047 3296 alios
1202 3214 1363 3287 Primum
1400 3231 1518 3289 aulem
1552 3218 1756 3290 observsbis
1785 3238 2011 3317 praeceptum
2040 3232 2087 3304 de

78 3323 103 3391 td
121 3321 380 3408 imitationem,
405 3323 623 3395 etminuunt
643 3324 876 3395 reverentiam
900 3322 986 3412 Dei,
1011 3340 1048 3398 et
1099 3321 1255 3393 cavenda
1272 3320 1507 3392 dubitatione.
1540 3315 1681 3391 Deinde
1692 3323 1898 3396 observabis
1913 3323 1973 3399 bic
1987 3354 2087 3422 epre-
2166 3420 2169 3426 Ι

78 3446 159 3514 sepe
180 3424 336 3509 iaciunt,
370 3440 410 3496 ut
432 3425 508 3516 ipss
531 3422 687 3496 Ecclesia
709 3441 744 3497 et
768 3429 928 3498 donrina
951 3430 1044 3500 male
1099 3423 1192 3514 giam
1217 3422 1495 3494 consolationem
1525 3424 1746 3512 propositam
1768 3448 1853 3502 esse.
1879 3426 1889 3449 “
1919 3426 2087 3508 Testatur

78 3525 196 3611 odiat,
222 3541 258 3599 ct
278 3528 524 3598 deterreantur
538 3530 710 3600 moderati
735 3525 898 3600 homiues
921 3554 940 3600 a
963 3554 1045 3603 vera
1099 3525 1195 3597 enim
1210 3522 1344 3596 Paulus
1356 3524 1517 3596 infirmos
1532 3546 1552 3593 a
1569 3522 1645 3594 Deo
1663 3541 1820 3619 receptos
1833 3550 1925 3618 esse,
1950 3536 2012 3605 sed
2027 3536 2086 3608 iu-

78 3629 233 3703 loctriua.
289 3628 390 3700 Sicut
411 3630 504 3698 male
529 3631 681 3703 audisset
710 3632 892 3718 doctrina,
925 3635 954 3702 si
987 3632 1046 3703 lo-
1098 3628 1226 3718 telligit
1246 3652 1321 3698 uon
1343 3622 1463 3696 hostes
1488 3641 1549 3698 aut
1573 3642 1829 3716 persecutores,
1847 3635 1916 3702 sed
1936 3656 1998 3705 eos
2020 3640 2083 3731 qui

78 3726 144 3822 epb
162 3731 396 3802 commisisset
420 3732 645 3806 adulterium.
695 3729 851 3804 Ecoutra
868 3759 954 3806 vero
970 3736 1045 3807 eius
1098 3732 1251 3801 audiunt
1267 3727 1523 3818 Evangelium,
1550 3729 1610 3820 qui
1627 3743 1711 3800 sunt
1724 3732 1876 3819 dociles,
1901 3749 1937 3806 et
1953 3732 2086 3813 babent

78 3833 276 3905 ominentia
293 3834 414 3905 multis
432 3835 547 3903 modis
562 3835 631 3907 fuit
646 3836 797 3924 gloriosa
820 3836 898 3928 piae
914 3838 1044 3908 doctri.
1098 3833 1201 3905 initia
1229 3832 1371 3903 timoris
1392 3828 1479 3916 nei,
1519 3847 1556 3904 et
1588 3831 1669 3901 fidei
1693 3831 1732 3900 in
1757 3829 1958 3922 Christum,
1992 3839 2085 3914 sicut
2121 3888 2124 3893 -

78 3956 145 4018 sae,
168 3952 203 4007 et
217 3933 337 4005 attulit
352 3935 507 4025 iugentia
523 3940 709 4006 commoda
724 3939 788 4007 toti
806 3962 926 4029 regno.
965 3937 1045 4012 Hoc
1097 3933 1263 4027 Apostoli
1287 3946 1369 4004 ante
1384 3931 1677 4005 resurrectionem
1692 3950 1794 4005 erant
1815 3938 1918 4023 iusti,
1943 3940 2082 4013 etiamsi

79 4036 255 4130 xemplum
272 4061 353 4107 cum
370 4038 416 4106 sit
432 4037 581 4123 illustre,
592 4040 747 4115 ostendit
763 4056 936 4132 quantum
953 4043 1043 4112 reie-
1098 4034 1278 4109 habebant
1294 4058 1376 4108 suas
1392 4035 1631 4119 infirmitates,
1657 4048 1697 4108 ut
1715 4052 1862 4131 apparet
1878 4040 1918 4109 iu
1934 4035 2083 4117 historia

78 4151 110 4208 at
125 4133 233 4209 buius
248 4139 387 4227 generis
415 4139 581 4209 scaudala
608 4142 735 4213 caseri.
795 4139 849 4212 Ac
871 4145 1044 4213 memisse·
1097 4139 1312 4229 evangelica.

79 4240 168 4312 imus
191 4244 313 4311 omnia
335 4242 425 4312 iacta
456 4254 576 4311 nostra
600 4244 779 4331 pertinere
808 4267 880 4312 non
905 4258 1043 4316 tautum
1199 4240 1279 4312 Hoc
1292 4239 1491 4332 exemplum
1508 4239 1760 4312 transieramus
1781 4241 1825 4312 ad
1840 4263 1925 4327 nos,
1951 4256 1986 4315 et
2006 4270 2083 4319 me·

79 4347 210 4426 dnos,
236 4345 296 4412 sed
321 4343 427 4413 etiam
451 4344 495 4412 ad
516 4343 665 4432 gloriam
689 4344 771 4417 Dei.
830 4343 931 4417 Sicut
958 4348 1045 4417 scri·
1098 4344 1308 4414 minerimus
1332 4366 1397 4411 uos
1421 4364 1564 4434 quoque
1586 4335 1717 4411 babere
1741 4344 1871 4413 multas
1894 4345 2083 4421 infirmita·

78 4458 154 4516 tum
170 4459 238 4515 est:
266 4443 415 4537 Propter
440 4468 502 4516 vos
526 4446 619 4516 male
645 4447 745 4517 audit
760 4470 889 4517 nomeu
905 4446 972 4518 Dei
987 4450 1044 4519 in·
1098 4462 1168 4531 tes,
1207 4469 1320 4539 neque
1359 4457 1477 4513 tamen
1510 4459 1695 4533 propterea
1731 4445 1834 4514 sideru
1865 4449 2085 4538 abiiciamus,

78 4563 257 4639 ugentes.
629 4568 632 4573 ·
1098 4549 1187 4642 quia
1204 4542 1265 4617 hic
1288 4547 1461 4636 scriptura
1493 4558 1642 4614 testatur
1668 4545 1827 4616 infirmos
1859 4551 1986 4640 recipi,
2021 4557 2083 4624 sed

156 4648 343 4720 Postremo
371 4648 410 4718 in
438 4671 506 4718 usu
534 4648 817 4720 indifferentium
850 4651 1045 4742 petulantia
1082 4665 1219 4720 monet
1249 4649 1357 4720 simul
1391 4650 1496 4719 etiam
1532 4646 1702 4738 paulatim
1735 4646 1983 4740 provehendos
2012 4677 2085 4726 esse

78 4756 212 4822 avenda
241 4765 335 4834 est,.
360 4775 406 4820 ne
435 4775 552 4821 mores
584 4749 827 4821 indifferentes
854 4767 1047 4824 mutentur
1101 4751 1273 4823 infirmos.
1857 4762 1862 4773 “

78 4856 146 4946 pud
164 4877 248 4943 eos,
276 4853 337 4946 qui
360 4867 423 4923 aut
446 4854 608 4923 nondum
631 4853 824 4926 audierunt
847 4856 1045 4926 doctrinam
1202 4852 1327 4923 Tertio
1345 4852 1497 4923 traditur
1511 4865 1736 4942 praeceptum
1752 4870 1875 4927 contra
1893 4857 2087 4929 dubitatio·

79 4957 302 5039 elibertate,
336 4968 398 5026 aut
419 4950 538 5025 adbuc
560 4968 644 5025 suut
669 4954 902 5042 infirmiores,
927 4973 1047 5049 utpe·
1100 4980 1199 5039 uem,
1234 4955 1271 5025 id
1293 4968 1365 5041 est,
1391 4956 1537 5047 nequid
1562 4953 1730 5023 faciamus
1754 4955 1978 5047 improbante
1999 4984 2087 5030 con·
2188 5030 2192 5047 ,

78 5059 211 5129 iculum
238 5058 302 5141 sit,
332 5081 378 5126 ne
411 5057 502 5128 moti
531 5056 730 5127 mutatione
757 5058 883 5129 talium
907 5084 1046 5131 morum
1100 5058 1257 5129 scientia.
1317 5055 1570 5151 Unusquisque
1598 5056 1635 5125 iu
1664 5079 1726 5126 sua
1753 5074 1870 5129 ruente
1894 5075 2008 5131 certus
2029 5062 2085 5135 sit.

81 5173 304 5232 eterreautur
324 5162 372 5229 ab
399 5155 611 5248 Evangelio.
667 5156 715 5228 Et
734 5172 854 5230 tamen
879 5185 1048 5252 nonper-
1100 5159 1197 5230 Haec
1217 5160 1390 5231 sententia
1414 5173 1509 5230 vetat
1536 5159 1650 5227 facere
1678 5175 1801 5229 contra
1822 5164 2085 5235 conscientiam.

78 5277 256 5356 cquuntnr
285 5262 381 5352 piam
412 5262 631 5343 doctrinam,
681 5262 741 5329 sed
783 5277 867 5332 sunt
902 5262 1048 5335 dociles.
1100 5263 1192 5333 Nam
1211 5263 1274 5355 qui
1297 5277 1422 5335 contra
1443 5261 1697 5333 conscientiam
1723 5262 1826 5348 lacit,
1861 5263 1978 5353 palam
2002 5290 2088 5363 con-

78 5364 192 5436 ’erum
209 5378 395 5458 postquam
410 5363 542 5436 tradita
561 5377 612 5434 est
629 5363 809 5450 doctrina,
833 5376 868 5436 et
883 5359 1058 5460 hypocri·'
1099 5364 1227 5438 temnit
1239 5365 1447 5437 mandatum
1462 5363 1542 5438 Dei.
1594 5360 1712 5440 Facile
1726 5377 1844 5435 autem
1859 5367 2089 5465 intelligipo-

1601 5456 1680 5534 ts*

1314 3076 1422 3154 Deus
1444 3081 1541 3153 enim
1558 3079 1668 3155 illum
1684 3087 1874 3165 assumsit.
