4522 5782
7 5518 10 5569 Ι

68 208 123 287 ,5
221 210 226 217 ·
542 202 846 285 nuannsno
878 206 931 285 m
961 202 1148 286 avens.
1179 202 1400 288 toanms.
1458 206 1662 287 cle-111.
1726 296 1729 301 ,
1788 218 1793 235 ·
2062 228 2112 307 aa

64 407 151 455 men
166 377 225 453 hic
241 379 405 477 loquitur
423 381 468 453 de
484 381 672 473 principali
695 402 798 452 causa
818 405 901 451 suae
924 381 1067 450 missio-
1117 396 1150 453 et
1166 406 1306 474 semper
1320 380 1407 454 haec
1421 387 1687 457 voxostendens
1699 388 1786 459 iram
1795 390 1876 478 Dei,
1901 398 1940 468 in
1948 397 2104 479 Ecclesia

61 487 143 575 nis,
169 497 205 556 et
226 509 309 555 mox
332 484 487 555 occurrit
509 483 718 555 obiectioni:
746 483 820 573 Qui
843 508 916 554 non
941 483 1065 574 credit,
1116 508 1242 555 sonare
1264 488 1379 556 debet.
1433 483 1517 555 ldeo
1536 486 1668 559 Paulus
1682 491 1731 560 sic
1747 497 1888 567 orditur
1903 523 2001 572 suam
2018 530 2102 577 con·

64 590 138 661 iarn
155 587 335 657 iudicatus
350 600 412 657 est.
452 585 525 657 lam
544 601 594 657 εει
610 588 680 657 lata
697 587 871 656 sententia
888 589 931 655 de
945 587 1063 656 omni-
1116 588 1270 657 cionem:
1296 585 1491 660 Revelatur
1511 590 1563 660 ira
1578 588 1645 661 Dei
1664 594 1709 662 de
1723 598 1821 666 coelo
1838 623 1943 693 super
1958 631 2102 681 omnem

20 777 23 781 Ι
62 696 134 761 bus
147 689 461 760 contemnentibus
486 683 582 757 herne
607 690 837 773 salvatorem,
864 691 922 757 sed
943 703 1059 757 tamen
1116 689 1339 781 iniquitatem
1362 704 1396 760 et
1417 691 1631 762 iniusticiam
1650 689 1849 772 hominum.
1901 702 1988 777 ltem
2010 711 2102 788 Psal.

63 805 172 864 erunt
188 791 300 885 aliqui
319 815 393 860 non
407 804 687 880 contemnentes,
712 815 784 859 non
802 790 931 882 peribit
948 804 1060 861 totum
1118 792 1195 864 13st
1221 791 1317 863 Deus
1346 795 1390 862 de
1423 794 1520 863 coelo
1549 799 1700 885 respexit
1730 822 1835 889 super
1863 806 1956 877 lilios
1984 806 2101 885 homi·

61 918 177 986 genus
194 891 414 973 humanum,
441 893 507 962 erit
530 893 661 986 aliquis
682 906 830 983 coclers„
853 892 915 984 qui
940 893 1062 963 audiet
1114 917 1219 972 num,
1245 908 1312 964 etc.
1368 890 1506 964 Omnes
1521 898 1789 971 declinaverunt
1806 919 1870 979 etc.
1923 908 2101 986 Haecon.
2219 946 2226 955 ·

88 1022 162 1067 unc
178 996 312 1080 lilium,
337 1009 372 1067 et
386 998 505 1066 credet
520 995 576 1080 ei,
601 1020 640 1065 ac
655 996 865 1066 salvabitur.
1114 994 1233 1063 cinnes
1256 1009 1340 1065 scint
1359 998 1555 1068 sententiae
1572 1000 1640 1066 iam
1661 1000 1751 1071 latae
1768 1006 1811 1073 de
1826 1004 2012 1095 omnibus,
2038 1022 2099 1089 sed

1113 1098 1158 1167 ab
1186 1091 1251 1167 hac
1281 1098 1576 1169 condemnatione
1598 1103 1799 1192 eripiuntur
1819 1104 1880 1196 hi,
1914 1117 1975 1207 qui
2000 1123 2102 1208 agni.

1114 1198 1210 1268 tione
1234 1201 1331 1269 verbi
1350 1197 1438 1285 Dei,
1464 1225 1523 1272 seu
1548 1202 1615 1273 fide
1638 1206 1816 1295 accipiunt
1839 1219 2100 1293 reconciliatio·

162 1299 299 1375 Haeret
335 1315 513 1394 peccatum
553 1301 590 1369 in
627 1300 795 1370 omnibus
842 1292 1060 1379 hominibus,
1112 1325 1209 1372 nem.
1248 1302 1451 1393 Diligenter
1464 1318 1581 1373 autem
1597 1307 1894 1384 considerandum
1908 1334 1978 1401 est,
2001 1328 2098 1416 quod

63 1418 211 1499 propter
230 1406 325 1501 qnod
342 1427 464 1475 omnes
488 1416 571 1473 sunt
594 1403 664 1487 rei,
698 1416 732 1471 et
754 1403 887 1472 accedit
908 1402 1056 1471 alterum
1112 1426 1250 1473 causam
1267 1406 1505 1475 damnationis
1519 1407 1568 1476 ait
1583 1430 1668 1488 esse,
1695 1433 1769 1480 non
1781 1418 1922 1490 credere
1934 1422 2097 1498 inhlium
2153 1396 2157 1407 Ι

62 1508 307 1601 peccatumiu
330 1506 471 1590 multis,
495 1519 678 1577 contemtu
698 1503 763 1572 idii
778 1501 865 1589 Dei,
893 1503 984 1574 sicut
1002 1502 1058 1571 in·
1110 1504 1191 1578 Dei.
1240 1503 1318 1575 Etsi
1332 1507 1425 1575 enim
1442 1522 1620 1598 peceatum
1636 1504 1782 1582 haerens
1796 1516 1832 1583 in
1850 1535 1974 1594 natma
1992 1529 2097 1601 etiam

63 1613 115 1681 fra
130 1610 290 1681 dicetur:
332 1608 489 1701 Spiritus
511 1623 651 1679 sanctus
675 1621 797 1697 arguet
819 1608 993 1674 mundum
1014 1606 1058 1673 de
1111 1631 1212 1677 causa
1232 1610 1338 1677 estin
1358 1634 1431 1677 non
1448 1611 1629 1697 credente,
1657 1626 1772 1683 tamen
1790 1621 1872 1711 quia
1890 1619 1956 1695 hoc
1972 1653 2097 1720 pecca·

61 1726 228 1805 peccato,
265 1712 445 1807 quianon
475 1712 627 1781 credunt
656 1709 695 1778 in
728 1733 794 1777 me.
847 1704 917 1778 Ubi
950 1707 1059 1796 igitur
1111 1723 1185 1779 tum
1209 1711 1341 1798 regitur
1364 1710 1432 1778 lide
1454 1712 1491 1779 in
1508 1707 1571 1781 'his
1593 1714 1654 1805 qcri
1670 1719 1840 1805 credunt,
1868 1727 2003 1798 etiamsi
2020 1758 2094 1805 ma.

60 1829 212 1885 nonest
235 1814 368 1903 agnitio
391 1812 674 1902 misericordiae,
701 1823 736 1880 et
757 1808 1057 1880 reconciliationis
1111 1826 1191 1880 neat
1216 1814 1350 1904 reipsa,
1377 1826 1494 1881 tamen
1518 1838 1589 1884 nou
1615 1818 1778 1905 damnat,
1802 1827 1862 1894 sed
1881 1831 1992 1918 gratia
2009 1860 2095 1907 eru.

56 1917 208 2009 ¹propter
223 1916 338 2007 filium
352 1916 562 2006 promissae,
588 1937 727 1983 necesse
743 1926 794 1983 εει
817 1913 918 2009 sequi
941 1923 1056 1981 aeter·
1110 1915 1209 1983 berat
1227 1938 1332 2004 supra
1350 1929 1542 2003 peccatum.

62 2045 143 2089 narn
182 2020 300 2111 iram:
352 2017 435 2111 quia
464 2030 645 2109 peccatum
676 2028 828 2085 nonest
857 2014 1056 2099 remissum,
1211 2013 1307 2087 llaec
1338 2018 1457 2084 omnia
1490 2018 1704 2091 videbantur
1724 2019 1914 2102 Pharisaeo
1944 2060 2094 2117 novant

61 2122 374 2191 sedcumulatum.
414 2116 589 2204 Econtra,
618 2119 678 2188 ubi
694 2117 875 2207 agnitione
893 2117 958 2185 lilii
975 2115 1054 2201 Dei,
1110 2119 1282 2201 absurda,
1315 2132 1349 2188 et
1375 2119 1412 2186 in
1437 2119 1642 2189 universnm
1670 2125 1783 2195 aliena
1808 2148 1890 2203 scint
1912 2160 1930 2205 a
1953 2140 2095 2216 indiciis

62 2239 94 2295 et
114 2224 186 2293 fide
209 2222 384 2313 accipitur
404 2222 565 2295 remissio
582 2234 825 2311 peecatorum,
859 2220 1057 2288 liberantur
1109 2216 1293 2300 humanis,
1319 2245 1407 2314 quae
1430 2235 1566 2291 tantum
1589 2223 1794 2317 intelligunt
1809 2233 1982 2308 iusticiam
1998 2245 2095 2337 legis.

63 2339 198 2397 mentes
220 2327 266 2395 ab
293 2325 345 2395 ira
368 2321 446 2397 Dei.
505 2319 649 2395 Dictum
674 2317 809 2393 Christi
834 2315 925 2389 nihil
949 2316 1055 2390 babet
1110 2322 1243 2392 Mirum
1268 2324 1406 2395 esttibi
1431 2324 1495 2413 ipsi
1520 2349 1662 2417 quoque
1685 2339 1887 2418 agnoscenti
1910 2349 2094 2420 tnamim.

62 2427 315 2513 salsenritatis,
365 2427 427 2523 ped
468 2420 654 2495 antithesis
693 2424 949 2494 consideranda
992 2434 1053 2493 est.
1109 2423 1356 2504 becillitatem,
1383 2428 1477 2516 quod
1498 2425 1595 2495 Deus
1617 2429 1767 2502 affirmet
1788 2459 1824 2504 se
1848 2440 1913 2511 tibi
1932 2448 2022 2518 velle
2039 2455 2094 2520 vi.

62 2527 445 2625 Pharisaeus,putabat
467 2528 545 2597 tolli
570 2542 767 2619 peccatum,
806 2526 952 2596 stiram
975 2519 1054 2614 Dei,
1108 2543 1179 2597 tam
1202 2528 1502 2611 aeternamdare,
1527 2534 1820 2621 propterfilium,
1848 2553 2096 2628 cumaclensis

65 2649 92 2701 ει
110 2633 188 2701 dari
207 2632 316 2700 vitam
336 2643 513 2701 aeternam
539 2644 682 2721 propter
705 2628 836 2716 legem,
862 2632 907 2696 de
926 2626 1054 2697 Messia
1109 2629 1273 2712 vitiosus,
1298 2630 1408 2719 magis
1424 2644 1699 2702 consentaneum
1716 2638 1780 2706 tibi
1796 2642 1991 2736 videretur,
2016 2656 2093 2729 fieri
2205 2694 2216 2703 -

64 2731 153 2803 nihil
170 2732 242 2803 tale
257 2733 452 2821 cogitabat,
477 2734 537 2800 sed
554 2731 754 2800 somniabat
776 2731 1054 2817 gubernaturum
1110 2726 1296 2799 haeredem
1320 2732 1412 2801 vitae
1436 2745 1614 2817 aeternae,
1647 2738 1674 2804 si
1699 2739 1736 2807 in
1758 2754 1792 2810 te
1814 2746 2095 2836 deprehenderes

63 2861 134 2907 esse
155 2835 285 2905 mundi
309 2833 511 2925 imperium.
564 2830 612 2903 Αι
634 2846 774 2903 econtra
802 2828 964 2904 Christus
986 2832 1054 2902 ait:
1109 2834 1274 2902 mir-ilices
1293 2835 1458 2917 virtutes,
1474 2834 1643 2905 'llammas
1661 2843 1793 2911 amoris
1808 2844 1895 2934 Dei,
1921 2860 2095 2931 excelleo.

62 2939 107 3009 ita
122 2938 203 3010 tolli
227 2951 406 3030 peccatum
429 2949 463 3005 et
487 2930 575 3003 iram
592 2932 741 3016 Dei,ac
763 2935 840 3003 dari
864 2933 971 3003 vitam
997 2958 1055 3002 ae·
1110 2956 1178 3006 tem
1204 2937 1315 3005 lucem
1335 2936 1506 3005 divinam.
1557 2934 1654 3007 Ilaec
1673 2946 1756 3033 quia
1772 2971 1843 3017 non
1858 2954 2095 3043 deprehendi,

63 3058 221 3125 ternam,
244 3040 274 3107 si
289 3036 474 3109 credamus
489 3038 527 3105 in
549 3032 813 3124 hunc-Filium,
840 3034 1007 3105 Messium
1023 3049 1056 3105 et
1110 3039 1146 3107 in
1173 3053 1225 3122 te,
1256 3041 1415 3123 dubitas,
1447 3052 1481 3107 at
1507 3035 1598 3107 hanc
1623 3043 1733 3132 ipsam
1757 3050 2016 3130 clariritationem
2040 3092 2094 3137 ra.

63 3143 294 3215 salvatorem.
1110 3136 1299 3233 prehendit
1334 3166 1401 3209 vox
1433 3137 1640 3227 Evangelii,
1678 3171 1769 3237 quae
1808 3152 1904 3225 iubet
1940 3168 2082 3238 credere

1109 3246 1203 3335 quod
1229 3241 1326 3313 Deus
1344 3256 1488 3335 propter
1512 3240 1626 3312 filium
1651 3250 1880 3325 mediatorem
1904 3285 1986 3332 vere
2011 3222 2096 3344 vetii

1108 3363 1142 3417 te
1158 3345 1331 3435 recipere,
1359 3359 1393 3417 et
1409 3345 1584 3417 exactdire.
1638 3346 1733 3422 llaec
1750 3359 1911 3431 exercitia
1930 3367 1997 3454 piis
2012 3392 2096 3446 nota
2216 3386 2220 3393 '

160 3444 349 3521 Sententia
363 3446 600 3518 damnationis
623 3470 698 3515 raon
721 3441 827 3516 hahet
852 3470 941 3537 opus
962 3471 1054 3516 nova
1109 3472 1182 3518 csse
1197 3450 1339 3517 debent.

61 3553 365 3646 promulgatione,
399 3551 482 3644 quia
511 3548 628 3620 statim
658 3563 735 3638 post
759 3549 896 3638 lapsum
921 3549 1052 3639 primo-

61 3682 137 3726 rum
154 3644 365 3745 parentum,
391 3674 557 3744 oppressa
573 3665 624 3720 est
639 3665 779 3742 peccato
795 3666 829 3721 et
847 3666 957 3721 morte
972 3653 1055 3720 uni·

60 3781 158 3827 versa
178 3758 383 3846 posteritas,
406 3770 551 3846 propter
566 3754 777 3822 sententiam
795 3768 876 3822 ante
892 3754 997 3822 latam
1016 3754 1054 3821 in

192 1160 273 1263 Qui
287 1160 401 1237 credit
420 1162 460 1234 in
482 1164 623 1275 speum,
650 1188 724 1234 non
740 1158 938 1236 iudicatur.

86 3308 166 3410 Qui
185 3322 306 3383 aulem
322 3338 395 3383 oon
418 3307 549 3393 credit,
576 3308 654 3379 iam
671 3305 858 3380 iudicatus
874 3318 942 3397 εει,
967 3318 1029 3384 etc.

1159 3617 1241 3690 Hoc
1265 3628 1329 3789 εει]
1339 3626 1459 3689 aretem
1486 3615 1683 3710 iudicium,
1720 3627 1822 3724 quod
1841 3629 1912 3706 lux
1937 3644 2031 3714 venit
2056 3649 2096 3719 in
2150 3664 2156 3669 '

1208 3746 1295 3790 naun
1327 3746 1399 3795 ianr.

60 3859 248 3930 Paradisu:
289 3857 408 3928 Morte
435 3856 607 3927 morieris.
669 3854 741 3924 lam
767 3856 875 3943 igitur
896 3855 1054 3936 iudicati,
1209 3856 1408 3941 Discernit,
1436 3872 1473 3926 ut
1491 3882 1595 3948 supra
1613 3862 1699 3944 dixi,
1726 3861 1898 3955 homines,
1925 3879 1986 3949 alii
2005 3889 2096 3955 acci·
2214 3862 2222 3871 .

61 3960 128 4032 hoc
158 3976 231 4046 est,
269 3959 430 4030 damnati
462 3973 545 4029 sunt
573 3980 697 4025 omnes
728 3953 901 4026 homines.
953 3954 1055 4027 Sicut
1108 3961 1213 4051 piunt
1247 3960 1377 4038 lilium,
1418 3961 1477 4028 alii
1511 3987 1583 4030 non
1618 3967 1805 4055 accipiunt.
1872 3976 1948 4048 Soli
1979 4002 2096 4059 aretam
2164 4012 2169 4017 ·

61 4064 196 4136 Paulus
211 4064 351 4157 inquit,
377 4060 483 4134 Rom.
498 4062 551 4134 3.:
587 4056 725 4130 Omnes
740 4073 991 4149 peccaverunt,
1017 4060 1052 4129 id
1108 4062 1319 4151 accipientes
1349 4062 1479 4146 hlium,
1516 4063 1605 4133 hnn't
1636 4069 1742 4153 salvi,
1776 4082 1902 4147 caeteri
1935 4109 2096 4173 pereunt,

64 4181 133 4253 est,
160 4167 217 4236 rei
232 4178 336 4251 suut,
362 4179 394 4234 et
412 4177 534 4233 carent
549 4162 661 4251 gloria
675 4161 754 4234 Dei.
799 4158 847 4230 Et
863 4165 905 4230 ad
922 4158 1052 4251 Ephes.
1108 4166 1299 4253 Accipiunt
1338 4178 1454 4233 antem
1492 4160 1528 4233 hi
1567 4169 1628 4260 qui
1663 4168 1895 4252 livangelinm
1932 4191 2082 4265 audium

63 4276 116 4344 2.:
142 4264 297 4339 Eremos
320 4280 446 4336 natura
471 4265 537 4333 filii
560 4267 643 4333 irae.
695 4263 754 4333 Sic
777 4264 1054 4333 antemfitlibe-
1108 4281 1305 4353 agnoscunt
1343 4290 1379 4334 se
1415 4290 1493 4335 reos
1532 4292 1622 4353 esse,
1670 4287 1703 4342 θῑ
1741 4277 1859 4348 afferri
1897 4287 2002 4358 vitam
2035 4248 2098 4386 pei

64 4374 173 4462 ratio,
199 4394 280 4441 cum
305 4369 374 4437 fide
397 4367 621 4457 agnoscimus
645 4365 776 4444 filium,
808 4379 843 4435 et
865 4365 1055 4453 accipimus
1108 4370 1240 4451 lilium,
1287 4363 1354 4437 hoc
1389 4382 1489 4437 vocat
1528 4372 1719 4454 iudicium,
1773 4381 1806 4447 id
1844 4401 1910 4471 ρει,
1956 4402 2097 4481 prapdff,

63 4472 408 4554 reconciliationem,
433 4484 525 4539 etex
550 4492 658 4558 regno
684 4470 910 4536 tenebrarum
931 4470 1053 4537 tradu-
1108 4472 1281 4540 cntionem
1312 4469 1499 4560 Evangelii
1531 4475 1575 4540 de
1608 4478 1822 4561 poenitentia
1857 4504 1889 4557 et
1919 4498 2098 4569 remissio-

62 4579 174 4647 cimur
188 4577 225 4643 in
242 4596 391 4661 regnum
416 4570 477 4640 filii
495 4568 580 4655 Dei,
607 4585 853 4659 etpervocem
870 4568 1053 4656 Evangelii
1108 4597 1154 4640 ne
1183 4586 1419 4663 peccatorum.
1470 4571 1609 4643 Lumen
1643 4581 1737 4650 vertit
1768 4584 1804 4651 in
1834 4598 2026 4679 rutundum,
2059 4607 2095 4673 id

62 4706 151 4749 nova
170 4677 267 4760 luce,
293 4675 411 4746 etvita
434 4689 576 4744 aeterna
595 4676 781 4740 donamur.
833 4669 923 4741 Cum
949 4673 1056 4761 igitur
1109 4689 1178 4759 εει,
1217 4671 1380 4743 Christus
1418 4675 1491 4763 ipse
1527 4678 1733 4762 praedicans
1769 4683 1834 4756 hoc
1863 4692 2096 4787 Evangelium

63 4779 289 4871 praecesserit
306 4779 487 4848 damnatio
512 4775 691 4864 complexa
714 4790 826 4845 totum
850 4797 960 4863 gentis
986 4771 1055 4842 hu·
1109 4780 1153 4847 dc
1183 4776 1397 4867 poenitentia
1426 4791 1459 4845 et
1488 4781 1696 4850 remissione
1725 4807 1966 4885 peccatorum,
2000 4818 2095 4898 quod

64 4909 231 4965 maniam,
255 4895 289 4951 et
308 4878 344 4949 hi
363 4879 425 4971 qvti
445 4902 516 4945 non
533 4879 749 4955 liberantur,
775 4891 941 4945 maneant
960 4876 996 4943 in
1016 4900 1054 4943 ea
1110 4879 1215 4947 etiam
1240 4892 1385 4969 propter
1401 4874 1582 4950 Christum
1606 4908 1744 4975 semper
1759 4890 1794 4958 in
1812 4892 1967 4975 Ecclesia
1983 4928 2083 4979 sonat

64 4987 313 5067 damnatione,
345 4993 439 5050 recte
459 4976 518 5048 hic
548 4980 693 5048 dicitur:
727 4975 799 5065 Qiri
831 5002 905 5045 non
934 4979 1057 5061 credit,
1109 4980 1179 5051 Sed
1212 4983 1362 5048 maxima
1387 5005 1468 5071 pars
1493 4986 1616 5054 mnndi
1642 4981 1738 5058 haenc
1763 4990 1943 5071 Christum
1973 5024 2007 5080 et
2030 4968 2097 5085 hoc·

63 5092 130 5158 iam
148 5090 325 5156 iudicatus
341 5098 402 5153 εει.
453 5064 1342 5171 Purrohaecipsademnatio,seu'Evangelium
1369 5099 1622 5174 contemnunt,
1671 5093 1825 5182 diligunt
1857 5098 2017 5180 leontiaes
2045 5133 2097 5187 to.

65 5195 113 5260 ira
130 5190 220 5279 Dei,
247 5189 310 5258 etsi
328 5212 368 5257 ex
384 5200 498 5254 morte
513 5198 547 5254 et
562 5186 708 5255 caeteris
726 5184 984 5254 calamitatibus
1001 5184 1057 5251 in-
1081 5254 1085 5303 Ι
1110 5187 1256 5265 nebras,
1282 5211 1353 5253 non
1379 5203 1573 5266 agnoscunt
1597 5210 1798 5280 peccatum,
1824 5226 1890 5273 nec
1908 5210 1995 5278 iream
2016 5214 2083 5288 Dii

65 5296 171 5383 telligi
191 5292 363 5371 debebat,
387 5302 503 5357 tamen
520 5287 625 5356 etiam
644 5286 751 5352 verbo
761 5285 830 5353 Dei
847 5308 909 5380 per
923 5284 1058 5369 Patres,
1081 5308 1085 5345 t
1110 5311 1174 5356 nec
1206 5289 1371 5357 invocant
1395 5286 1529 5369 Deum,
1561 5318 1624 5361 nec
1653 5317 1828 5386 qitzieruot
1857 5278 2096 5409 erisophoram:

67 5394 279 5490 Prophetas,
320 5389 502 5463 Christum
524 5404 556 5460 et
583 5384 774 5486 Apostolos
798 5387 972 5457 declarata
994 5403 1057 5474 cst,
1081 5432 1085 5461 ε
1111 5405 1144 5460 ει
1169 5393 1337 5476 verbum,
1364 5390 1400 5457 in
1428 5416 1498 5561 (ἐπεὶ
1517 5390 1612 5463 Deus
1634 5401 1801 5486 patefecit
1816 5430 1914 5477 stacam
1934 5422 2096 5493 colurna-
