4522 5782
118 214 198 297 sss
296 256 300 264 -
708 216 837 292 iiiu.
863 213 983 290 uei
1010 188 1552 292 smiifiueaaonrica

226 395 389 469 Secunda
412 393 580 463 obiectio.
619 391 700 463 Non
732 394 978 479 obtemperare
1000 390 1146 461 omni-t
1170 390 1266 460 locta
1280 384 1415 461 Christi
1441 390 1651 479 cogitantes,
1687 388 1810 483 aliquo
1832 391 2058 461 modoconii

122 504 191 574 bus
206 494 453 579 viribusDeo
479 510 531 565 est
547 511 749 588 peccatum
775 496 814 564 in
829 490 973 565 Christo
988 509 1039 565 est
1055 493 1120 562 ali
1142 467 1282 576 fiunt,
1310 516 1401 587 quae
1415 495 1552 562 fuerint
1568 493 1667 562 illius
1682 492 1820 562 doloris
1842 517 1978 565 censae.
2029 491 2059 564 E

122 628 194 700 qna
215 603 298 692 suga
324 599 466 670 mortis:
517 597 710 688 Quomodo
741 599 851 687 igitur
875 597 1009 668 dicitur
1031 597 1119 665 obe-
1169 594 1289 683 guli
1278 619 1318 663 in
1350 597 1488 685 magnis
1510 596 1699 666 doloribus
1721 597 1878 687 propriis
1909 597 2013 668 istam
2037 597 2059 665 li

123 701 908 793 dientiaintegraineoiuissesinepeccato.
952 696 1119 789 Respon-
1170 699 1390 768 intueantur.
1441 695 1549 786 Quod
1567 722 1647 769 cum
1662 700 1845 784 faciemus
1869 724 1944 770 non
1959 700 2059 771 solur

125 814 192 881 deo
208 808 379 879 breviter:
407 802 485 876 Etsi
502 799 590 874 haec
609 804 701 874 lucta
725 803 876 873 describi
902 802 1021 870 verbis
1043 824 1118 870 non
1170 801 1222 891 gis
1240 801 1392 890 intelligi
1407 801 1649 872 consternatio
1664 795 1799 874 Christi
1815 804 1957 893 poterit,
1982 804 2045 872 sed

124 925 265 1006 potest,
292 923 409 979 tamen
423 903 492 977 hoc
507 908 735 976 retinendum
760 920 831 987 est,
864 906 960 998 quod
987 905 1120 974 dicitnr
1168 903 1450 973 consolationem
1478 905 1556 973 ab
1545 905 1657 995 ipsius
1691 904 1852 996 exemplo
1881 919 1916 977 et
1936 907 2059 976 victori

123 1019 169 1085 ad
194 1011 287 1088 Heb.
312 1011 373 1097 4.,
403 1008 587 1081 Christum
611 1024 784 1079 tentatum
821 1030 894 1077 esse
923 1008 1117 1076 secundum
1168 1030 1326 1086 memus,
1354 1006 1437 1077 tulit
1458 1007 1555 1077 tilius
1571 1007 1636 1078 Dei
1657 1021 1729 1077 tam
1753 1002 1954 1079 horrendos
1978 1033 2060 1078 cruc

123 1118 265 1198 omnia,
307 1115 502 1185 secundum
529 1112 820 1194 similitudinem,
856 1110 933 1178 sine
963 1123 1116 1201 peccato.
1167 1109 1579 1203 feramusnosquoque.
1629 1108 1819 1181 Sustinent
1841 1126 1959 1181 autem
1981 1135 2048 1200 pro

123 1222 178 1292 Ac
198 1220 352 1311 primum
377 1216 544 1286 laceratio
570 1215 730 1304 corporis
752 1239 793 1282 ac
813 1237 1006 1283 nervorum
1029 1213 1118 1282 late-
1167 1211 1427 1302 interpellavit,
1452 1226 1487 1282 et
1508 1212 1613 1283 nobis
1627 1214 1833 1304 impetravit
1855 1214 2060 1303 mitigation

123 1324 247 1395 taliter
270 1322 372 1390 affert
407 1319 567 1388 dolorem
600 1318 678 1386 siue
709 1331 863 1411 peccato.
921 1314 986 1386 Est
1016 1328 1050 1385 et
1078 1315 1118 1383 in
1167 1314 1439 1395 liberationem,
1464 1317 1557 1386 sicut
1571 1316 1673 1385 dicit:
1708 1311 1876 1396 Omors,
1908 1341 2060 1387 eromor

123 1428 230 1497 corde
261 1439 295 1495 et
329 1422 513 1492 voluntate
551 1421 727 1490 naturalis
766 1419 947 1489 nioesticia
978 1418 1118 1508 fugiens
1166 1415 1245 1487 Hac
1267 1418 1337 1487 side
1358 1441 1425 1487 nos
1447 1418 1486 1486 in
1511 1418 1643 1489 nostris
1670 1419 2021 1491 consternationibus
2052 1446 2060 1487 t

123 1541 294 1616 mortem,
334 1548 424 1619 qnae
460 1524 498 1592 io
520 1518 664 1593 Christo
694 1525 771 1592 sine
803 1522 892 1592 vitio
912 1520 999 1605 init,
1033 1522 1116 1616 quia
1168 1543 1265 1605 mus,
1289 1515 1376 1591 haec
1390 1521 1606 1612 experientia
1628 1521 1823 1592 illustrabit
1848 1516 1940 1592 hanc
1955 1526 2060 1593 doctr

124 1631 242 1704 omnis
261 1642 387 1699 natura
403 1640 547 1696 onerata
564 1649 672 1718 supra
686 1628 779 1695 vires
806 1624 934 1715 gemit,
959 1637 998 1695 et
1011 1647 1119 1714 erpa·

209 1734 218 1750 .
360 1731 369 1749 .
442 1732 450 1746 .
654 1729 662 1744 .
846 1729 855 1744 .
919 1727 927 1743 .
1272 1666 1346 1744 laiii
1363 1675 1491 1745 ordine
1506 1696 1674 1765 personas
1689 1675 1726 1743 iu
1754 1674 1871 1765 primo
1896 1691 1977 1746 actu
1999 1700 2061 1746 coi

126 1748 235 1804 vescit
250 1732 535 1820 magnitudinem
559 1753 692 1798 oneris.
746 1724 873 1798 Doluit
888 1723 1031 1812 Cicero,
1056 1728 1118 1846 sed
1168 1801 1297 1850 remus·
1349 1774 1515 1849 Christus
1539 1778 1647 1848 sentit
1668 1781 1844 1849 cruciatus
1870 1778 2053 1867 ingenus,

123 1836 348 1915 inordinate,
383 1833 552 1901 dubitans
579 1855 624 1898 an
655 1833 700 1900 sit
723 1831 969 1921 providentia,
1003 1843 1065 1901 aut
1087 1853 1119 1898 si
1196 1881 1205 1898 .

306 1936 315 1954 .
408 1935 416 1950 .
561 1936 569 1951 .
724 1935 732 1949 .
1168 1876 1224 1950 his
1262 1882 1437 1965 luctatur,
1480 1880 1514 1950 et
1551 1881 1815 1972 precationibus
1838 1903 1874 1949 se
1903 1896 2061 1953 sustenta

123 1964 197 2010 esse
214 1939 476 2029 providentiam
493 1935 688 2024 cogitabat,
723 1955 876 2002 irascens
897 1935 990 2013 Deo,
1022 1936 1118 2052 quod
1168 1984 1449 2054 consolationem
1468 1983 1667 2074 experitur,
1693 2000 1827 2053 namet
1846 1986 1993 2074 angelus
2017 1988 2061 2055 ad

123 2065 227 2112 causa
243 2040 372 2109 iustior
391 2039 606 2109 vinceretur.
665 2034 767 2105 Talis
787 2035 950 2106 confusio
973 2037 1119 2105 dubita·
1511 2088 1519 2102 ,
1556 2086 1564 2102 ,

125 2147 266 2217 tionum
296 2155 332 2212 et
361 2133 663 2230 blasphemiarum
700 2162 775 2208 non
800 2139 909 2209 fuit·
897 2162 937 2207 m
961 2132 1119 2209 mmm·
1167 2087 1452 2157 confirmandum
1471 2098 1637 2159 mittitur.
1691 2084 1732 2154 ln
1749 2080 1815 2155 hac
1830 2087 1925 2156 lucta
1942 2089 2062 2158 verel

123 2246 308 2319 Praeterea
324 2243 462 2314 etiamsi
477 2243 597 2312 alius
587 2267 625 2311 in
644 2236 787 2312 Christo
809 2265 923 2310 maior
938 2240 1044 2310 dolor
1057 2256 1119 2325 est
1168 2190 1347 2360 flium&
1332 2212 1394 2258 ⁸⁸¹¹
1424 2211 1537 2278 ΨΜ
1559 2188 1624 2258 ΒΗ
1654 2189 1834 2258 ⁸⁰⁵¹¹¹¹0¹¹⁸
1860 2204 1981 2260 ”⁰⁵¹¹'2
2013 2205 2062 2282 9⁶

1204 2315 1274 2362 unc
1290 2292 1386 2361 enim
1404 2291 1455 2360 ira
1466 2288 1564 2361 Dei
1553 2316 1592 2359 in
1607 2314 1688 2361 eum
1705 2291 1915 2373 effunditur,
1940 2316 1980 2362 ac
1994 2295 2062 2363 tale

122 2363 164 2420 ut
180 2349 274 2433 dixi
299 2368 423 2416 sensus
447 2369 521 2414 irae
535 2343 620 2428 Dei
654 2357 773 2413 tamen
798 2340 856 2413 liic
883 2357 935 2413 est
960 2346 1038 2412 sine
1061 2345 1119 2412 in·
1167 2397 1249 2464 dem
1275 2419 1340 2486 cap
1340 2408 1380 2464 m
1401 2408 1454 2465 m
1477 2390 1666 2464 Ecclesiae
1718 2391 1816 2481 Quid
1841 2396 1985 2464 ,mmm
2006 2393 2060 2465 Et

125 2452 334 2547 dignatione
349 2463 382 2518 et
397 2443 618 2537 blasphemia
635 2449 802 2516 adversus
819 2445 948 2532 Deum,
975 2447 1119 2517 subiicit
1167 2497 1240 2568 ait,
1267 2492 1514 2589 Apostolinee
1536 2497 1821 2586 magnitudinem
1844 2495 2059 2569 dolorumc

122 2578 159 2624 se
174 2551 339 2624 Christus
354 2550 529 2621 voluntati
548 2549 658 2640 patris
680 2574 762 2619 vera
784 2549 1000 2632 reverentia,
1027 2550 1119 2619 sicut

122 2659 168 2728 ad
191 2654 285 2725 Heb.
308 2654 453 2723 dicitur:
495 2650 647 2743 Propter
675 2652 909 2722 reverentiam
932 2652 1118 2722 exauditus
1168 2600 1395 2690 ¹⁰¹⁰n¹g¹¹m⁹
1445 2624 1511 2669 ⁰⁰⁰
1541 2599 1645 2668 valde
1678 2613 1862 2688 anguntur
1898 2624 2049 2686 ³¹¹¹¹¹¹¹⁵

123 2775 193 2845 est,
219 2760 343 2841 idest,
368 2771 514 2847 propter
535 2755 776 2825 obedientiam
802 2779 877 2824 non
901 2754 1118 2834 simulatam,

121 2865 217 2933 seda
235 2885 317 2936 vera
341 2857 540 2928 reverentia
564 2870 696 2942 ortam,
723 2883 793 2952 qua
809 2880 845 2926 se
862 2856 956 2927 filius
972 2870 1117 2927 aeterno
1274 2908 1283 2924 .
1314 2910 1322 2926 .
1879 2907 1886 2922 .

1068 2961 1077 2977 .
1167 2923 1360 3001 praecipit,
1386 2922 1426 2979 ut
1443 2923 1546 2978 orent
1561 2907 1696 2991 Deum,
1723 2933 1768 2976 nc
1783 2922 2061 3000 opprimantnrt

1167 2703 1275 2773 etiam
1303 2725 1429 2772 somno
1461 2703 1667 2775 vincuntur.
1732 2705 1781 2773 At
1804 2698 1965 2775 Christus
1994 2705 2059 2772 obi

1168 2829 1248 2890 eos,
1273 2806 1370 2899 quod
1386 2829 1461 2875 uon
1476 2806 1547 2875 sint
1566 2805 1679 2894 magis
1694 2806 1881 2895 vigilantes
1898 2821 1931 2876 et
1947 2807 2063 2878 intent

120 2965 213 3060 patri
229 2963 352 3034 voleus
371 2961 505 3052 ingenti
520 2985 641 3031 amore
663 2960 803 3051 generis
825 2957 975 3030 humani
998 2962 1118 3081 subia-
1168 3012 1276 3084 tione·
1329 3009 1426 3080 Haec
1443 3012 1614 3098 panicula
1634 3012 1884 3081 universaliter
1899 3013 2014 3102 pingit
2032 3036 2063 3082 se

121 3069 181 3139 cit.
233 3063 352 3136 Huius
370 3064 459 3135 tanti
475 3063 606 3133 amoris
623 3064 789 3153 cogitatio
804 3064 941 3133 utinam
957 3063 996 3132 in
1012 3064 1117 3134 nobis

120 3168 384 3265 aliquantulum
402 3167 663 3238 accenderetur.
712 3166 891 3237 Assumsit
914 3187 1022 3255 genus
1046 3160 1117 3235 hu-

121 3297 268 3343 manum
292 3270 407 3355 lilius,
442 3283 479 3339 et
506 3291 544 3337 se
575 3283 676 3339 vocat
696 3271 842 3339 fratrem
865 3281 1047 3354 nostruin,
1083 3282 1117 3338 et

122 3377 282 3447 fraterno
298 3395 417 3441 amore
437 3396 519 3440 vere
546 3373 658 3446 ardet.
719 3366 820 3442 Nihil
844 3371 940 3440 enim
965 3371 1115 3441 simula·

122 3492 199 3550 tuin
229 3489 289 3545 aut
321 3473 489 3544 ficticium
515 3476 628 3544 estin
654 3469 818 3553 Christo,
861 3488 895 3544 et
920 3469 988 3544 hoc
1016 3487 1114 3546 tanto

120 3603 242 3650 amore
258 3592 440 3662 movetur,
466 3591 506 3647 ut
526 3600 601 3646 sese
625 3578 792 3647 subiiciat
815 3570 1006 3647 horrendis
1029 3601 1114 3669 poe·
1166 3538 1283 3595 [dmm
1298 3548 1363 3696 ⁰⁰¹⁵
1380 3549 1520 3605 'mn’
1541 3525 1635 3697 .κῖἰὲ
1660 3526 1886 3644 ‚⁶⁰¹¹fifffl3f1i
1912 3549 1958 3593 sse
1979 3539 2064 3598 ³¹11:

119 3684 196 3762 nis,
224 3694 258 3750 et
287 3681 360 3748 irae
382 3679 452 3750 Dei
475 3705 540 3770 pro
562 3680 678 3751 nobis.
737 3677 983 3750 Exuscitemus
1005 3680 1115 3769 igitur
1167 3653 1227 3698 ΜΕ
1250 3653 1331 3696 “⁸⁸¹¹
1351 3650 1387 3696 ⁰⁸
1412 3641 1519 3698 ΝΜ
1540 3651 1579 3696 ¹¹¹
1634 3652 1816 3719 museum
1839 3641 2059 3699 mmmmm

118 3808 186 3856 nos
206 3779 314 3854 huius
336 3782 469 3853 amoris
491 3783 723 3872 cogitatione
760 3796 801 3852 ut
822 3781 952 3852 fiduci,
975 3782 1114 3852 miseri
1166 3753 1354 3917 pptressae
1376 3729 1471 3800 mole
1494 3730 1733 3801 calamitatum
1764 3745 1969 3802 evertantur
1997 3732 2060 3801 des

1183 3857 1264 3903 ione
1306 3845 1348 3903 ut
1362 3830 1442 3913 Eli
1468 3832 1573 3916 Saul,
1599 3833 1663 3902 alii
1679 3833 1973 3903 innumerabiles
2014 3833 2065 3905 Se

119 3887 290 3959 cordiae
280 3907 393 3985 ipsius
414 3907 495 3974 erga
515 3909 582 3955 nos
606 3888 839 3971 accendatur,
874 3897 908 3955 et
933 3908 999 3955 nos
1021 3910 1140 4005 quo-i
1165 3932 1348 4009 menan
1374 3932 1715 4006 uisuntinEcdesi
1808 3937 1924 4005 uim
1967 3960 2036 4004 an

116 4016 186 4086 que
201 4012 306 4061 sensu
320 3988 441 4081 aliquo
456 3987 687 4076 gratitudinis
701 4011 921 4073 moveamur,
946 4002 986 4058 ut
1002 4012 1114 4079 magis
1136 3966 1140 4023 l
1165 3962 1226 4107 val
1351 3961 1373 4028 q
1719 3962 1757 4022 θ’
1783 3964 1805 4031 q
1925 3961 1944 4006 e
1988 3960 2065 4027 3⁰

1189 4051 1386 4109 ountatem
1403 4033 1470 4108 Dei
1491 4039 1537 4108 de
1558 4052 1698 4131 peccato
1724 4054 1758 4110 et
1781 4043 1825 4108 de
1848 4039 2065 4110 mediatoret

120 4087 589 4166 ⁸¹¹¹d²³¹¹¹⁰⁸ne⁰⁰bed¹¹‘·
1164 4155 1239 4221 sto,
1280 4155 1315 4211 et
1348 4140 1557 4230 intelligunt
1580 4143 1721 4211 dolores
1746 4137 1898 4225 Christi,
1939 4157 1974 4213 et
2003 4167 2065 4213 sen

221 4194 345 4264 Tertia
369 4194 542 4264 obiectio:
578 4192 780 4282 Pugnantia
805 4216 878 4264 non
900 4207 1051 4284 possunt
1073 4195 1111 4263 iu
1202 4245 1211 4262 .
1458 4245 1466 4260 ,
1509 4245 1518 4261 ,
2045 4245 2055 4263 .

118 4299 243 4369 eodem
266 4319 350 4366 esse.
401 4293 493 4367 Cum
515 4309 633 4366 antem
658 4291 823 4367 Christus
842 4318 982 4386 semper
1003 4297 1113 4369 suerit
1164 4245 1286 4364 ⁸i¹q⁰⁰
1305 4247 1414 4313 '⁰⁰⁶⁰
1438 4245 1752 4331 ⁸¹¹¹¹¹¹²⁸d⁰¹⁰¹²⁸⁹
1777 4246 2066 4339 ‘lelleclanlhl

116 4403 262 4488 beatus,
289 4398 396 4466 luisse
411 4423 492 4468 eum
512 4399 552 4467 in
575 4399 760 4470 excellenti
783 4398 917 4470 laetitia
940 4398 1111 4492 sequitur.
1163 4363 1318 4466 ¹¹.⁰⁰.‘¹⁰’
1343 4359 1383 4417 ¹¹¹
1398 4348 1482 4416 ωδε
1500 4372 1612 4441 ¹¹⁸q¹¹⁰
1627 4349 1672 4416 ὡ
1690 4364 1795 4419 “¹¹⁰⁰
1820 4362 2017 4470 mnium?
2034 4363 2066 4420 ll

118 4502 312 4593 Quomodo
349 4501 460 4590 igitur
495 4501 603 4572 simul
635 4515 687 4573 est
715 4515 815 4573 tanta
849 4501 1112 4573 consternatio?
1163 4475 1247 4570 ”im
1270 4447 1520 4531 ¹⁰⁶l¹¹⁵Ad³⁰’
1547 4447 1663 4536 ΝΜ
1689 4446 1875 4534 Abrahst’
1903 4450 2066 4538 M⁰³¹il

117 4603 349 4695 Respondes:
376 4600 455 4675 Etsi
474 4604 536 4673 alii
552 4605 760 4676 discernunt
775 4619 893 4697 partes
906 4626 968 4674 seu
984 4618 1110 4695 poten·
1163 4555 1238 4638 (ἡδ’
1264 4568 1328 4626 ⁰¹⁰⁰
1382 4549 2066 4674 ¹9⁸⁰femp⁰fepfl⁸⁵l⁰f¹l⁸M‘lffllfllss

1069 4709 1092 4725 ..
1164 4681 1230 4726 cur
1246 4668 1427 4746 pateretur
1442 4655 1548 4740 lilius,
1575 4668 1609 4725 et
1626 4680 1718 4725 socia
1735 4659 1803 4727 tuit
1818 4656 1999 4744 dolorum,
2025 4674 2061 4732 et

114 4709 183 4779 tias
206 4709 245 4775 in
263 4700 429 4791 Christo,
464 4720 498 4778 et
519 4707 598 4777 aliis
620 4709 785 4781 tribuunt
805 4709 998 4791 laeticiam,
1030 4708 1111 4779 aliis
1265 4758 1274 4774 .
1545 4757 1554 4774 .
1605 4759 1613 4775 .
1720 4761 1729 4777 .

114 4813 298 4890 dolorem,
339 4821 459 4879 tamen
487 4809 685 4902 simplicior
707 4812 891 4904 responsio
914 4824 987 4894 est,
1020 4826 1111 4882 tem·
1167 4759 1571 4850 ⁸t³⁰ufid²⁰¹p⁰⁰t³v¹i
1589 4759 1853 4832 ¹¹¹³⁸¹³¹¹⁰¹¹⁸¹⁰⁶

114 4939 202 5008 pora
220 4912 432 4987 discernere.
484 4909 562 4982 Hoc
585 4914 826 5005 tutaremus,
851 4914 890 4993 in
907 4913 1111 5006 qnobeati-
1261 4908 1420 4982 Econtra
1436 4934 1606 5002 personae
1631 4911 1821 4984 inferentes
1843 4915 1979 4985 bellum
2003 4911 2067 4987 Chi

114 5020 204 5088 tudo
221 5039 283 5086 seu
298 5016 412 5105 gloria
426 5039 503 5085 non
519 5016 619 5086 fulsit
632 5016 671 5086 iii
687 5014 785 5108 filio,
808 5030 849 5087 nt
863 5016 961 5087 alias.
1004 5013 1110 5087 Nunc
1161 5037 1253 5110 quae
1282 5026 1366 5083 sunt
1395 5014 1611 5106 principales
1635 5039 1758 5086 causae
1787 5018 2044 5104 certaminum,

115 5120 212 5191 enim
239 5118 442 5214 quiescente
461 5133 588 5189 natura
612 5120 758 5210 divina,
782 5132 817 5188 et
837 5142 912 5188 non
930 5131 1112 5189 exserente
1159 5118 1314 5238 diaboli,
1339 5116 1443 5208 impii
1467 5120 1667 5188 sacerdotes
1692 5132 1727 5188 et
1755 5143 1879 5191 eorum
1903 5122 2067 5192 doctores

113 5245 213 5293 suam
229 5221 446 5312 potentiam,
471 5221 561 5291 iacet
584 5215 818 5313 humiliatus,
843 5233 879 5290 et
894 5235 934 5291 ut
947 5221 1111 5293 tristissi
1159 5246 1200 5291 ex
1224 5222 1302 5312 ipso
1327 5234 1430 5291 coetu
1453 5217 1589 5291 Christi
1611 5223 1829 5313 proditores:
1863 5224 1997 5294 deinde
2021 5250 2068 5316 po

114 5347 173 5394 ina
186 5348 273 5394 voce
288 5324 422 5394 dicitur
437 5325 531 5415 apud
547 5319 636 5394 Esa
663 5321 997 5398 PercnssoseDeo.
1041 5323 1110 5395 His
1159 5326 1402 5414 magistratus,
1433 5338 1467 5394 et
1482 5348 1635 5394 maxima
1654 5347 1734 5417 pars
1755 5329 1900 5419 populi,
1925 5340 1961 5397 et
1981 5328 2045 5397 alii

115 5424 256 5497 tribus
262 5426 483 5515 argumentis
511 5426 764 5515 consideratis,
803 5428 886 5528 piae
906 5440 1045 5498 mentes
1064 5427 1110 5498 de
1159 5420 1294 5500 habent
1315 5448 1450 5504 cauus
1513 5423 1662 5520 Diaboli
1684 5430 1812 5502 ardent
1835 5429 2048 5523 simpliciter

1166 3127 1274 3185 tatem
1301 3126 1335 3183 et
1359 3115 1610 3203 negligentiam
1634 3137 1782 3204 magnae
1806 3114 1914 3232 partis
1940 3115 1978 3182 in
1995 3111 2064 3184 Ecc

1168 3217 1330 3286 nondum
1347 3217 1533 3287 sentientis
1548 3240 1749 3301 aerumnas,
1775 3217 1879 3288 etiam
1896 3242 1977 3286 cum
1994 3217 2058 3285 alii

1166 3319 1348 3389 flictantur
1371 3318 1576 3409 ingentibus
1599 3319 1761 3389 miseriis.
1819 3316 1888 3389 Hic
1909 3333 2033 3390 monet
2056 3326 2064 3383 t

1170 3438 1266 3505 stus,
1293 3435 1331 3491 ut
1349 3422 1501 3491 sciamus
1515 3446 1705 3492 commune
1721 3423 1918 3515 periculum
1938 3445 2024 3509 esse,
2051 3448 2064 3492 e
