4522 5782
109 164 189 289 aas
347 150 409 273 J,
703 146 972 233 ramum.
996 130 1537 235 marcesserunt.
2067 150 2143 255 rso

118 331 389 435 starcquaebie
406 331 605 429 pollicetur.
657 327 848 421 inligamus
871 351 953 420 ergo
969 327 1098 399 animis
1154 354 1228 401 rem
1250 354 1345 422 esse,
1370 343 1410 401 ut
1431 333 1577 415 doceat,
1603 344 1655 402 est
1679 330 1854 422 obligatus
1881 330 2053 403 mandato
2077 326 2144 401 nei

112 442 182 517 hoc
204 442 338 513 dictum
354 435 476 507 Pauli:
509 432 591 505 Non
613 435 723 523 pudet
747 456 802 501 me
826 428 1034 521 Evangelii,
1060 443 1103 501 ut
1155 435 1198 503 ad
1215 429 1282 505 hoc
1298 456 1441 503 munus.
1495 431 1544 505 At
1567 433 1755 506 Pontifices
1778 459 1823 503 ne
1845 433 1974 504 volunt
1999 431 2141 526 quidem

113 569 179 618 nos
196 538 361 615 adversus
375 538 507 610 iudicia
525 535 720 626 impiorum
734 534 857 621 erigat.
891 528 969 603 Etsi
983 546 1101 603 autem
1155 538 1303 620 docere,
1343 537 1402 605 sed
1428 550 1565 606 tantum
1597 537 1782 631 tyrannico
1807 560 1905 606 more
1929 532 2143 605 dominatio·

114 650 154 721 in
179 643 323 717 exordio
347 642 509 712 nondum
533 638 689 729 disputat
704 634 859 722 Paulus,
882 649 1001 706 tamen
1016 628 1103 705 haec
1155 662 1238 706 nem
1262 639 1364 710 tueri.
1415 624 1726 709 Confirmaverunt
1746 638 1944 708 idolatriam
1965 637 2004 705 in
2020 630 2141 707 Eccle-

47 808 51 823 .
113 744 231 846 ἠθικὰ
249 744 434 845 continent
449 736 607 838 quinque
619 738 724 811 utiles
738 739 845 809 locos.

186 932 191 945 ι
213 881 360 953 Primus
375 893 427 950 est
449 880 494 948 de
518 877 616 946 cultu
640 874 830 966 spirituali.
882 872 947 944 Ait
969 895 1005 943 se
1029 894 1104 941 ser·

116 986 193 1056 vire
209 978 287 1055 Deo
303 983 341 1053 in
357 981 506 1074 spiritu,
533 1002 595 1070 per
610 1001 739 1047 munus
753 976 1003 1049 concionandi.
1036 972 1106 1045 Hic

116 1091 220 1160 docet
244 1085 470 1178 praecipuum
494 1083 627 1152 cultum
651 1102 741 1164 esse,
767 1082 895 1148 docere
917 1092 951 1148 et
969 1077 1105 1147 discere

8 1260 13 1268 ,
116 1186 373 1277 Evangelium,
398 1186 494 1279 quod
520 1182 722 1251 meminisse
744 1182 895 1251 studiosi
914 1194 949 1250 et
971 1181 1021 1270 pii
1044 1180 1107 1248 de-

117 1293 225 1380 bent,
253 1307 292 1362 ut
307 1284 374 1358 hos
391 1288 508 1357 cultus
523 1285 657 1354 maiore
674 1307 757 1354 cura
774 1282 850 1352 Deo
867 1295 1057 1374 praestent.

222 1422 407 1495 Secundus
427 1432 479 1489 est
496 1419 540 1487 de
558 1430 683 1486 mutua
700 1416 980 1488 confirmatione.
1016 1413 1109 1484 Pau-

119 1529 177 1596 lus
201 1524 306 1614 cupit'
323 1523 405 1590 illos
429 1525 557 1591 docere
577 1532 612 1588 et
635 1517 862 1602 confirmare,
888 1542 928 1588 ac
950 1517 1106 1586 vicissim

120 1631 167 1698 ab
182 1629 232 1696 eis
251 1624 405 1696 excitari.
471 1620 526 1692 De
544 1616 610 1691 hac
624 1633 748 1689 mutua
763 1621 1029 1690 confirmatione
1051 1621 1108 1688 in-

122 1723 422 1823 quitChristusad
436 1723 596 1793 Petrum:
623 1719 669 1791 Et
686 1735 725 1791 tu
735 1744 927 1790 conversus
941 1722 1109 1790 confirma

120 1835 248 1901 fratres
264 1843 358 1902 tuos.
408 1822 559 1895 Prodest
575 1824 642 1914 piis
657 1824 780 1893 audire
797 1824 937 1915 piorum
958 1836 993 1893 et
1014 1824 1109 1914 peri·

122 1948 241 2006 torum
259 1928 461 2000 testimonia
476 1929 520 1997 ‹le
538 1926 712 1997 doctrina.
809 1974 812 1981 ι

129 2056 137 2065 ’
217 2064 371 2136 'Tertius
394 2066 438 2135 de
466 2062 659 2155 apostolico
680 2062 808 2133 officio.
860 2063 1028 2147 Debitor,
1053 2060 1112 2130 in-

124 2170 222 2267 quit,
246 2192 325 2241 sum
341 2168 558 2259 sapientibus
575 2179 608 2235 et
625 2164 888 2256 insipientibus.
942 2162 1110 2235 Gloriosa

122 2272 281 2367 profecto
303 2293 371 2339 vox
392 2269 543 2339 videtur.
601 2264 720 2337 Audet
737 2263 930 2358 Apostolus
954 2266 1111 2355 profiteri

125 2398 162 2445 se
180 2373 284 2444 etiam
303 2371 477 2463 sapientes
494 2393 593 2462 posse
610 2369 746 2438 (locere.
797 2366 924 2454 Qtralis
946 2364 1031 2437 haec
1054 2392 1111 2437 ar·

125 2473 285 2564 rogantia
310 2472 383 2543 visa
415 2486 465 2541 est
492 2470 696 2560 proceribus
718 2466 911 2560 Romanis,
950 2493 1111 2540 erronem

126 2577 298 2648 Iudaeum
318 2573 479 2666 polliceri
501 2596 538 2642 se
561 2571 667 2642 ctiam
690 2571 889 2661 sapientum
907 2571 1112 2661 magistrum

127 2677 224 2752 etse?
257 2674 462 2771 Pleruuque
484 2673 691 2743 excellentes
714 2672 867 2762 ingeniis
884 2687 918 2743 et
940 2674 1114 2758 doctrina,

127 2780 333 2875 praesertim
355 2779 385 2847 si
408 2779 547 2848 accedat
563 2776 741 2867 persuasio
757 2775 951 2845 sanctitatis
968 2777 1011 2843 de
1028 2798 1114 2860 sese,

127 2874 282 2953 nimium
299 2903 334 2948 se
349 2879 418 2977 ipsi
433 2879 676 2959 admirantur,
701 2901 741 2946 ac
757 2877 823 2945 sibi
840 2877 981 2945 divinos
997 2870 1113 2946 hono·

128 3006 185 3055 res
202 2981 313 3053 tribui
331 2982 529 3072 postulant,
556 2979 678 3073 quales
703 2979 777 3047 vidi
800 2979 951 3073 aliquos.
1004 2978 1114 3050 Tales

129 3110 170 3159 ex
184 3085 256 3155 alto
273 3082 473 3175 despiciunt
489 3080 658 3167 Paulum,
692 3105 732 3151 ac
753 3080 917 3150 derident
939 3075 1031 3149 hanc
1050 3106 1114 3149 vo·

129 3210 223 3269 cem,
261 3209 332 3280 qua
357 3209 394 3255 se
412 3184 657 3275 magistratum
688 3205 763 3252 esse
791 3183 989 3274 sapientum
1015 3182 1113 3257 dicit.

130 3288 200 3360 Sed
219 3310 284 3358 uos
301 3287 568 3358 meminerimus
579 3285 792 3376 Apostolum
809 3307 902 3365 esse,
925 3286 987 3377 qui
1012 3284 1116 3355 affert

130 3413 205 3458 non
242 3383 435 3481 humanam
468 3387 692 3471 doctrinam,
731 3387 791 3456 sed
824 3386 1033 3457 coelestem:
1076 3399 1116 3456 nt

129 3486 247 3574 Elias,
271 3486 448 3575 Elisaeus,
472 3484 615 3579 Esaias,
638 3501 738 3561 erant
751 3485 890 3578 Regum
913 3505 947 3561 ct
965 3487 1117 3559 Pontifi-

131 3616 213 3662 cum
238 3593 399 3663 doctores
425 3605 459 3663 et
486 3592 761 3682 gubernatores,
793 3593 844 3660 sic
870 3591 1056 3661 audiamus
1083 3604 1118 3660 et

131 3692 297 3779 Paulum,
322 3718 388 3765 nec
404 3695 534 3786 pudeat
547 3692 720 3784 sapientes
734 3715 755 3763 a
770 3691 850 3763 Deo
867 3693 1011 3776 discere,
1035 3717 1115 3762 curn

131 3800 235 3867 toties
260 3796 482 3888 experiamur
510 3792 701 3865 humanam
730 3795 940 3887 sapientiam
966 3796 1118 3884 turpiter

132 3893 347 3971 hallucinari
367 3923 407 3968 ac
425 3897 547 3989 procul
564 3899 746 3977 deerrare,
770 3910 813 3968 ut
833 3920 956 3966 omnes
979 3896 1118 3985 sapien-

132 4012 184 4069 tes
199 4002 335 4093 quaesti
352 4014 445 4075 sunt.
474 3992 520 4071 Et
537 3998 636 4069 Deus
650 3997 785 4093 inquit:
812 3996 961 4067 Perdam
978 3997 1118 4087 sapien-

1155 741 1224 823 sia,
1257 756 1371 810 ortam
1393 764 1413 809 a
1438 742 1601 824 diabolo,
1635 740 1802 812 videlicet
1825 735 2140 832 prophanationem

1157 865 1284 911 coenae
1307 839 1476 926 Domini,
1508 844 1769 913 invocationem
1796 840 1987 923 divorum,¹
2016 836 2141 909 Mour-

1157 937 1322 1035 chatum,
1360 958 1394 1013 et
1425 944 1566 1013 similia.
1631 942 1942 1014 Confirmaveruut
1980 940 2141 1011 libidines

1158 1046 1292 1113 nefaria
1309 1046 1384 1135 lege
1406 1047 1449 1113 de
1468 1047 1655 1117 coelibatu.
1707 1044 1811 1115 Nunc
1829 1043 2023 1125 admoniti,
2050 1066 2139 1113 mor·

1159 1148 1259 1216 dicus
1282 1152 1433 1217 retinent
1451 1149 1648 1217 teterrimos
1664 1171 1800 1217 errores
1819 1164 1852 1217 et
1875 1144 2140 1236 turpitudinem,

1159 1274 1199 1318 ac
1214 1274 1258 1317 ne
1275 1249 1417 1343 quidem
1445 1263 1652 1338 praetexunt
1678 1250 1900 1328 doctrinam,
1926 1249 2087 1318 fatentur
2108 1267 2138 1315 te

1160 1375 1296 1435 errare,
1328 1354 1388 1420 sed
1411 1352 1514 1423 aiunt
1537 1376 1641 1442 opes,
1674 1353 1887 1440 potentiam,
1920 1349 2138 1419 autoritatem

1161 1450 1455 1545 propugnandam
1490 1477 1576 1528 esse,
1647 1452 1732 1524 ldeo
1768 1467 1904 1523 tantum
1940 1451 2139 1521 crudelitate

1160 1556 1415 1645 suppliciorum
1435 1557 1631 1625 defendunt
1647 1580 1708 1625 sua
1726 1557 1874 1639 scelera,
1900 1566 1939 1622 ut
1955 1542 2139 1643 Nabugdol

1161 1681 1270 1731 nosor
1292 1657 1393 1727 iussit
1415 1658 1454 1726 in
1484 1660 1662 1727 fornacem
1691 1681 1869 1728 accensam
1902 1655 2004 1724 inlici
2027 1674 2141 1724 omnes

1163 1760 1224 1853 qui
1252 1760 1391 1830 nollent
1413 1762 1560 1828 adorare
1581 1774 1742 1833 statuam.
1794 1758 1940 1829 Summa
1965 1755 2142 1825 dissimili·

1162 1864 1248 1932 tudo
1271 1875 1322 1930 est
1345 1863 1437 1931 inter
1461 1860 1674 1953 Apostolum
1698 1875 1733 1931 ct
1755 1875 1968 1954 tyrannum,
1995 1872 2038 1929 ut
2057 1860 2140 1927 inter

1163 1965 1240 2054 pios
1264 1954 1406 2054 angelos
1429 1980 1464 2033 et
1485 1966 1658 2039 diabolos.
1710 1961 1802 2033 Nam
1824 1977 1859 2032 et
1877 1961 1965 2030 boni
1990 1961 2144 2031 doctores

1163 2078 1335 2135 vocantur
1359 2066 1473 2155 angeli
1491 2064 1557 2135 Dei
1584 2067 1676 2155 apud
1697 2059 1934 2144 Malachiam,
1972 2077 2007 2134 et
2030 2076 2145 2157 tyran·

1163 2191 1231 2237 uus
1246 2180 1296 2237 est
1314 2193 1393 2237 vere
1407 2168 1722 2258 organumdiaboli
1740 2168 1941 2235 inmundo.
1969 2162 2058 2235 Ideo
2067 2159 2145 2234 hacc

1165 2270 1270 2339 verba
1287 2266 1390 2341 Pauli
1405 2271 1594 2357 diligenter
1607 2272 1862 2360 expendamus,
1892 2291 1982 2360 quae
2006 2267 2147 2360 quidem

1164 2385 1337 2444 testantur
1363 2372 1551 2441 Pontifices
1573 2374 1797 2440 adversantes
1823 2367 2044 2458 Evangelio,
2079 2388 2148 2436 non

1164 2496 1238 2544 esse
1270 2469 1454 2544 habendos
1496 2498 1559 2564 pro
1590 2471 1778 2564 Episcopis
1824 2495 1865 2541 ac
1893 2470 2150 2542 successoribus

1165 2575 1443 2665 Apostolorum,
1481 2579 1541 2644 sed
1572 2576 1737 2646 vitandos
1768 2589 1935 2666 tanquam
1969 2587 2174 2667 tyrannos,¹

1165 2678 1292 2748 eiectos
1307 2691 1404 2747 extra
1419 2700 1537 2744 veram
1551 2675 1757 2751 Ecclesiam.
1808 2673 2007 2766 Episcopus
2024 2688 2075 2743 est
2092 2676 2150 2743 de·

1165 2780 1258 2848 bitot
1284 2780 1519 2849 conscientiae
1550 2780 1705 2859 subditi,
1748 2802 1858 2871 quare
1886 2802 1958 2847 uon
1990 2778 2096 2846 debet
2118 2774 2150 2846 ei

1167 2881 1276 2969 legem
1292 2882 1494 2971 imponere,
1520 2883 1635 2973 qualis
1661 2896 1713 2951 est
1736 2882 1790 2949 lex
1813 2883 1856 2949 de
1878 2879 2075 2964 coelibatu,
2097 2876 2150 2947 cui

1166 2985 1241 3051 sine
1256 2983 1445 3053 sceleribus
1463 2997 1494 3053 et
1514 2983 1709 3053 offensione
1728 2983 1793 3053 Dei
1813 2984 2150 3072 obtemperare‘nou

1168 3097 1291 3176 potest.
1342 3082 1480 3153 Deinde
1498 3086 1664 3154 satellites
1687 3098 1939 3180 tyrannorum,
1968 3083 2152 3173 scriptores

1167 3201 1202 3256 et
1219 3180 1388 3255 Monachi
1409 3210 1499 3280 quos
1521 3188 1672 3257 docent?
1697 3186 1927 3274 sapientibus
1951 3196 2152 3275 proponunt

1167 3288 1321 3380 pueriles
1336 3290 1560 3386 traditiones,
1586 3293 1631 3358 de
1647 3289 1795 3371 vestitu,
1819 3290 1863 3357 de
1877 3287 1978 3371 cibis,
1992 3288 2039 3355 de
2056 3308 2150 3377 pom-

1168 3392 1228 3483 pis>
1248 3390 1538 3460 ceremoniarum.
1613 3388 1687 3458 Has
1708 3404 1839 3461 ornant
1867 3402 1900 3458 et
1921 3389 2069 3479 pingere
2089 3387 2150 3457 iem

1170 3493 1372 3585 eloquentia
1395 3492 1587 3582 incipiunt:
1619 3494 1710 3563 sicut
1733 3516 1829 3560 ntsuc
1852 3491 1998 3584 quidam
2027 3491 2150 3577 allego-

1169 3595 1239 3663 rias
1255 3607 1415 3683 gestuum
1442 3595 1479 3662 in
1503 3594 1644 3684 templis
1670 3593 2007 3675 comminiscuntur,
2033 3593 2076 3661 ad
2097 3614 2149 3661 ex·

1170 3699 1361 3767 cusandam
1386 3696 1685 3785 superstitionem.
1752 3694 1848 3764 Haec
1875 3694 2041 3764 doctrina
2069 3692 2148 3787 quid

1169 3800 1335 3868 conducit
1352 3799 1593 3890 sapientibus?
1619 3799 1681 3891 qui
1698 3809 1910 3867 revocantur
1923 3799 1967 3865 ad
1986 3797 2148 3886 puerilem

1170 3899 1421 3990 disciplinam,
1460 3915 1495 3971 ct
1524 3897 1654 3991 πτωχὰ
1686 3901 1848 3991 στοιχεῖα
1874 3891 2039 3991 κόσμου,
2077 3917 2148 3967 cun

1170 4002 1294 4072 audire
1322 4002 1492 4071 deberent
1519 4003 1716 4071 doctrinam
1743 4003 1899 4090 ignotam
1920 4000 2074 4086 rationi,
2110 3999 2147 4066 de

69 4194 72 4203 .
134 4103 218 4171 tiam
243 4103 461 4193 sapientum,
488 4116 528 4173 ut
551 4101 709 4193 profecto
733 4098 894 4170 omniurn
918 4113 1118 4189 temporum
1171 4103 1401 4174 interioribus
1424 4104 1540 4189 vitiis,
1571 4106 1615 4173 de
1631 4105 1872 4185 dubitatione,
1898 4099 2148 4180 dediffidentit,

134 4198 303 4271 historiae
325 4205 539 4283 ostendunt,
580 4216 614 4272 et
636 4201 844 4295 quetidiana
866 4201 937 4270 vita
960 4214 1118 4271 testatur.
1172 4206 1215 4274 de
1238 4205 1448 4290 securitate,
1482 4206 1526 4274 de
1547 4205 1782 4274 admiratione
1804 4218 1945 4274 nostrae
1968 4203 2146 4298 sapientiae

134 4301 291 4373 Pertinet
315 4318 430 4375 autem
447 4307 490 4376 ad
510 4304 673 4393 Apostoli
696 4302 852 4374 officium
869 4316 1038 4395 utrosque
1054 4304 1121 4372 do·
1173 4323 1208 4379 et
1233 4307 1412 4388 iusticias,
1456 4307 1501 4375 de
1534 4306 1737 4376 infirmitate
1766 4320 1956 4401 quaerente
1988 4303 2147 4398 praesidis

135 4428 226 4487 cece,
249 4406 422 4496 sapientes
437 4422 472 4478 et
488 4406 706 4497 insipientes,
720 4417 950 4495 attemperare
964 4427 1000 4472 se
1015 4402 1120 4472 etiam
1173 4404 1328 4478 humana
1353 4420 1475 4478 contra
1498 4412 1664 4479 mandata
1688 4405 1767 4478 Dei.
1827 4409 1928 4480 Sicut
1950 4432 2050 4500 reges
2074 4406 2147 4479 luda

135 4508 178 4575 ad
198 4506 428 4578 imbecillium
446 4523 587 4600 captum
603 4507 729 4588 debet,
753 4507 843 4579 sicut
856 4503 987 4576 Paulus
1005 4505 1122 4598 inquit
1173 4511 1424 4597 confugiebant
1446 4510 1516 4579 iarn
1535 4514 1578 4581 ad
1596 4509 1779 4606 Assyrios,
1807 4511 1877 4579 iam
1895 4512 1938 4579 ad
1956 4511 2148 4607 Aegyptios,

90 4646 92 4650 Α
139 4608 261 4678 lCor.
277 4610 328 4682 3.:
356 4608 406 4682 Ut
426 4609 647 4692 carnalibus,
674 4622 714 4678 ut
734 4608 900 4682 infantib.
924 4608 963 4676 in
979 4602 1121 4679 Christo
1175 4636 1253 4681 cum
1270 4608 1346 4680 Deo
1363 4612 1577 4684 diffiderent.
1621 4610 1761 4684 Rursus
1780 4613 1937 4702 erigendi
1954 4628 2057 4685 erant
2072 4608 2148 4681 verit

136 4709 481 4794 concionatussum,
506 4713 595 4780 lacte
620 4710 831 4804 vospotavi.
885 4709 936 4781 lta
962 4711 1123 4778 doctores
1174 4712 1479 4783 consolationibus
1518 4713 1783 4806 spiritualibus,
1836 4738 1881 4783 ne
1921 4717 2150 4796 succumbant,

136 4824 171 4882 et
185 4813 438 4902 gubernatores
452 4808 691 4883 Ecclesiarum
715 4826 917 4905 proponant
938 4810 1062 4900 utilia,
1090 4825 1124 4881 et
1175 4839 1255 4884 cum
1276 4810 1562 4887 fefellerunt'eos
1583 4811 1739 4886 humana
1760 4816 1909 4888 consilia
1931 4829 1993 4886 aut
2016 4806 2172 4885 humaui

137 4936 173 4981 se
197 4916 239 4983 ad
264 4916 475 4987 discentium
498 4926 637 5006 captum
661 4928 902 5004 attempecent.
963 4910 1124 5005 lmpcriti
1175 4938 1323 4989 errores.
1388 4914 1557 4988 Haereat
1581 4919 1779 5008 sapientum
1805 4918 1987 5001 doctrina,
2028 4918 2067 4986 in
2094 4936 2161 5011 qua,

137 5030 171 5086 et
189 5016 312 5097 rudes,
339 5043 419 5090 cum
433 5036 516 5088 ‘non
540 5017 692 5087 audiunt
705 5016 834 5084 diserte
852 5013 1041 5106 explicata,
1067 5012 1125 5081 in·
1176 5019 1299 5088 crescit
1316 5017 1448 5106 agnitio
1462 5016 1541 5093 Dei.
1592 5017 1783 5107 Quomodo
1805 5021 1975 5091 erudiunt
1993 5019 2153 5111 insipieu-

137 5120 277 5187 tecdum
301 5119 405 5191 falsas
429 5119 671 5213 persuasiones
692 5115 917 5205 concipiunt,
958 5128 999 5185 ut
1022 5138 1125 5214 saepe
1178 5117 1252 5188 tes?
1276 5115 1357 5188 Duo
1372 5142 1498 5208 genera
1515 5122 1696 5192 doctrinae
1712 5123 1973 5213 regnantapud
1999 5124 2156 5192 adversa·

139 5219 386 5298 animadverti,
438 5221 511 5293 lam
536 5222 579 5289 so
604 5219 792 5310 imaginem
811 5213 913 5287 Pauli
939 5217 1126 5287 conferan·
1178 5220 1271 5290 rios:
1307 5218 1522 5315 Labyrinthi
1544 5223 1790 5316 quaestionum
1813 5223 1852 5292 in
1877 5222 2160 5314 Longobardum,

139 5332 196 5386 tur
212 5316 398 5397 Pontifices
420 5339 455 5395 et
471 5314 651 5394 Monachi.
704 5316 836 5391 Paulus
856 5318 906 5392 ait
930 5341 965 5389 se
984 5319 1126 5389 debito·
1177 5346 1266 5416 quos
1292 5346 1336 5393 ne
1360 5322 1427 5416 ipsi
1454 5325 1597 5418 quidem
1622 5325 1836 5417 professores
1866 5312 2099 5417 intelligunt:
2128 5338 2158 5395 et

1860 5438 1877 5466 l
