4522 5782
116 224 207 305 447
424 248 427 252 ·
728 222 855 305 euti.
879 224 997 311 ΜΠ..
1022 228 1236 310 sutura
1261 230 1563 314 umectus.
1657 242 1682 300 ·'
1742 288 1750 305 ·
1781 234 1784 241 '
1814 238 1839 245 ''
2078 244 2162 327 ··tst

517 393 742 498 Propositio.
1177 430 1261 479 men
1283 413 1528 500 consentiunt,
1561 408 1598 483 id
1622 425 1698 502 est,
1730 412 1772 484 io
1792 414 1900 525 eorde
1923 414 2088 517 impuros
2106 420 2162 493 atl-

234 534 341 609 Fides
362 549 415 608 est
438 533 590 611 iusticia.
648 530 825 608 Additum
843 536 900 609 'est
927 533 1127 632 Prophetae
1175 511 1287 585 ΜΝ
1303 508 1448 590 habent.

134 640 401 714 testimonium:
431 636 549 711 lustus
564 663 606 710 ex
621 636 691 710 lide
708 639 815 715 viret.
1277 629 1416 705 Nostris
1438 632 1661 726 temporibus
1685 634 1832 729 quidam
1855 636 2023 713 similiter
2047 641 2162 737 dispu-

861 816 866 825 ,
1175 743 1252 804 tant
1272 735 1441 808 adversus
1467 759 1544 822 eos,
1577 737 1640 832 qui
1662 738 1746 809 fidei
1762 740 1940 813 iusticiam
1958 742 2162 825 defenduut.

249 821 527 929 Propositsbnis
553 821 753 924 expolitio,
780 831 812 897 et
837 822 1010 924 repetitio.
1174 829 1313 926 Negant
1335 862 1458 911 omncs
1481 832 1645 912 homines
1674 854 1802 915 natura
1822 845 1890 914 sub
1916 860 2062 939 peccato
2086 870 2162 935 esse,

232 962 331 1055 Quia
348 966 511 1057 pluribus
526 961 643 1034 verbis
663 960 894 1055 principalem
910 962 1125 1056 propositio-
1175 949 1209 1006 εἴ
1240 942 1462 1062 ⁰⁰⁰l⁸¹¹dP¹¹l
1498 943 1594 1037 (1¹¹⁰d
1631 943 1738 1015 Μ*
1774 945 1943 1067 ⁰P⁸¹313¹¹⁸
1980 948 2161 1068 {nummi

129 1089 232 1153 nem,
258 1091 364 1162 quam
386 1068 494 1138 modo
514 1065 639 1136 leviter
651 1064 785 1153 attigit,
812 1065 1018 1156 explicabit,
1042 1067 1123 1139 ideo
1174 1055 1316 1161 queaf‘l·
1358 1041 1408 1114 H¹
1425 1057 1563 1125 lanium
1581 1059 1762 1117 ‘mmm
1780 1049 1970 1121 ‘idffl‘m
1988 1051 2160 1124 ¹⁰⁸¹3⁰l⁸¹⁰

126 1169 363 1262 praeponitur
386 1170 558 1261 quaedam
582 1167 796 1258 proposffio’
828 1191 893 1259 pe,
914 1193 1019 1262 quam
1044 1192 1123 1260 gn,
1172 1158 1376 1266 'reqqrrunc
1437 1144 1487 1219 At
1508 1144 1742 1269 Evangelium
1770 1152 1926 1224 ostendit
1956 1153 2066 1225 corda
2092 1174 2162 1228 ests

128 1273 216 1343 dum
240 1272 285 1343 ad
308 1269 542 1367 principalem
562 1268 659 1343 iacit.
734 1266 800 1341 Est
822 1283 940 1341 autem
962 1271 1059 1343 velut
1082 1297 1122 1342 ex
1171 1268 1281 1363 ¹¹¹]P¹³
1298 1298 1310 1333 t
1347 1272 1425 1318 ⁸¹⁰⁰
1451 1250 1546 1369 tide,
1565 1251 1663 1371 ‚ffln‘
1692 1265 1831 1374 numm,
1849 1250 1935 1341 Μ’
1977 1269 2160 1379 ΡΓῨΡιεηι

127 1373 308 1444 contrario
326 1385 453 1445 sumta.
506 1369 681 1442 Homines
697 1386 824 1444 natura
841 1395 915 1443 non
929 1386 1012 1444 sunt
1027 1373 1122 1460 iusti,
1170 1346 1276 1417 iham
1293 1353 1472 1443 q⁰³¹¹d³m
1490 1366 1666 1425 ¹⁰⁵¹¹⁰¹³¹¹¹
1685 1356 1849 1446 Ι)ὃιιῖιήαι
1863 1352 2116 1449 Ε’θῃὸθιωω·

127 1498 195 1545 uec
209 1487 357 1566 possunt
374 1474 544 1566 operibus
559 1473 632 1544 suis
647 1472 841 1549 iustificari.
881 1472 976 1546 Huic
991 1477 1121 1548 deinde
1272 1466 1368 1541 Huic
1390 1470 1633 1563 ⁰bl¹¹f8³¹l0¹¹l
1655 1511 1708 1526 ··
1730 1472 1850 1544 uldila
1872 1486 1924 1546 ‘⁸⁸
1945 1468 2161 1565 ³dl¹⁰¹¹³ll⁰o

12 1642 16 1648 .
126 1578 279 1668 opponit
298 1577 532 1670 principalem
549 1575 849 1667 propositionem:
885 1575 1119 1650 Fideiustiti-
1169 1571 1360 1660 quostiam
1380 1567 1585 1667 hypocritas
1609 1577 2062 1667 vocotadpoeniceoeiom.
2113 1578 2158 1653 Et

125 1692 253 1750 tanqu„
274 1673 448 1748 homine,
516 1675 676 1750 priorem
707 1672 765 1747 his
794 1681 911 1750 verbi,
938 1683 1118 1773 proponit,
1167 1671 1258 1741 sicut
1279 1673 1318 1743 in
1338 1674 1425 1745 locis
1448 1676 1617 1746 suasoriis
1643 1675 1781 1749 utimur
1806 1679 2158 1768 comminationibus,

121 1777 359 1872 Evangelium
375 1778 492 1871 arguit
511 1803 635 1851 omne,
652 1774 925 1875 hominesquod
952 1783 1024 1853 sim
1049 1785 1117 1853 im.
1167 1771 1214 1841 ita
1241 1771 1373 1847 Paulus
1402 1777 1532 1849 adiecit
1562 1778 1889 1854 comminationem.
1959 1777 2158 1855 lncredulis

120 1881 199 1974 pii,
239 1904 300 1952 geu
331 1895 565 1953 contemtores
596 1882 667 1954 Dei
697 1896 731 1954 el
760 1897 969 1974 peccatores·
1024 1883 1115 1957 Nam
1166 1873 1218 1944 ira
1242 1891 1306 1951 Oica
1366 1875 1414 1950 Ei
1434 1904 1455 1949 ὃ
1479 1879 1641 1973 pfflOlll}
1664 1879 1894 1973 dmpllfifflllo
1914 1885 2068 1969 sstcedllp
2100 1882 2158 1958 lu·

120 1980 358 2074 Evangelium
375 1984 555 2076 praedicat
569 1986 839 2078 poenitentiam,
867 2011 977 2084 quare
995 1988 1115 2060 statim
1165 1978 1269 2051 ditos
1284 1994 1317 2052 tl
1331 1978 1464 2053 Gentes
1479 1983 1613 2073 Ρὸΐῑῑθῑ
1628 1982 1792 2071 iudicaris
1818 1985 1900 2078 q⁰l²
1916 1985 1980 2080 (1¹¹5
1995 1987 2073 2058 ⁸3⁰²
2086 1987 2158 2080 ΙΨ

123 2085 230 2159 inpio
253 2085 370 2176 arguit
391 2099 544 2178 peccata,
1165 2097 1328 2169 peccant,
1355 2083 1431 2154 sine
1454 2085 1530 2176 lege
1552 2097 1722 2177 pereunt,
1758 2085 1820 2182 qui
1846 2086 1883 2155 in
1907 2086 1985 2179 lege
2000 2104 2155 2183 peccaut,

223 2184 319 2258 Huic
336 2188 495 2278 generali
518 2185 755 2281 propositioni
774 2201 825 2263 est
849 2191 1006 2264 subiecta
1030 2187 1114 2262 rhe-
1164 2205 1226 2271 Per
1240 2185 1352 2274 legem
1378 2187 1643 2259 iudicabuntur·
1838 2210 1840 2214 ‘

120 2288 231 2359 torica
251 2289 473 2375 distributio,
494 2315 584 2384 quae
603 2291 755 2383 partitur
770 2293 1049 2386 propositionem
1074 2294 1113 2363 in
1265 2301 1437 2398 Sequitur
1453 2306 1645 2390 correctio,
1671 2329 1752 2376 cum
1771 2320 1852 2379 ante
1869 2306 2037 2396 dixisset,
2058 2306 2153 2380 Geu-

119 2393 293 2465 membra.
360 2389 494 2463 Gentes
523 2407 733 2463 accusantur
758 2408 792 2465 et
819 2393 952 2470 ludaei.
1017 2394 1113 2467 Haec
1162 2405 1309 2477 tessine
1332 2408 1406 2498 lege
1429 2431 1592 2499 peccare,
1619 2408 1763 2499 corrigit
1784 2404 2151 2511 et'interpretaturid

8 2528 20 2545 x
117 2492 277 2563 membra
294 2492 420 2563 ordine
439 2506 658 2580 tractantur,
685 2491 821 2567 Gentes
843 2521 918 2567 non
936 2496 1112 2589 glorifica·
1161 2505 1317 2600 dictum,
1350 2507 1486 2581 Gentes
1510 2503 1642 2581 habere
1674 2510 1785 2599 legem
1808 2510 1847 2581 iu
1875 2513 2049 2587 cordibus
2071 2513 2153 2585 scri·

118 2590 392 2666 vemntlleum·
436 2591 917 2687 Amptificasabeffeetibus,
944 2600 1112 2669 nomion-
1161 2622 1269 2699 ptam.
1324 2608 1370 2683 Et
1386 2610 1512 2684 definit
1535 2635 1613 2683 eam
1637 2614 1768 2705 legem.
1794 2615 2037 2687 conscientiae
2061 2614 2153 2687 iudi·

114 2695 260 2787 pietatis
281 2696 417 2766 fruetus
439 2713 559 2787 postea
575 2722 638 2790 per
653 2700 852 2789 congeriem
871 2716 1111 2787 recensentur,
1160 2711 1255 2780 cium
1278 2736 1372 2799 esse,
1406 2739 1497 2808 qnae
1528 2714 1585 2783 vel
1617 2730 1759 2788 excusat
1784 2716 1840 2785 rel
1865 2731 2008 2789 accusat
2034 2740 2149 2810 opera·

38 2890 40 2895 Δ
117 2796 180 2890 qui
197 2820 272 2867 non
295 2797 492 2889 glorificant
508 2796 623 2870 Deum
647 2803 837 2872 traduntur
860 2802 897 2871 in
918 2805 1109 2895 reprobum
1158 2808 1229 2883 ttio
1249 2814 1348 2886 locus
1364 2816 1572 2908 planissime
1593 2818 1718 2904 docet,
1745 2818 1831 2914 quid
1849 2820 1895 2890 sit
1915 2818 1973 2891 lert
1994 2833 2146 2899 naturae,

114 2921 280 2985 sensum,
305 2912 345 2970 ut
361 2914 467 2969 ruant
491 2900 528 2969 in
551 2902 647 2973 varia
665 2917 825 2995 peccata,
852 2904 938 2977 liant
960 2901 1111 2993 moechi,
1159 2938 1266 3006 quam
1289 2917 1338 2988 sic
1364 2933 1490 2991 vocant
1516 2918 1554 2988 in
1578 2913 1723 2991 scholis.
1774 2914 1840 2993 Est
1865 2922 1961 2991 anim
1979 2921 2145 2993 iodicium

116 2994 337 3089 homicidae,
363 3003 470 3073 iures·
1158 3017 1251 3086 illud
1268 3023 1430 3091 naturale
1445 3020 1594 3110 mentis,
1619 3023 1715 3118 quod
1733 3024 1787 3093 vel
1801 3024 1929 3117 probat
1946 3024 2003 3095 vel
2019 3026 2142 3119 impro-

716 3144 724 3157 ’
1159 3120 1220 3191 bat
1240 3146 1357 3214 opera.

496 3222 634 3332 Caput
676 3221 736 3310 11.

1386 3287 1482 3364 Ecce
1503 3300 1624 3365 autem
1651 3302 1694 3366 tu
1718 3288 1895 3370 Iudaeos.

217 3365 348 3442 ‘'bl“
371 3367 439 3440 ¹¹⁰⁰
462 3371 541 3442 ¹⁰⁶⁰
566 3371 738 3441 Μὴ*
757 3372 961 3465 ⁰⁰⁶⁰¹²³¹¹⁰’
999 3395 1108 3466 ‘³⁰³³‘
1259 3427 1372 3502 Reno
1391 3432 1435 3501 aa
1461 3431 1662 3504 insitiuum
1687 3431 2000 3518 recausationem,
2027 3433 2070 3504 aa
2094 3433 2136 3503 o-

110 3468 249 3542 ¹Paulus
265 3474 443 3544 discedere
471 3474 517 3544 ab
539 3473 704 3543 instituta
737 3474 980 3566 propositione
1008 3474 1106 3542 vide·
1157 3544 1272 3602 mum
1295 3534 1495 3605 membrum
1519 3534 1693 3623 absolvit,
1718 3534 1815 3630 quod
1831 3532 1954 3606 ludaei
1979 3534 2054 3607 sint
2081 3537 2137 3603 im·

113 3590 187 3645 tur.
260 3573 461 3664 Diligenter
490 3588 608 3644 antem
643 3574 845 3646 consideret
874 3576 1002 3660 lector,
1041 3577 1107 3645 ubi
1182 3634 1206 3651 ..
1270 3637 1407 3705 tamem
1427 3660 1534 3729 opem
1557 3636 1643 3727 legis
1672 3636 1816 3713 faciam·
1889 3634 1937 3709 Et
1957 3636 2136 3731 amplifica

115 3673 251 3746 Paulus
268 3677 312 3746 ad
330 3677 552 3769 propositum
567 3675 697 3760 redeat,
723 3689 762 3748 ut
779 3692 988 3770 perpetuum
1006 3679 1106 3748 ordi·
1156 3659 1226 3804 ξω
1712 3737 1721 3754 .
2068 3736 2104 3758 ..

1184 3760 1225 3805 oc
1253 3738 1452 3809 membrum
1485 3763 1549 3829 per
1579 3759 1780 3828 congerrem
1812 3738 2010 3811 multorum
2043 3752 2136 3809 vitro-

1156 3862 1256 3923 rum,
1291 3852 1326 3910 et
1349 3863 1411 3930 per
1436 3828 1650 3924 antitheses,
1684 3839 1876 3937 inquibus
1904 3838 2080 3938 siguificat
2098 3840 2137 3913 il·

1155 3940 1208 4009 los
1231 3941 1319 4010 foris
1342 3943 1458 4015 facere
1481 3942 1569 4034 legis
1592 3965 1720 4036 opera,
1752 3954 1928 4017 ettamen
1948 3945 2059 4017 corda
2079 3942 2136 4013 im·

114 3800 198 3846 nem
212 3778 464 3870 disputationis
479 3778 652 3850 observet.
685 3776 917 3874 Ilttaoquam
936 3780 1105 3851 dissimu-

115 3880 195 3949 lans
217 3881 453 3970 egressiones,
484 3881 524 3949 iu
549 3902 634 3972 quas
651 3902 909 3975 nonnunquam
927 3883 1106 3975 paulisper

114 3982 316 4073 capaciatur
332 3978 545 4075 Apostolus,
570 3982 789 4052 meminerit
807 3985 1015 4075 principalia
1031 3984 1104 4054 dis-
1245 4043 1266 4112 d
1313 4036 1383 4116 hb

67 4118 70 4123 ·
112 4085 311 4175 putationis
334 4087 508 4168 membra,
536 4097 570 4154 et
594 4084 654 4152 det
674 4107 837 4174 operam,
863 4101 903 4156 ut
925 4087 986 4156 illa
1010 4099 1103 4157 recte
1154 4066 1290 4113 ”¹⁰⁰²
1340 4068 1454 4118 ‘ere‘

112 4200 299 4257 connectat
314 4201 347 4257 et
361 4199 589 4274 coagmentet.
642 4178 705 4256 Est
722 4200 838 4257 autem
862 4189 1103 4279 occupationis

112 4289 300 4358 sententia.
333 4286 523 4377 Quomodo
540 4286 661 4377 arguis
680 4285 997 4376 omnesbomines‚
1023 4315 1102 4360 cum
1517 4244 1658 4358 callut
1699 4248 1778 4336 m·
2029 4354 2032 4359 .

111 4387 216 4458 multi
236 4392 329 4480 apud
347 4390 481 4462 Gentes
497 4385 838 4481 honestelvirerint,
871 4406 912 4463 ut
929 4388 1103 4476 Socrates,
1257 4389 1327 4462 llic
1351 4416 1435 4463 vero
1460 4414 1585 4486 magna
1608 4394 1835 4489 difficilisque
1853 4392 2019 4487 quaestio
2033 4391 2135 4463 exori·

112 4489 314 4579 Aristides,
357 4489 465 4577 Cato,
509 4491 731 4583 Pomponius
771 4492 928 4579 Atticus,
979 4492 1103 4565 ludaei
1153 4505 1224 4568 tur.
1280 4493 1370 4565 Nam
1403 4520 1484 4566 cum
1518 4498 1651 4587 pariter
1681 4499 1896 4568 condemnet
1923 4493 2077 4568 ludaeos
2102 4514 2135 4565 at

111 4591 218 4661 etiem
239 4591 325 4682 legis
348 4616 453 4685 opera
473 4593 620 4665 faciunt.
673 4590 826 4665 Videtur
848 4595 956 4686 igitur
971 4596 1103 4666 iniusta
1153 4598 1294 4685 gentes,
1319 4621 1460 4669 necesse
1483 4614 1534 4670 est
1557 4622 1745 4692 quaerere,
1772 4598 1860 4692 quid
1882 4600 2061 4670 conducat
2079 4596 2136 4680 lea,

110 4686 300 4783 Evangelii
313 4717 399 4776 vox,
422 4697 518 4788 quod
539 4720 662 4764 omues
680 4697 750 4768 sint
766 4713 980 4787 peccatores,
1005 4699 1102 4792 quod
1154 4722 1217 4767 cur
1233 4697 1354 4769 ludaei
1373 4702 1526 4792 populus
1542 4703 1613 4773 Dei
1628 4715 1810 4772 vocentur.
1868 4697 1982 4771 Silas
1998 4698 2137 4772 nonio

110 4795 189 4865 sine
221 4790 417 4886 Evangelio
451 4802 555 4865 nemo
592 4796 638 4866 sit
676 4798 894 4873 iustificatos.
970 4794 1103 4870 Paulus
1153 4800 1298 4886 stificat,
1326 4824 1436 4894 quare
1456 4804 1527 4875 lata
1552 4804 1628 4875 est?
1660 4804 1700 4876 si
1723 4800 1845 4874 ludaei
1868 4824 1945 4879 uon
1967 4811 2138 4893 praestant

110 4898 322 4990 respondet,
361 4921 422 4967 eos
447 4899 510 4991 qui
534 4893 681 4969 honesta
707 4923 813 4992 opera
833 4903 1011 4986 fecerunt,
1048 4914 1103 4972 ta·
1153 4903 1335 4990 gentibus,
1369 4926 1478 4996 quare
1504 4920 1678 4979 vocantur
1698 4905 1851 4998 populus
1868 4899 1962 4974 Dei?
1991 4900 2138 4977 Nihilne

109 5022 196 5070 rueu
231 5000 340 5071 fuisse
368 4993 583 5094 hypocritas.
641 4998 876 5092 Evangeli'um
898 5017 1016 5073 autem
1044 5025 1103 5073 ar·
1152 5004 1249 5073 inter
1272 5002 1419 5075 ludaeos
1441 5030 1481 5074 ac
1503 5024 1622 5100 gentes
1637 5007 1808 5078 interest?
1841 5003 2020 5077 luseritur
2038 5005 2139 5098 igitur

109 5102 207 5192 guit,
246 5126 322 5173 non
351 5116 490 5173 tantum
527 5114 670 5173 externa
703 5103 852 5188 delicta,
894 5105 955 5174 sed
987 5106 1102 5176 multo
1154 5107 1274 5195 paucis
1292 5110 1410 5177 serbis
1432 5102 1518 5180 baec
1540 5111 1711 5204 quaestio.
1762 5108 1820 5179 Ad
1844 5130 1952 5201 quam
1977 5107 2139 5181 bifariam

110 5204 222 5292 magis
246 5205 386 5296 impura
416 5204 535 5275 corda.
602 5201 650 5274 Et
671 5218 788 5277 sumta
808 5216 861 5276 est
881 5206 1018 5278 occasio
1042 5229 1103 5279 oc·
1152 5211 1359 5303 respondet:
1394 5210 1440 5281 Et
1471 5214 1576 5307 quodj
1599 5210 1759 5291 mireris,
1793 5210 1964 5281 sidentur
1993 5232 2140 5305 respou-

112 5305 310 5394 cupationis
331 5330 373 5377 ex
395 5306 458 5378 illa
489 5306 684 5388 sententia,
720 5330 800 5378 reos
827 5328 997 5382 essenon
1020 5322 1103 5381 tan-
1151 5311 1272 5382 siones
1295 5312 1389 5385 inter
1412 5338 1449 5383 se
1470 5337 1637 5408 pugnare.
1703 5312 1867 5384 Primum
1888 5312 1962 5397 ait,
1995 5310 2142 5385 ludaeos

110 5415 188 5475 tum
203 5404 265 5497 qui
282 5408 434 5496 faciunt,
464 5409 525 5480 aed
543 5409 605 5505 qui
622 5409 761 5482 etiamsi
781 5410 858 5483 aon
870 5408 1021 5493 iaciant,
1047 5424 1102 5484 ta·
1152 5415 1307 5487 multum
1325 5430 1503 5508 proestare
1516 5417 1695 5509 gentibus.
1746 5414 2010 5489 naam-votos
2030 5430 2140 5491 retra·
