4522 5782
104 204 184 310 sos
702 222 830 300 auru.
858 220 975 297 usu
1001 221 1210 297 scauri
1239 220 1545 302 uxruurrca.

115 417 207 509 8⁰¹3·
228 412 438 489 iffllfflilflffl
467 411 569 483 stiffi
605 434 742 481 ”⁶⁰0⁵ae
774 425 836 482 ²⁸¹·
894 406 941 481 Ei
969 412 1104 496 resutat
1158 427 1232 514 rit,
1273 449 1319 497 an
1342 426 1439 497 Deus
1464 420 1554 496 mibi
1577 424 1726 516 indigno
1750 426 1833 496 velit
1856 452 1930 501 esse
1952 432 2133 526 propicius.

116 532 249 603 Paulus
271 555 427 601 errorem
451 529 495 599 de
517 525 759 617 dubitatione,
786 551 866 595 euru
893 528 995 598 docet
1022 551 1103 616 pro·
1158 528 1224 597 llic
1251 527 1422 599 intuenda
1456 543 1506 600 est
1538 522 1954 620 particula·Gralr's‚
2000 549 2042 605 ut
2072 550 2133 606 sta.

2052 230 2133 304 sot

117 634 322 705 missionem
346 646 509 725 oportere
531 629 599 698 fide
625 627 748 719 accipi.
813 625 918 701 Rom.
936 632 990 699 4.;
1022 629 1103 698 ldeo

119 761 161 806 ex
183 735 252 805 fide
275 738 404 825 gratis,
430 747 470 803 ut
492 732 538 817 sit
561 732 661 799 firma
679 729 878 821 promissio.
928 726 979 802 Et
994 731 1105 815 iubet,

120 852 160 909 ut
182 838 262 907 Deo
283 839 481 907 tribuamus
502 834 642 903 laudem
668 832 842 912 veritatis,
872 829 961 902 sicut
984 830 1103 904 Abra-

119 933 202 1008 ham
221 963 294 1007 non
311 937 488 1009 dubitavit
501 933 710 1005 diffidentia.
760 929 807 1003 Et
826 935 858 1007 l.
877 931 925 1006 lo.
945 928 998 1008 5.:
1029 932 1103 1024 Qui

122 1042 233 1111 credit
246 1042 285 1110 in
300 1042 412 1111 lilium
430 1035 509 1123 Dei,
536 1032 642 1107 habet
655 1034 897 1106 testimonium
916 1033 954 1103 in
972 1038 1104 1127 seipso:

120 1144 282 1235 quinon
311 1143 424 1213 credit
445 1138 544 1226 Deo,
584 1139 788 1208 mendaeem
822 1137 905 1208 lacit
935 1161 1016 1209 eum
1040 1151 1105 1209 etc.

123 1240 220 1335 Ergo
255 1268 335 1316 curu
370 1242 548 1326 dicimus,
592 1239 661 1308 lide
695 1240 900 1330 contingere
935 1239 1104 1310 beneficia

120 1336 278 1433 christi,
316 1367 455 1415 necesse
484 1356 537 1413 est
565 1340 737 1431 intelligi,
779 1345 874 1435 quod
900 1342 1107 1433 contingant

120 1461 268 1541 propter
290 1444 499 1531 Christum,
537 1457 572 1514 et
593 1444 856 1514 assentiendum
881 1457 933 1514 est
954 1445 1106 1535 promis-

121 1551 214 1620 sioni
233 1551 373 1619 divinae
402 1573 442 1617 ac
464 1547 680 1616 credendum
706 1569 788 1613 vere
815 1547 916 1615 nobis
939 1546 1105 1637 praestari

118 1651 305 1747 promissa.
378 1648 499 1739 Quare
532 1647 618 1718 fides
651 1670 726 1715 non
765 1658 901 1731 tantum
935 1648 1106 1737 significat

124 1749 295 1826 historiae
315 1752 504 1837 noticiam,
543 1751 605 1819 sed
627 1748 799 1838 significat
826 1750 990 1819 fiduciam
1022 1772 1106 1842 pro·

122 1855 251 1926 missae
282 1853 546 1923 misericordiae
577 1865 720 1940 propter
749 1845 949 1933 Christum,
988 1874 1105 1921 assen-

122 1958 269 2030 tientem
291 1954 519 2047 promissioni
548 1953 703 2023 divinae.
770 1950 895 2021 Talem
921 1954 1025 2021 fidem
1048 1977 1105 2021 re-

121 2060 236 2154 quirit
249 2056 392 2141 Paulus,
413 2079 503 2150 quae
518 2058 637 2125 credat
650 2053 816 2123 omnibus
831 2054 987 2123 articulis
1001 2054 1104 2148 Sym-

122 2162 217 2250 boli,
242 2159 407 2230 videlicet
421 2181 511 2252 quae
525 2157 643 2226 credat
659 2169 803 2246 propter
815 2156 925 2225 lilium
942 2153 1009 2225 Dei
1026 2180 1105 2249 pas·

121 2286 201 2337 sum
225 2276 259 2335 ct
281 2261 525 2334 resuscitatum
549 2258 627 2327 dari
650 2256 753 2327 nobis
768 2258 1009 2327 remissionem
1027 2283 1106 2351 pec-

122 2380 303 2437 catorum:
346 2386 429 2433 nam
450 2364 495 2432 ad
517 2354 615 2429 hunc
641 2359 848 2445 articulum,
875 2372 1041 2453 tauquam
1061 2362 1106 2430 ad

123 2490 266 2539 causam
281 2464 442 2549 finalem,
466 2461 665 2554 superiores
681 2461 857 2531 referendi
874 2475 969 2532 sunt.
1017 2460 1104 2533 Cum

123 2570 165 2639 in
187 2567 449 2662 precationibus
471 2561 662 2635 adversarii
688 2562 835 2634 recitant
859 2557 954 2634 hunc
977 2565 1107 2634 articu-

125 2670 219 2742 lum:
250 2666 366 2743 Credo
383 2666 624 2741 remissionem
638 2680 882 2756 peccatorum,
905 2688 1024 2735 securn
1041 2666 1108 2759 ipsi

124 2785 302 2866 pugnant:
330 2771 453 2841 iubent
467 2768 642 2851 dubitare,
660 2779 826 2837 ettamen
842 2767 992 2837 andiunt
1009 2792 1108 2858 prae-

126 2877 217 2965 cipi,
246 2888 289 2945 ut
311 2874 454 2943 credant
483 2868 726 2941 remissionem
751 2880 982 2957 peccatorum.
1056 2872 1108 2939 Ac

125 2976 199 3047 scio
214 2977 406 3070 quosdam,
431 2996 520 3066 qaros
544 2966 601 3041 hic
624 2971 697 3061 ipse
720 2969 889 3039 articulus
912 2975 1108 3056 admonuit,

124 3093 167 3149 ut
182 3078 460 3148 consolationem
476 3074 714 3156 admitterent,
737 3084 772 3141 et
787 3072 976 3161 cogitarent
993 3098 1108 3141 assen-

124 3180 289 3252 tiendum
304 3203 376 3248 esse
390 3172 706 3269 promissioniDei,
721 3188 754 3241 et
772 3174 964 3243 abiicerent
978 3175 1110 3245 doctri·

127 3306 211 3353 nam
228 3274 510 3363 Monachorum‚
534 3279 577 3344 de
595 3276 817 3345 dubitatione
833 3288 868 3344 et
882 3276 1025 3347 meritis.

251 3381 321 3455 Sed
362 3388 474 3472 quare
521 3376 666 3446 additur
702 3377 874 3467 particula
917 3370 1112 3461 Gratis,

127 3509 202 3556 uon
219 3497 365 3576 propter
380 3504 485 3572 opera
501 3493 643 3562 nostra,
668 3484 727 3547 secl
750 3496 892 3567 propter
906 3475 1112 3548 Christum?

127 3584 205 3656 lmo
232 3610 314 3655 vero
335 3586 381 3651 (le
405 3578 471 3649 hac
502 3581 674 3670 particula
699 3578 820 3649 Gratis
846 3581 1032 3669 praecipue
1056 3580 1111 3649 di-

128 3688 262 3760 micant
290 3682 527 3756 conscientiae
565 3696 600 3751 et
628 3676 827 3772 Prophetae
864 3707 904 3751 ac
934 3678 1111 3774 Apostoli.

125 3788 385 3883 Complectitur
400 3798 516 3855 autem
534 3785 623 3855 duo:
645 3780 813 3853 Excludit
834 3783 958 3853 merita
982 3797 1113 3869 nostra,

1158 646 1296 701 luamus
1327 655 1409 700 vere
1444 628 1559 701 Deum
1602 632 1791 700 remittere·
1816 647 1955 724 peccata
1996 653 2131 731 propter

1157 729 1337 804 Christum
1363 733 1491 823 gratis,
1526 756 1600 802 non
1622 748 1765 824 propter
1791 735 1863 804 ulla
1890 750 2013 807 nostra
2038 764 2128 830 opera

1158 834 1385 916 autmerita.
1455 833 1503 906 Et
1532 830 1618 903 haec
1648 836 1818 922 particula
1842 828 2016 908 Gratis
2042 848 2129 911 mon·

1157 951 1244 1008 strat
1265 937 1456 1006 discrimen
1480 935 1665 1025 Evangelii
1692 961 1732 1004 ac
1757 936 1869 1028 Legis
1936 938 2011 1010 Lex
2035 942 2127 1013 eliasu

1158 1039 1390 1109 concionatur
1412 1040 1530 1110 Deum
1561 1062 1635 1109 esse
1662 1039 1824 1126 bonurn,
1863 1040 2129 1117 misericordem:

1157 1142 1216 1210 sed
1241 1140 1339 1212 addit
1361 1140 1603 1210 conditionem
1625 1139 1828 1230 dignitatis,
1854 1164 1916 1213 seu
1933 1146 2070 1227 meriti,
2093 1146 2130 1217 ait

1158 1240 1272 1313 Deum
1292 1242 1490 1335 propicium
1507 1266 1579 1312 esse
1598 1237 1674 1323 his,
1701 1244 1762 1336 qui
1789 1245 1865 1313 sine
1891 1259 2034 1336 peccato
2051 1262 2129 1321 sunt.

1159 1346 1207 1415 At
1225 1340 1461 1434 Evangelium
1483 1359 1639 1414 removet
1664 1346 1904 1415 conditionem
1928 1364 2069 1419 nostrae
2088 1351 2130 1419 di-

1160 1447 1325 1536 gnitatis,
1348 1469 1411 1515 seu
1436 1447 1663 1516 meritorum:
1693 1461 1837 1518 testatur
1861 1450 1979 1520 Deum
2004 1465 2132 1545 propter

1160 1543 1295 1619 Christi
1314 1548 1437 1618 merita
1453 1548 1560 1639 gratis
1576 1549 1680 1617 nobis
1698 1550 1937 1634 reconciliari,
1964 1576 2040 1622 non
2063 1578 2132 1647 pre·

1159 1662 1236 1742 pter
1256 1650 1329 1720 ulla
1351 1664 1472 1720 nostra
1497 1650 1638 1738 merita,
1673 1676 1753 1720 cum
1779 1648 1862 1721 haec
1880 1652 1986 1738 fides,
2021 1654 2057 1724 id
2082 1668 2132 1740 est,

1160 1752 1289 1822 fiducia
1314 1750 1574 1821 misericordiae
1607 1752 1734 1822 nititur
1761 1749 1918 1824 Christo.
1986 1754 2133 1827 Solemus

1160 1868 1276 1924 autem
1304 1852 1483 1924 interdum
1510 1878 1573 1945 pro
1603 1854 1796 1922 exclusiva:
1839 1854 1961 1926 Gratis
1983 1858 2131 1928 iustifica-

1158 1980 1240 2026 mur
1254 1952 1343 2036 lide,
1369 1955 1422 2025 uti
1437 1951 1503 2023 hac
1518 1955 1687 2024 formula:
1715 1954 1798 2026 Sola
1815 1954 1883 2027 fide
1902 1959 2129 2049 iustificamur,

1159 2059 1221 2127 ubi
1238 2053 1322 2128 haec
1336 2057 1507 2149 particula
1522 2081 1595 2127 non
1612 2057 1765 2126 excludit
1779 2072 1929 2128 caeteras
1944 2062 2088 2149 virtutes
2098 2085 2130 2131 ne

1159 2160 1294 2244 adsint,
1316 2161 1375 2229 sed
1390 2158 1545 2229 excludit
1559 2159 1764 2251 opinionem
1783 2161 1920 2246 meriti,
1946 2185 2010 2235 seu
2026 2164 2129 2235 condi·

1159 2262 1292 2331 tionem
1311 2260 1512 2352 dignitatis,
1533 2283 1595 2329 seu
1617 2262 1772 2330 excludit
1799 2261 1877 2331 illas
1892 2287 1911 2332 a
1927 2287 2031 2337 causa
2046 2264 2129 2336 iusti·

1159 2363 1349 2449 ficationis,
1373 2358 1441 2434 hoc
1456 2375 1525 2447 est,
1548 2363 1813 2455 acceptationis,
1836 2378 1876 2434 ut
1897 2378 2015 2456 postea
2030 2366 2129 2457 copio-

1161 2465 1368 2539 siusdicam.
1394 2460 1570 2555 Acreipsa
1586 2486 1729 2557 prorsus
1746 2465 1838 2534 idem
1853 2480 1904 2537 est
1915 2469 2046 2539 dicere:
2061 2466 2129 2539 Fide

1161 2590 1281 2637 sumus
1295 2566 1391 2651 iusti,
1406 2579 1451 2651 et,
1464 2562 1554 2635 Fide
1566 2566 1672 2656 gratis
1686 2567 1912 2658 sumusiusti‚
1929 2583 1974 2655 et,
1991 2568 2129 2642 Solalirlc

1160 2668 1387 2739 sumusiusti.
1412 2666 1502 2738 Nam
1512 2666 1597 2737 lides
1612 2668 1864 2739 existerenulla
1875 2685 1998 2763 potest,
2015 2674 2043 2742 si
2056 2672 2128 2743 fidu·

1162 2770 1213 2839 cia
1238 2771 1363 2840 debeat
1382 2769 1449 2839 niti
1471 2769 1643 2859 dignitate
1664 2784 1803 2857 nostra,
1830 2795 1890 2841 seu
1909 2774 2059 2859 meritis,
2081 2784 2127 2843 aul

1165 2873 1291 2964 partim
1311 2867 1471 2958 Christo,
1495 2872 1623 2961 partim
1639 2873 1792 2953 meritis,
1818 2888 1859 2943 ut
1874 2875 2013 2966 lingunt
2027 2873 2127 2969 aliqui.

1162 2971 1350 3043 Excutitur
1364 2974 1465 3058 fides,
1491 2974 1519 3054 si
1537 2974 1762 3063 cogitandum
1788 2975 1873 3046 erit:
1902 2977 1951 3046 ita
1971 2978 2128 3070 propicius

1164 3074 1229 3146 erit
1252 3073 1368 3159 Deus,
1395 3100 1475 3144 cum
1497 3075 1579 3144 satis
1606 3075 1812 3146 meritorum
1838 3072 1997 3151 habebis.
2052 3077 2126 3167 Ergo

1165 3201 1236 3245 non
1252 3190 1365 3268 potest
1382 3177 1448 3247 niti
1464 3176 1569 3262 fides,
1597 3177 1667 3246 nisi
1683 3178 1918 3268 promissione
1935 3176 2020 3265 Dei,
2043 3204 2126 3251 mon·

1164 3266 1295 3348 strante
1324 3273 1532 3357 Christum,
1573 3291 1718 3370 propter
1749 3304 1852 3372 quern
1888 3282 2065 3370 pollicitus
2090 3296 2126 3350 est

1166 3396 1263 3469 pater
1292 3395 1387 3451 certo
1413 3403 1450 3448 se
1478 3378 1584 3448 nobis
1604 3381 1680 3449 sore
1712 3380 1924 3471 propicium.
1997 3380 2127 3454 Etcum

1166 3481 1297 3551 Paulus
1320 3481 1476 3575 quaerit,
1504 3494 1622 3551 utrum
1647 3482 1717 3550 lide
1739 3507 1785 3550 an
1804 3484 1970 3573 operibus
1987 3484 2126 3557 iustifice-

1166 3608 1265 3669 misr,
1290 3583 1395 3653 fidem
1411 3580 1577 3670 intelligit
1594 3584 1757 3652 fiduciam
1780 3584 2043 3658 misericordiae
2064 3610 2127 3680 pro·

1166 3685 1292 3754 missae
1314 3700 1457 3777 propter
1483 3679 1686 3755 Christum:
1718 3680 1811 3754 hauc
1832 3690 1983 3779 opponit
2004 3691 2041 3759 in
2061 3686 2126 3759 uni·

1167 3811 1305 3856 versum
1323 3786 1488 3876 dignitati
1503 3802 1652 3871 nostrae,
1671 3788 1770 3879 quasi
1787 3788 1996 3881 interroget:
2022 3790 2128 3865 Utrum

122 3884 485 3991 et'proponitChristi
501 3884 636 3958 merita.
670 3883 738 3953 Hic
749 3884 844 3954 enim
857 3886 912 3955 vel
927 3886 1113 3979 praecipue
1166 3903 1318 3958 statuere
1340 3890 1467 3958 debeas
1490 3888 1555 3959 tibi
1580 3888 1711 3958 remitti
1737 3904 1895 3979 peccata,
1921 3906 1956 3963 et
1979 3906 2014 3963 te
2035 3893 2128 3962 filiun

127 3994 225 4066 cerui
248 4005 379 4085 potest,
405 3988 558 4080 primum
583 3986 792 4075 magnitudo
815 3984 1112 4058 iraeDeiadver-
1167 3988 1323 4060 Deiesse
1347 4004 1489 4082 propter
1510 4004 1607 4059 tuam
1632 3991 1858 4080 dignitatem,
1891 4009 2038 4086 propter
2056 3994 2129 4064 ullas

126 4119 187 4167 sus
209 4111 413 4187 peccatum,
452 4090 546 4183 quod
581 4088 678 4157 rrsrlla
702 4082 815 4158 hostia
838 4089 974 4182 placare
996 4088 1112 4159 Deum
1167 4092 1313 4162 virtutes
1328 4106 1416 4171 tuas,
1433 4092 1631 4182 qualitates,
1652 4107 1712 4162 aut
1728 4093 1894 4176 actiones,
1918 4121 1963 4165 ao
1978 4122 2059 4167 vero
2072 4110 2126 4166 ua·

127 4199 263 4291 potuit,
290 4196 360 4263 nisi
384 4216 478 4262 mors
500 4189 578 4265 lilii.
628 4186 769 4260 Rursus
784 4190 879 4261 lucet
891 4192 1023 4261 amoris
1036 4214 1113 4261 ma·
1167 4210 1263 4265 tuere
1278 4195 1406 4263 debeas
1422 4180 1488 4265 tibi
1506 4195 1636 4264 remitti
1653 4207 1809 4285 peccata,
1836 4209 1870 4266 et
1889 4210 1922 4267 te
1939 4222 2013 4268 esse
2037 4198 2128 4267 filiurn

124 4299 298 4397 gnitudo,
326 4297 421 4389 quod
438 4292 550 4362 filiurn
566 4315 630 4382 pro
648 4291 752 4360 nobis
766 4293 873 4363 dedit.
924 4291 1112 4385 Utrunque
1166 4294 1231 4365 Dei
1247 4320 1310 4387 per
1331 4296 1442 4367 solam
1462 4296 1759 4381 misericordiam,
1786 4312 1929 4388 propter
1943 4296 2132 4370 Christum?

128 4400 301 4472 antemio
319 4421 430 4487 agone
444 4393 695 4465 conscientiam
713 4406 831 4464 tenere
847 4416 934 4483 opus
951 4411 1017 4467 est:
1057 4396 1110 4463 vi·
1168 4398 1322 4468 Proinde
1337 4399 1450 4490 reipsa
1467 4414 1518 4468 est
1532 4398 1724 4482 exclusiva,
1751 4422 1830 4466 curn
1848 4402 1914 4470 ait:
1941 4400 2030 4473 Fide
2051 4400 2129 4470 iusti·

126 4504 276 4587 delicet,
316 4497 393 4571 Deo
428 4497 657 4588 proponenda
695 4517 770 4563 esse
801 4492 937 4568 Christi
969 4496 1111 4567 merita:
1166 4502 1328 4580 ficamus,
1358 4500 1393 4568 id
1413 4514 1480 4584 est,
1508 4523 1580 4567 non
1598 4512 1742 4597 propter
1759 4501 1966 4590 dignitatem
1984 4518 2129 4575 nostran.

127 4616 274 4698 propter
293 4596 474 4673 Christum
500 4598 686 4687 petendam
709 4609 744 4666 et
767 4600 1017 4688 expectandam
1039 4622 1112 4669 esse
1166 4600 1285 4689 Quare
1305 4602 1335 4669 si
1356 4600 1436 4694 quis
1468 4624 1548 4670 vere
1578 4602 1671 4671 volet
1699 4599 1877 4694 iudicare,
1911 4620 2071 4697 agnoscet
2088 4626 2129 4672 re·

124 4709 299 4799 gratiam,
338 4726 412 4771 non
443 4714 586 4789 propter
610 4712 728 4768 nostra
753 4701 892 4774 merita.
962 4698 1053 4771 Nam
1076 4716 1111 4771 et
1167 4706 1239 4794 ipsa
1259 4703 1351 4771 idem
1368 4702 1576 4793 significari,
1601 4700 1690 4771 Fide
1716 4703 1967 4791 iustificamur,
1993 4722 2026 4778 et
2043 4704 2129 4794 gratis

124 4806 333 4879 certaminis
359 4802 457 4873 illius
479 4800 622 4897 epitasis
647 4795 734 4870 haec
756 4816 824 4873 est:
864 4801 945 4873 Non
974 4803 1110 4897 quaerit
1166 4804 1412 4887 iustilicamur,
1439 4802 1527 4888 lide,
1553 4818 1587 4874 et
1603 4805 1676 4873 sola
1691 4804 1758 4873 lide
1773 4806 2033 4884 iustificamnr.·
2056 4808 2131 4879 llaec

128 4936 229 4980 urens
245 4906 508 4999 perterrefacta,
534 4928 578 4973 an
598 4902 677 4972 aliis
691 4903 918 4993 benemeritis
933 4926 974 4975 ac
994 4904 1112 4993 dignis
1165 4906 1280 4975 obiter
1293 4900 1405 4975 adieci
1422 4908 1465 4974 de
1486 4906 1650 4976 formulis
1665 4907 1856 4995 sermonis,
1881 4922 1921 4979 ut
1943 4908 2131 5001 significatio

128 5011 225 5083 Deus
240 5011 325 5081 velit
347 5031 420 5077 esse
441 5005 632 5099 propicius.
682 5006 894 5077 Adsentitur
909 4999 1024 5075 Deum
1046 5004 1111 5075 bo·
1165 5006 1353 5096 diligenter
1378 5008 1604 5099 expendatur.
1663 5005 1849 5079 Caeterum
1873 5016 2021 5105 quoquo
2043 5012 2131 5085 modo

126 5139 216 5185 niun
239 5126 273 5181 et
297 5110 561 5181 misericordem
586 5128 680 5187 esse,
709 5107 772 5176 sed
796 5106 939 5197 dignis,
957 5106 1020 5203 qui
1038 5129 1111 5176 non
1167 5109 1371 5202 loquemur,
1397 5109 1487 5180 illud
1509 5108 1702 5179 videndum
1722 5108 1807 5191 erit,
1834 5135 1880 5180 ne
1896 5136 1953 5183 res
1967 5116 2133 5188 obruatur.

126 5216 261 5286 babent
285 5227 444 5304 peccata,
477 5222 538 5279 aut
559 5208 621 5297 qui
649 5208 782 5277 maiora
812 5202 945 5279 habent
970 5208 1111 5280 merita:
1164 5211 1346 5282 Sententia
1361 5212 1535 5282 exclusiva
1552 5211 1735 5282 retinenda
1752 5227 1820 5298 est,
1852 5215 1896 5282 de
1919 5218 2070 5305 gratuita
2090 5242 2133 5287 ac·

126 5343 209 5387 nam
240 5317 326 5405 legis
354 5312 485 5384 noticia
512 5310 698 5380 nobiscum
726 5322 808 5381 nata
835 5310 955 5397 docet,
995 5308 1109 5382 Deurn
1165 5310 1376 5407 ceptatione:
1411 5306 1497 5384 haee
1521 5316 1616 5383 enim
1640 5314 1831 5384 discrimen
1855 5316 2133 5411 interLegemet

124 5421 260 5489 bouum
285 5441 375 5499 esse,
402 5415 462 5484 sed
488 5435 569 5504 erga
592 5406 731 5502 dignos.
783 5412 880 5509 illud
903 5437 985 5485 vero
1001 5438 1109 5509 quae-
1163 5412 1398 5507 Evangelium
1421 5414 1545 5496 elficit,
1570 5430 1610 5486 ut
1625 5417 1760 5488 dictum
1776 5428 1838 5493 est.
1890 5416 1976 5491 Diri
2000 5426 2046 5493 de
2067 5444 2133 5518 par·
