4522 5782
182 160 260 241 955
786 158 913 273 rara.
941 158 1060 235 neu
1082 155 1293 237 sarem
1319 154 1672 277 ragnarico..
1729 208 1738 275 2
1804 216 1807 223 .
1880 208 1903 275 ,-
1933 262 1937 273 ¹
1953 208 1980 275 g
2042 248 2055 261 ,
2140 160 2202 277 aas

185 340 301 412 David
334 332 454 408 scieus'
482 347 515 405 et
546 332 671 405 volens
695 333 786 424 rapit
810 334 955 405 alterius
980 334 1175 425 coniugem.
1227 349 1258 403 et
1282 335 1387 405 relect
1412 358 1488 415 eam
1509 335 1553 404 ad
1576 332 1727 427 gloriam
1743 332 1927 421 linguon
1952 334 2036 407 vult
2057 341 2204 413 seandalo

182 436 338 532 Propter
353 439 435 509 talia
452 452 591 529 peccata
606 432 715 506 laomo
734 460 854 506 rursus
871 436 1000 507 amittit
1016 438 1177 528 gratiam,
1227 436 1385 507 alienare
1414 436 1614 510 voluntates
1640 432 1828 509 bominum
1852 463 1872 507 a
1895 438 2078 508 ‹taetrioa
2138 438 2203 513 Non

187 545 362 636 Spiritum
380 555 539 611 sanetum
559 552 593 609 et
611 540 735 624 tidem,
762 554 796 609 et
815 540 852 609 fit
867 554 945 609 actu
962 563 1042 609 reos
1062 555 1175 610 aeter·
1227 538 1336 631 igitur
1358 553 1494 609 tantum
1520 532 1579 610 iric
1608 539 1781 630 ¹repressio
1804 538 1842 611 fit
1867 536 2131 628 locomotivae,
2157 548 2205 615 sed

188 670 254 715 nae
278 667 432 737 poenae,
469 656 503 712 et
524 640 592 709 nisi
618 641 676 709 liat
699 642 882 711 conversio
909 642 981 712 ruit
1003 642 1041 709 in
1064 657 1173 711 aeter·
1228 640 1265 709 in
1292 654 1408 711 mente
1423 664 1504 710 vera
1522 641 1583 710 lox
1599 656 1670 726 est,
1695 656 1728 712 et
1745 640 1899 734 Spiritus
1916 642 2205 717 sanctusadsiui·

187 773 273 819 ιιιιιιι
301 746 466 826 exitium,
500 745 589 813 sicut
615 743 699 813 Saul
723 747 931 828 damnatur,
971 744 1032 836 qui
1063 766 1175 837 quan·
1227 742 1477 813 latcorverbo
1491 740 1760 814 lleiluceuti-in
1777 746 1906 818 mente.¹

189 874 294 944 qaaam
332 849 507 936 placuerat
542 861 642 914 autea
668 842 764 929 Deo,
803 845 874 913 ruit
908 858 1024 912 tamen
1055 861 1175 915 contra
1329 843 1413 915 ldeo
1447 842 1579 915 Paulos
1614 841 1673 915 hic
1712 844 1811 915 iubet
1845 844 1974 937 spiritu
2015 846 2205 921 mortificari
2251 842 2253 878 ²

189 950 459 1031 conscientiam,
503 972 565 1016 nec
590 970 713 1014 rursus
737 948 957 1017 convertitur
979 950 1020 1015 ad
1048 945 1174 1017 Deum.
1228 947 1384 1016 actiones
1406 947 1540 1026 earnis,
1568 959 1601 1017 et
1626 948 1711 1019 lacit
1734 948 1954 1019 mentionem
1977 950 2208 1024 urortilicatio·
2250 941 2253 980 ³

191 1054 303 1125 llavid
334 1074 455 1119 cursus
478 1050 697 1120 convertitur
717 1048 759 1118 ad
778 1047 913 1134 Deum,
939 1063 973 1119 et
994 1049 1033 1120 lit
1056 1046 1177 1119 haeres
1230 1048 1305 1133 nis,
1332 1049 1414 1142 quia
1431 1048 1467 1117 in
1487 1049 1547 1118 illa
1565 1049 1659 1119 locta
1677 1051 1753 1121 vult
1775 1074 1841 1120 nos
1854 1071 2052 1139 agnoscere
2066 1067 2205 1124 nostran

191 1157 282 1225 vitae
300 1168 472 1223 aeternae.
1229 1150 1488 1235 infirmitatem,
1513 1162 1547 1221 et
1567 1150 1687 1221 dolere
1703 1166 1849 1245 propter
1871 1146 1936 1220 has
1958 1155 2086 1223 sordes
2102 1170 2137 1226 et
2154 1156 2206 1227 lide
2250 1145 2253 1169 ¹

292 1255 338 1324 lli
362 1257 489 1344 gradus
515 1252 696 1344 perspicue
717 1251 967 1322 discernantur
991 1252 1029 1320 in
1055 1248 1177 1322 Eccle-
1230 1264 1345 1342 petere
1361 1251 1605 1323 remissionem
1621 1254 1726 1323 etiam
1747 1248 1873 1325 harnam
1890 1254 2071 1325 sordium.
2250 1246 2253 1259 ’

190 1361 258 1443 sia,
284 1373 320 1427 et
339 1358 385 1427 sit
410 1357 546 1424 illustre
571 1355 761 1423 discrimen
788 1356 919 1445 peccati
942 1355 1119 1444 regnantis
1144 1369 1176 1423 et
1331 1352 1386 1423 De
1402 1350 1458 1423 his
1476 1354 1592 1447 inquit
1607 1352 1756 1425 Paulus:
1785 1353 1858 1446 Qui
1874 1354 2098 1429 mortificant
2118 1358 2207 1427 actiu-
2250 1348 2253 1390 ²

190 1484 262 1531 non
297 1460 487 1544 regnantis.
559 1453 663 1524 Hanc
697 1458 895 1525 doctrinam
933 1457 1179 1548 complectitur
1231 1479 1293 1524 nes
1309 1457 1425 1527 carnis
1439 1456 1585 1546 spiritu,
1613 1457 1765 1526 retinere
1780 1480 1840 1526 eos
1858 1456 1989 1538 vitam,
2019 1457 2057 1527 id
2080 1470 2143 1544 eat,
2165 1483 2207 1529 re·
2250 1450 2253 1491 ³

189 1563 319 1632 l'aolns
345 1562 382 1629 iu
406 1563 519 1629 dicto:
546 1556 665 1627 Milite
686 1559 813 1627 bonam
833 1559 997 1627 militiam
1023 1561 1178 1628 retinens
1231 1557 1345 1628 tinere
1361 1560 1532 1649 gratiam,
1557 1556 1733 1657 Spiritum
1759 1572 1940 1645 sanctum,
1964 1560 2078 1629 fidem
2102 1586 2207 1633 conso
2250 1554 2253 1593 ³

187 1660 767 1734 lidemetbonamconscientiam.
803 1656 1179 1737 ltem‚1Coriuth.6.:
1232 1660 1362 1730 lantem
1381 1661 1502 1745 conlo,
1528 1672 1561 1730 et
1575 1684 1718 1730 manere
1734 1683 1794 1729 eos
1811 1655 1982 1731 haeredes
2000 1662 2098 1732 vitae
2113 1678 2206 1735 aeter·
2251 1734 2253 1739 ,

190 1766 243 1837 Ne
274 1766 418 1852 erretis,
460 1776 688 1845 scortatores,
720 1763 891 1845 adulteri,
925 1764 1097 1835 idolatrae
1123 1787 1177 1832 re·
1234 1788 1316 1841 nae,
1344 1762 1681 1853 sicutsupradisits
1711 1760 1817 1832 Nulla
1847 1786 1943 1832 nunc
1967 1764 2207 1837 condemnatio
2251 1778 2253 1797 '

189 1892 300 1959 garum
319 1866 385 1935 Dei
408 1890 480 1934 non
503 1865 746 1955 possidebunt.
1233 1879 1290 1935 est
1303 1859 1379 1945 his,
1405 1863 1466 1956 qui
1488 1864 1527 1933 in
1541 1858 1685 1936 Christo
1705 1863 1783 1933 lesu
1797 1864 1997 1941 ambolant.

290 1965 344 2039 Es
368 1963 424 2037 lais
446 1968 549 2037 dictis
565 1980 726 2036 sumatur
740 1966 930 2038 declaratio
944 1967 981 2035 iu
1002 1962 1070 2036 lroc
1089 1967 1177 2039 loco.
1334 1964 1525 2059 Utrunque
1547 1969 1808 2056 agnoscendum
1832 1980 1902 2050 est,
1930 1979 1965 2037 et
1980 1969 2084 2063 quod
2099 1970 2165 2041 sint
2182 1970 2208 2041 io

190 2070 232 2142 si
262 2073 456 2141 secundum
488 2092 631 2138 caruem
660 2068 838 2149 vixeritis,
881 2069 1104 2153 moriemini,
1142 2070 1177 2138 id
1233 2068 1364 2138 renatis
1380 2082 1538 2159 peccata,
1566 2083 1709 2160 propter
1723 2091 1814 2162 quse
1836 2093 1918 2139 vere
1935 2088 2208 2162 expavescerent

192 2189 259 2246 est:
281 2171 320 2245 Si
347 2169 538 2241 admittetis
560 2170 666 2239 salsas
689 2171 877 2261 opiniones
894 2184 929 2241 et
948 2171 1179 2260 indulgebitis
1232 2172 1352 2240 dolere
1377 2170 1527 2256 debent,
1559 2183 1593 2239 et
1618 2193 1741 2241 rursus
1763 2173 1988 2263 agnoscenda
2012 2186 2067 2245 est
2092 2176 2208 2264 magni·

190 2276 307 2365 pravis
331 2271 535 2354 affectibus,
560 2296 684 2341 narsus
706 2273 804 2342 eritis
832 2275 883 2342 rei
906 2286 1069 2343 aeternae
1095 2298 1180 2363 poe-
1233 2275 1320 2342 tudo
1348 2271 1613 2342 misericordiae
1636 2269 1729 2353 Dei,
1771 2273 1867 2366 quod
1889 2274 2020 2366 recipit
2045 2278 2209 2349 credemo

190 2404 276 2457 rarae,
300 2375 468 2445 amittetis
484 2375 632 2463 gratiam
651 2389 683 2443 et
698 2372 871 2464 Spiritum
886 2391 1056 2446 sanctum.
1084 2372 1181 2443 Hace
1233 2387 1377 2466 propter
1400 2373 1514 2443 filium
1538 2374 1664 2464 gratis,
1690 2388 1725 2445 et
1746 2375 1896 2446 affirmat
1920 2398 1957 2445 se
1984 2378 2081 2449 velle
2088 2431 2115 2465 ,‚
2129 2394 2166 2450 nt
2183 2381 2210 2449 in

191 2494 331 2569 peccata
348 2476 496 2545 nomino
510 2477 630 2567 lapsus
644 2491 765 2545 contra
789 2478 1041 2546 conscientiam
1067 2491 1101 2546 et
1125 2502 1180 2546 er·
1233 2477 1335 2545 nobis
1367 2476 1569 2547 obedientia
1600 2475 1788 2562 intuitur,
1828 2489 1863 2548 et
1887 2477 2031 2568 placere
2060 2504 2139 2551 eam
2158 2482 2209 2552 sili
2236 2470 2239 2481 ¹

191 2604 309 2650 rorem
327 2580 365 2648 in
380 2580 635 2661 fundamento,
658 2590 696 2647 ut
716 2602 795 2647 cnm
813 2579 883 2669 pii,
910 2580 971 2672 qui
988 2594 1081 2649 recta
1099 2602 1180 2646 seo·
1233 2601 1435 2672 quanquam
1453 2578 1557 2647 valde
1571 2578 1733 2663 mutilam
1752 2590 1786 2650 et
1801 2578 2032 2669 languidam,
2058 2583 2092 2654 si
2110 2596 2211 2655 tamen

192 2696 332 2760 serant,
356 2680 621 2779 amplectuntur
644 2680 751 2771 impia
772 2682 955 2768 dogmata,
982 2704 1043 2750 seu
1062 2704 1181 2750 errore
1232 2681 1345 2751 renati
1375 2691 1573 2770 repugnent
1593 2678 1732 2751 vitiosis
1761 2680 1966 2773 affectibus,
2010 2707 2053 2755 ae
2082 2686 2210 2757 doleant

124 2820 131 2831 ·
190 2809 251 2855 seu
276 2782 441 2853 scientes:
476 2796 515 2851 ut
540 2780 663 2863 multi,
694 2782 755 2875 qni
772 2796 873 2852 antea
892 2798 983 2851 recte
997 2797 1180 2852 senserant
1231 2807 1268 2853 se
1284 2777 1414 2851 habere
1432 2780 1517 2851 tales
1534 2783 1673 2865 sordes,
1694 2795 1727 2853 et
1741 2782 1809 2852 lide
1826 2795 1948 2874 petant
1962 2787 2210 2860 remissionem.

191 2886 344 2978 amplexi
360 2897 443 2955 aunt
463 2883 635 2952 Arianam
654 2884 881 2975 impietatem.
922 2880 1181 2954 Dehisomni·
1231 2882 1289 2962 De
1309 2879 1374 2952 hac
1396 2884 1599 2954 obedientia
1624 2883 1756 2955 dicitnr
1771 2881 1887 2956 Roma
1907 2882 1989 2959 14.:
2026 2886 2104 2979 Qui
2121 2886 2211 2961 inhia

190 2990 259 3059 bus
277 2988 432 3057 dicitnr:
461 2985 579 3055 Nolite
597 3008 739 3063 errare,
765 3000 992 3070 scortatores,
1018 2987 1182 3072 adulteri,
1231 2986 1337 3056 servit
1355 2980 1518 3071 Christo,
1544 2986 1635 3056 bene
1659 2987 1771 3078 placet
1788 2982 1885 3069 Deo,
1911 2989 1953 3058 'et
1976 2992 2152 3082 probatos
2174 3006 2210 3063 est

190 3091 383 3175 idolatrae,
419 3084 638 3169 homicidae,
674 3112 746 3157 noo
775 3090 1006 3180 possidebunt
1031 3112 1180 3179 reguum
1232 3083 1450 3161 hominibus.
1475 3086 1525 3158 lta
1541 3087 1784 3158 simolsuntet
1799 3111 1881 3159 vera
1899 3083 2102 3179 humilitas,
2117 3118 2211 3187 agno·

188 3192 268 3265 Dei,
1231 3213 1331 3259 scens
1348 3189 1527 3282 propriam
1547 3189 1806 3277 infirmitatem,
1835 3202 1871 3263 et
1895 3215 1982 3263 vere
1998 3195 2130 3268 dolens
2145 3221 2210 3289 pro

292 3290 346 3364 De
368 3291 479 3361 altero
500 3293 612 3383 gradu
635 3305 751 3360 autem
776 3291 923 3362 dicitur:
959 3291 997 3362 Si
1025 3293 1180 3362 actiones
1235 3305 1312 3382 pter
1336 3285 1399 3360 has
1425 3292 1600 3385 reliquias,
1619 3290 1770 3385 peccati,
1795 3305 1829 3362 et
1854 3308 2002 3365 econtra
2026 3300 2208 3371 consolatio

191 3396 306 3466 caruis
323 3394 450 3484 spiritu
466 3393 721 3464 mortificabitis
729 3394 895 3477 ,vivetis
947 3392 1092 3464 Fatetur
1109 3419 1181 3463 esse
1231 3418 1271 3463 ac
1286 3392 1418 3464 laetitia
1450 3394 1488 3463 in
1512 3391 1608 3479 Deo,
1642 3418 1734 3489 quae
1766 3407 1816 3465 est
1841 3394 1972 3466 fiducia
1999 3402 2210 3495 acquiescens

190 3501 229 3567 in
252 3496 381 3567 renatis
407 3497 562 3564 actiones
577 3495 712 3578 carnis,
738 3495 773 3564 id
792 3507 861 3575 est,
887 3495 1032 3566 affectus
1056 3520 1179 3566 carna·
1232 3510 1375 3587 propter
1390 3496 1637 3568 mediatorem:
1664 3496 1760 3568 iuxta
1777 3496 1926 3568 dictum:
1955 3496 2208 3575 lustificatilide

190 3602 241 3669 les
256 3613 289 3669 et
304 3597 492 3687 opiniones
508 3622 579 3667 uon
597 3611 828 3684 congruentes
848 3622 928 3667 cum
945 3596 1081 3689 Spiritu
1099 3623 1178 3667 san·
1232 3622 1349 3689 pacem
1366 3596 1552 3670 hahemus.
1603 3597 1752 3697 Semper
1765 3611 1881 3670 autern
1897 3600 1943 3670 sit
1968 3601 2009 3670 in
2033 3618 2209 3700 conspecta

190 3716 258 3772 cto.
309 3697 405 3768 Haec
426 3699 516 3768 mala
542 3699 642 3770 iubet
663 3698 867 3770 mortificari
891 3700 1039 3789 spiritu,
1064 3702 1180 3783 idest,
1231 3700 1421 3769 discrimen
1447 3700 1542 3773 inter
1572 3700 1700 3772 delicta
1732 3713 1856 3773 eontra
1884 3704 2161 3797 conscientiam,
2183 3718 2208 3779 et

192 3804 291 3873 iubet
313 3815 353 3871 ut
372 3801 485 3871 renati
509 3800 580 3872 siut
599 3800 725 3871 intenti
752 3816 787 3872 et
811 3802 1016 3894 vigilantes,
1049 3827 1094 3872 ne
1116 3806 1179 3872 ad·
1232 3802 1359 3874 delicta
1375 3826 1448 3872 non
1464 3817 1587 3875 contra
1604 3802 1869 3880 conscientiam.

101 3920 104 3927 '
190 3906 344 3997 probent
358 3903 463 3972 salsas
479 3896 677 3996 opiniones.
730 3900 837 3984 ltem,
864 3904 980 3989 iubet,
1011 3919 1050 3975 ut
1072 3929 1176 3994 repu-
1338 3966 1346 3986 ,
1414 3966 1458 3986 „
1582 3969 1590 3987 ,
1872 3969 1880 3989 ,
2060 3977 2085 3998 ..

190 4021 300 4098 guent
323 4005 440 4098 pravis
469 4004 671 4086 affectibus,
713 4027 778 4074 nec
804 4021 909 4077 ruant
939 4019 1061 4077 eontra
1093 4032 1178 4078 con·
1265 3962 1344 4067 Qm
1359 3979 1494 4066 ⁸W⁸¹¹¹
1511 3964 1587 4041 9⁶⁸
1605 3966 1810 4053 dmm*
1835 3963 1878 4042 ὼ
1892 3972 2082 4072 'unifih'
2096 3976 2178 4059 Dii·

189 4109 385 4181 scientiam.
1334 4107 1450 4180 Antea
1474 4108 1594 4201 posuit
1617 4109 1915 4203 propositionem,
1946 4111 2141 4193 Debitores
2161 4142 2208 4191 to·

292 4207 491 4299 Diligenter
506 4221 622 4278 autem
640 4209 804 4278 observes
829 4210 922 4302 quod
949 4210 1016 4295 ait,
1043 4210 1179 4303 Spiritu
1232 4231 1332 4295 mus,
1359 4224 1392 4281 et
1410 4211 1622 4284 asseveravit
1644 4237 1773 4283 novam
1795 4214 2039 4289 obedientiam
2066 4244 2208 4295 necesst-

190 4312 453 4382 mortificandas
470 4335 543 4380 esse
562 4310 719 4382 actiones
740 4312 873 4380 earnis:
901 4313 984 4405 quia
1009 4337 1179 4403 magnum
1232 4313 1320 4381 riam
1348 4335 1439 4398 esse,
1471 4326 1506 4384 et
1528 4312 1667 4385 addidit
1688 4328 1893 4406 argumenta
1915 4341 1936 4388 a
1959 4323 2093 4413 poenis
2113 4339 2147 4398 et
2164 4348 2208 4396 re·

191 4415 382 4484 discrimen
407 4427 458 4482 est
482 4413 575 4482 inter
600 4409 725 4506 loseph
751 4426 785 4482 et
809 4412 1030 4503 Scipionem,
1064 4440 1178 4508 quan·
1232 4414 1389 4484 tentione
1411 4415 1544 4506 gratiae
1573 4429 1608 4486 et
1632 4417 1724 4486 vitae
1745 4432 1919 4491 aeternae.
1997 4420 2108 4498 Nune
2127 4426 2209 4500 addit

191 4539 298 4611 quam
315 4530 464 4606 uterque
479 4515 593 4586 frenat
612 4515 873 4596 locomotivam,
897 4540 941 4585 ne
955 4517 1060 4587 faciat
1076 4518 1177 4588 adul·
1232 4529 1478 4607 argumentum
1495 4541 1515 4587 a
1530 4540 1633 4588 causa
1647 4519 1819 4590 alliciente
1836 4533 1871 4592 et
1886 4544 1906 4592 a
1920 4526 2104 4615 possibili.

189 4617 331 4689 terium.
398 4613 476 4685 Etsi
507 4617 602 4685 enim
634 4632 668 4687 et
691 4616 870 4707 Scipionis
900 4619 1036 4709 egregia
1068 4620 1179 4691 virtus
1386 4617 1514 4709 Qualis
1531 4620 1768 4708 estelliciens,
1795 4621 2118 4703 talissitellectus:

190 4734 260 4806 est,
282 4733 402 4788 tamen
420 4719 561 4787 estsine
577 4742 656 4788 vera
674 4719 856 4809 agnitione
880 4733 914 4790 et
936 4722 1013 4790 sine
1033 4720 1178 4791 invoca·
1387 4719 1428 4791 lu
1447 4746 1526 4791 vera
1542 4722 1774 4792 conversione
1787 4722 1927 4815 Spiritu
1939 4744 2068 4804 sancto
2082 4734 2209 4827 erigon-
2251 4784 2253 4797 =

59 4812 76 4905 ¹,
189 4824 288 4894 tione
304 4818 391 4903 Dei,
426 4832 459 4887 et
488 4845 561 4889 non
583 4821 734 4892 refertur
756 4823 798 4889 ad
827 4821 974 4913 gloriam
997 4821 1084 4904 Dei,
1116 4826 1175 4893 sed
1441 4839 1502 4896 tur
1518 4826 1622 4894 corda
1641 4828 1842 4918 perfidem:

188 4939 239 4996 est
275 4936 413 4992 tantum
452 4920 686 4992 locomotivae
726 4924 909 5013 repressio.
977 4923 1018 4994 ln
1049 4920 1178 5015 Ioseph
1384 4923 1466 4997 Sint
1503 4925 1612 5015 igitur
1650 4942 1768 4998 motus
1802 4947 2038 5021 congruentes
2071 4935 2207 5033 Spiritui

186 5042 303 5097 antem
338 5026 431 5094 lucet
463 5023 596 5113 agnitio
631 5024 705 5095 veri
738 5025 828 5113 Dei,
868 5041 903 5097 et
926 5026 964 5097 fit
990 5027 1178 5098 invocatio.
1433 5042 1567 5100 sancto.

186 5126 357 5218 Agnoscit
381 5122 509 5219 loseph
531 5151 567 5195 se
594 5127 729 5216 plaeere
750 5125 826 5198 Deo
857 5142 1002 5220 propter
1026 5130 1177 5221 promis-
1332 5126 1429 5199 Haec
1452 5129 1614 5200 doctrina
1639 5129 1684 5199 de
1714 5130 1910 5205 donatione
1932 5133 2093 5229 Spiritus
2111 5139 2206 5212 sancti

187 5255 265 5300 som
281 5230 496 5314 llominum,
522 5243 556 5298 et
581 5228 731 5298 laetatur
759 5229 798 5296 in
819 5253 882 5310 eo,
910 5244 944 5299 et
962 5234 1048 5320 petit
1072 5234 1117 5302 ab
1135 5257 1177 5301 eo
1230 5253 1332 5323 saepe
1349 5233 1418 5299 iam
1437 5232 1583 5325 repetita
1598 5246 1667 5317 est,
1690 5245 1722 5301 et
1740 5255 1842 5325 saepe
1856 5237 2049 5329 cogitanda
2065 5259 2117 5317 est
2136 5268 2208 5314 ton·

185 5332 503 5419 gubernationem,
537 5343 688 5423 praestat
713 5325 806 5400 hanc
828 5332 1066 5405 obedientiam
1091 5331 1178 5421 Deo,
1233 5335 1418 5405 solationis
1440 5357 1562 5422 causa,
1586 5346 1626 5404 ut
1647 5338 1860 5409 accendatur
1879 5340 2075 5421 invocatio.
2132 5342 2209 5419 com
