4522 5782
109 210 187 291 sas
314 204 318 209 “
701 196 832 280 mlle
857 194 1213 281 masculeta
1238 202 1560 292 nmmum·
1735 238 1739 243 ·
1810 134 1984 281 estut
2065 218 2089 295 e

45 390 54 403 ⁴
117 397 188 459 stas
216 374 372 453 clavium
402 367 616 447 nonhabet
646 374 857 448 mandatum
892 374 1109 470 imponendi
1164 373 1322 472 Oportet
1350 382 1422 455 nos'
1452 380 1532 457 beri
1552 382 1686 456 simila
1705 382 2077 479 impet-stitus

122 507 266 580 poenae,
592 546 603 575 ‚
1165 478 1225 553 hic
1238 485 1307 571 ait,
1337 480 1534 559 Ecclesiam
1549 488 1743 560 subiectam
1757 510 1833 561 ease
1853 493 1982 579 morti,
2012 516 2089 588 paup

221 583 407 666 Secundo,
439 576 591 651 Etiamsi
614 575 713 649 Deus
740 578 935 674 aliquando
959 579 1113 674 imponit
1165 606 1329 676 praesens
1342 604 1546 679 peccatum,
1564 605 1607 663 ut
1621 592 1806 665 aboleatur
1820 593 1950 665 vitiosa
1963 619 2060 668 caro.

123 711 272 785 poenas,
306 700 347 756 ut
360 681 493 755 Davidi
515 693 597 775 post
617 682 854 768 adulterium,
885 696 1005 754 tamen
1029 684 1114 754 inde
1165 700 1283 759 tamen
1301 692 1412 777 addit,
1427 715 1502 763 esse
1518 690 1688 766 liberatus
1702 718 1723 764 a
1738 696 1854 766 mo'rte
1866 699 2089 781 credentum

125 816 200 864 non
216 787 387 879 litregula
403 783 630 857 universalis:
663 795 700 855 et
713 805 937 879 nequaquam
959 787 1115 858 sentien·
1165 788 1270 878 licet,
1295 790 1520 888 quia-vivant
1534 794 1684 890 spiritu,
1716 811 1751 870 et
1767 797 1864 871 Deus
1885 822 2012 874 rursus
2033 801 2078 877 sit

128 894 215 966 dnm
247 904 317 977 εει,
358 890 501 960 nullum
531 899 711 977 peccatum
736 887 869 956 remitti
890 888 967 958 sine
988 910 1114 981 poena,
1165 893 1546 991 vificaturuscorpora.

128 996 213 1091 quia
244 991 506 1086 promissiones¹
529 987 634 1059 toties
664 989 846 1059 inculcant
874 990 979 1062 nubis
1009 990 1114 1062 etiam

130 1118 325 1191 poenarum
357 1091 612 1163 remissionem.
677 1087 784 1176 ltem,
832 1088 985 1163 Etiamsi
1012 1093 1117 1188 tllcus

130 1220 263 1293 poenas
279 1194 480 1288 corporales
494 1192 676 1286 aliquibus
691 1191 867 1283 imponit,
901 1209 1020 1266 tamen
1042 1220 1118 1266 non
1270 1183 1394 1283 ltaque
1413 1185 1452 1257 in
1474 1184 1541 1261 hac
1559 1192 1749 1263 collatione
1772 1187 1860 1263 heec
1880 1192 2050 1280 tradidit,
2077 1189 2089 1263 l

132 1313 279 1401 possunt
297 1296 430 1369 remitti
445 1307 617 1387 potestate
631 1295 855 1381 clavium,nt
871 1298 1000 1380 morbi,
1014 1299 1120 1385 bella,
1169 1312 1311 1359 menam
1342 1303 1506 1360 naturam
1533 1317 1608 1363 uon
1630 1316 1733 1386 posse
1760 1295 1961 1366 satisfacere
1986 1295 2089 1387 legil

132 1419 167 1476 et
181 1402 315 1475 similes
327 1398 556 1470 calamitates·
1169 1415 1278 1485 quare
1299 1392 1437 1463 iusticia
1462 1395 1613 1466 carnalis
1629 1410 1767 1469 nonest
1782 1397 1920 1468 iusticia
1936 1420 2056 1468 curam
2070 1394 2089 1469 1

235 1501 419 1574 Praeterea
456 1495 653 1598 peculiares
689 1497 904 1572 afflictiones
940 1501 1121 1575 interdum
1170 1516 1236 1564 nec
1250 1492 1416 1567 viviticat·
1467 1490 1620 1567 Etiamsi
1642 1510 1760 1569 autem
1784 1498 1823 1568 in
1849 1499 1981 1569 sannis
2003 1512 2089 1571 ests

132 1605 264 1678 sanctis
285 1604 543 1695 imponuntur,
574 1597 751 1671 utllsaias
766 1615 819 1672 est
840 1602 1030 1691 dissectus,
1065 1602 1122 1675 le·
1170 1620 1240 1690 qua
1260 1620 1363 1683 caro,
1395 1609 1515 1669 tamen
1540 1600 1679 1691 placent
1703 1600 1778 1672 Deo
1800 1617 1947 1692 propter
1964 1596 2089 1674 Christi

133 1709 262 1781 remias
277 1705 474 1797 lapidatus,
501 1701 652 1773 loannes
666 1697 824 1794 Baptista
843 1706 1038 1778 decollatus
1056 1722 1122 1782 etc.
1172 1710 1209 1770 el
1224 1710 1309 1771 tuni
1321 1701 1465 1772 flbfflli
1478 1725 1499 1771 ⁸
1513 1716 1647 1788 mlle,
1659 1702 1707 1776 ll·
1722 1718 1763 1776 ut
1778 1703 1908 1796 ‘Plrilu
1922 1702 2089 1798 tinniat

133 1812 209 1883 Hae
233 1806 442 1880 alllictiones
465 1828 541 1875 nou
563 1816 647 1874 sunt
669 1825 804 1895 poenae
826 1832 891 1898 pro
913 1810 1017 1881 certis
1041 1832 1123 1902 pec-
1171 1797 1336 1874 Christus
1350 1802 1390 1874 iu
1404 1802 1456 1876 eis
1467 1816 1521 1877 est
1536 1805 1675 1887 efficax,
1705 1821 1741 1878 et
1757 1805 1890 1896 incepit
1903 1827 1967 1877 tot
1981 1804 2089 1877 vivifi

134 1912 242 1996 catis,
276 1911 337 1980 sed
351 1907 544 1999 singularia
561 1929 687 1999 opera,
718 1907 756 1975 iu
774 1910 905 2002 quibus
919 1911 1020 1983 Deus
1045 1913 1123 1984 vult
1172 1902 1310 1996 Spiritu
1340 1918 1475 1982 sencio·
1537 1904 1631 1978 Caro
1656 1923 1775 1982 aulem
1803 1922 1952 2000 propter
1977 1920 2089 2000 pessel

8 2032 12 2040 '
134 2015 320 2087 ostendere
341 2034 441 2081 suam
466 2010 627 2100 gloriam.
685 2005 787 2081 Sicut
808 2025 843 2082 et
862 2009 1041 2106 Propheta
1063 2014 1120 2084 in·
1173 2008 1279 2079 morti
1302 2010 1476 2081 destinata
1498 2021 1569 2095 est,
1601 2020 1643 2081 ιιι
1663 2011 1797 2083 abolita
1816 2023 2009 2097 vetustate,
2035 2032 2089 2083 sut

134 2118 228 2212 quit:
267 2112 384 2185 Etiam
411 2112 618 2183 innocentes
637 2108 762 2183 bibent
784 2113 927 2184 calicem
958 2130 1023 2191 etc.
1073 2112 1122 2186 Et
1172 2110 1363 2182 vestiamur
1376 2135 1501 2194 cirne,
1527 2114 1567 2182 iu
1583 2136 1654 2206 (1¹¹³
1669 2109 1763 2183 nihil
1778 2114 1825 2184 til
1839 2111 1933 2186 vilil-

133 2214 204 2289 huc
221 2217 374 2311 pertinet
388 2215 582 2308 disputatio
600 2208 684 2298 lob,
709 2214 772 2305 qui
789 2231 892 2307 negat
914 2240 952 2289 se
976 2231 1122 2311 propter
1272 2209 1430 2286 Proinde
1455 2216 1614 2288 eontinet
1636 2210 1695 2286 hic
1717 2216 1817 2289 locus
1837 2212 2075 2305 multiplicem

134 2333 273 2413 peccata
289 2317 411 2408 ellligi.
462 2313 573 2386 Docet
590 2314 1004 2413 enimpiosutrumque‚
1023 2323 1118 2414 quod
1171 2317 1334 2393 ctrinam.
1385 2315 1528 2404 Primo,
1553 2318 1650 2410 quod
1666 2313 1822 2391 humana
1839 2331 2089 2407 naturauuu1

135 2436 281 2515 propter
293 2419 505 2490 alllictiones
518 2441 594 2488 nou
610 2418 682 2489 sint
702 2417 835 2491 reiecti.
888 2417 997 2502 ltem,
1021 2425 1119 2517 quod
1171 2420 1217 2493 sit
1238 2422 1435 2493 satisfacere
1458 2421 1527 2510 legi
1551 2420 1630 2492 Dei.
1680 2420 1867 2500 Secundo,
1900 2419 2002 2514 quod
2023 2419 2089 2489 iust

134 2523 346 2595 alllictiunes
376 2522 606 2613 imponantur
634 2519 740 2589 etiam
773 2521 846 2591 aliu
870 2523 1020 2595 consilio
1039 2520 1119 2608 Dei,
1170 2525 1339 2610 carnalis,
1376 2548 1442 2595 nec
1473 2523 1638 2594 iustificet
1669 2548 1734 2595 uec
1755 2523 1910 2595 vivificet
1930 2515 2089 2593 coraml

134 2648 200 2696 nec
218 2648 356 2716 semper
370 2624 442 2692 sint
457 2645 591 2713 poenae
608 2634 784 2692 certorum
800 2639 1035 2715 peccatorum.
1170 2624 1313 2713 Tertio,
1336 2628 1518 2720 quomodo
1538 2627 1700 2717 placeant
1712 2627 1843 2712 sancti,
1874 2637 1910 2694 et
1924 2623 2089 2695 libereuts

236 2724 332 2796 Hinc
354 2724 577 2818 perspicuum
609 2735 661 2793 εει
692 2748 767 2794 non
791 2750 864 2795 esse
887 2728 1045 2818 regulam
1064 2728 1118 2798 la·
1169 2744 1301 2816 morte,
1342 2730 1479 2799 etiamsi
1507 2725 1624 2800 adhuc
1659 2723 1779 2802 haeret
1814 2730 1854 2799 in
1887 2727 1940 2797 eis
1965 2739 2089 2819 peccat

23 2922 25 2927 Ι
132 2829 314 2914 ciendam,
342 2830 437 2922 quod
453 2826 663 2897 afflictiones
675 2827 1036 2915 sintsatisfactionea,
1059 2845 1120 2902 aut
1170 2829 1326 2921 Quarto,
1357 2844 1630 2925 propterquam
1651 2855 1791 2903 causam
1815 2827 1976 2901 Ecclesia
2001 2830 2089 2901 sita

131 2955 346 3024 poenaepru
367 2928 472 3003 certis
494 2929 654 3020 peccatis.
706 2926 757 3002 Ut
780 2930 890 3020 igitur
910 2933 1119 3005 asllictioues
1169 2936 1257 3006 lecta
1272 2935 1527 3005 afflictionibus
1540 2946 1574 3005 et
1595 2934 1715 3004 murti.
1767 2932 1926 3023 Quinto,
1962 2934 2089 3026 quidt

131 3058 207 3105 nou
237 3047 322 3106 sunt
353 3054 491 3125 temper
512 3055 665 3123 poenae,
697 3032 745 3102 ita
770 3031 847 3103 sine
869 3036 973 3106 certis
995 3037 1118 3127 poenit
1168 3037 1366 3129 significent
1382 3037 1552 3108 vocabula
1565 3033 1693 3108 Carnis
1706 3049 1741 3107 et
1757 3034 1927 3128 Spiritus·

130 3160 233 3233 saepe
262 3135 495 3208 remittuntur
523 3146 679 3223 peccata,
707 3134 802 3204 sicut
826 3138 1003 3227 promittit
1022 3136 1119 3209 Deus

129 3239 169 3308 in
186 3240 379 3329 scriptura,
404 3236 590 3328 agentibus
607 3237 861 3324 poeniteutiam
877 3241 1118 3329 mitigaturum

129 3363 166 3410 se
198 3363 271 3410 esse
303 3340 528 3412 calamitates.
584 3334 633 3409 Et
652 3333 786 3411 Paulus
822 3340 956 3435 inquit:
991 3341 1031 3413 si
1054 3367 1119 3413 nos
1270 3333 1451 3404 Hactenus
1465 3335 1617 3408 ebtolvlt
1631 3337 1829 3408 doctrinam
1844 3333 2089 3411 deiutlificatis

130 3442 199 3536 ipsi
217 3441 475 3524 indicaremus,
500 3464 575 3510 non
591 3438 831 3513 iudicaremur
845 3466 864 3511 a
880 3444 1049 3516 Domino.
1170 3437 1275 3508 Nunc
1298 3438 1408 3529 igs'tur
1429 3460 1570 3509 necesse
1588 3453 1640 3512 εει
1663 3440 1750 3509 addi
1771 3441 1973 3511 doctrinam
1994 3441 2040 3510 de
2063 3465 2087 3510 n

231 3542 417 3615 Postremo
434 3543 523 3612 illud
541 3543 721 3613 sciendum
738 3558 806 3628 εει,
833 3542 910 3615 Ειεί
926 3547 1120 3638 imponnn-
1168 3541 1382 3611 ohedientia.
1437 3538 1525 3609 Nam
1543 3555 1576 3612 et
1592 3539 1678 3613 haec
1701 3565 1782 3635 pars
1805 3544 1842 3613 in
1860 3539 2022 3613 Ecclesia
2040 3557 2089 3615 ext

129 3659 189 3718 tur
204 3669 338 3739 poenae
353 3645 410 3716 vel
424 3643 606 3730 exercitia,
629 3656 747 3715 tamen
761 3669 837 3716 non
854 3662 937 3721 sunt
953 3673 1122 3741 compen·
1167 3646 1293 3728 debet,
1331 3656 1373 3713 ut
1402 3642 1640 3732 intelligatur,
1682 3645 1799 3738 qtralis
1821 3647 1867 3716 sit
1889 3646 2089 3716 obedientia

127 3749 281 3818 sationes
315 3771 380 3839 pro
412 3761 527 3817 morte
558 3761 720 3837 aeterua,
753 3750 1002 3840 quietantum
1026 3777 1122 3822 mors
1166 3747 1315 3830 sanctis,
1344 3745 1498 3838 etquale
1514 3747 1777 3838 deprecatum,
1811 3749 2071 3842 propterquod

126 3847 263 3922 Christi
292 3864 345 3921 est
374 3848 563 3920 satisfactio
594 3863 627 3919 et
656 3852 896 3940 compensatio
920 3878 986 3944 pro
1007 3868 1122 3925 morte
1167 3849 1292 3919 cidunt
1330 3849 1462 3937 gmtia,
1503 3863 1538 3919 ct
1570 3846 1883 3936 amittuntlidem
1916 3863 1950 3920 et
1981 3850 2089 3945 Spirit

126 3968 280 4028 aeterna.
314 3950 415 4023 Sicut
437 3951 693 4043 scriptumest:
727 3950 821 4041 Quia
839 3968 947 4045 ponet
965 3956 1120 4026 animam
1167 3964 1342 4021 sanctum.

126 4079 226 4127 suam
245 4069 479 4147 propeccato.
534 4051 639 4123 ltems
667 4048 833 4141 Omors,
859 4072 1121 4143 erumorstua‚
1269 4050 1428 4122 Instituit
1454 4073 1536 4141 ergo
1557 4049 1690 4125 Paulus
1713 4052 2013 4147 propositionem:
2046 4050 2089 4125 De

125 4173 194 4230 etc.
248 4154 369 4245 Quare
382 4156 506 4246 opinio
531 4155 816 4226 adversariorum
841 4160 888 4228 de
911 4160 1121 4231 satisfactio·
1166 4169 1259 4226 tores
1272 4177 1414 4233 sumus,
1435 4160 1480 4224 ne
1495 4155 1703 4235 obediamus
1720 4155 1828 4225 carni.
1881 4154 1974 4225 Nam
1988 4164 2089 4227 euml

127 4259 234 4328 nibus
250 4258 443 4327 reiicienda
461 4271 523 4328 εει.
1166 4257 1417 4340 ιειιεεεῐιιιιιι,’
1442 4257 1605 4327 incoatnr
1639 4260 1782 4329 novitas
1807 4257 2026 4355 spiritualis,
2061 4284 2089 4352 qt

229 4357 413 4431 Caeterum
429 4363 573 4451 prodest
593 4370 786 4451 utrumque
808 4359 981 4431 inculcari
996 4359 1119 4432 Eccle-
1164 4373 1215 4429 εει
1234 4359 1370 4428 incoata
1396 4358 1597 4430 ohedientia
1619 4383 1700 4450 erga
1722 4357 1867 4445 Deum,
1901 4384 1962 4431 scu
1985 4361 2071 4449 legis

125 4459 209 4547 siis,
243 4475 277 4531 et
292 4464 386 4555 quod
406 4462 531 4552 puniat
549 4459 645 4531 Deus
672 4475 829 4552 peccata,
864 4464 969 4531 etiarn
990 4485 1117 4555 corpo·
1164 4461 1278 4532 cuatio
1301 4461 1339 4529 in
1365 4461 1543 4532 cordibus.
1594 4459 1642 4533 Ut
1668 4465 1838 4554 scriptum
1865 4475 1935 4534 est:
1973 4460 2075 4533 Dabo

126 4564 262 4633 ralibus
286 4564 427 4652 poenis,
468 4576 502 4634 et
524 4565 623 4655 quud
645 4563 783 4652 mitiget
805 4587 936 4653 poenas
957 4579 1117 4635 autmu-
1161 4585 1367 4652 gemmeam
1388 4562 1424 4630 in
1443 4564 1698 4641 cordaeurum.
1746 4562 1844 4653 Ergo
1866 4565 1939 4634 iam
1962 4564 2026 4635 illa
2050 4590 2089 4635 nu

124 4678 175 4737 tet
189 4678 334 4757 propter
348 4663 616 4756 poenitentiam.
668 4663 760 4734 Sunt
778 4679 811 4734 et
827 4667 979 4735 docendi
1000 4667 1052 4758 pii
1076 4668 1114 4736 in
1162 4679 1213 4733 tas
1229 4661 1358 4736 habeat
1373 4685 1456 4733 suos
1470 4665 1629 4751 effectus,
1656 4678 1818 4757 agnoscat
1836 4666 1951 4738 Deum
1965 4682 2001 4738 et
2017 4669 2048 4739 ei
2062 4669 2089 4739 ol

123 4765 398 4851 afflictionibus,
423 4766 813 4838 utsciantalllictiones
831 4790 993 4838 nonesse
1013 4769 1114 4857 signa
1161 4768 1254 4852 dist,
1292 4780 1326 4837 et
1353 4781 1526 4856 repugnet
1554 4767 1710 4843 motibus
1732 4768 1867 4855 carnis,
1916 4770 1981 4864 qui
2007 4770 2089 4864 rapit

123 4869 215 4954 irae,
247 4868 383 4939 etiamsi
398 4882 514 4939 essent
530 4891 682 4962 poenae,
716 4882 883 4941 ettamen
900 4894 945 4940 ne
969 4871 1112 4964 quidem
1159 4870 1517 4941 corstruvoluntotem
1534 4866 1613 4944 Dei.

123 4993 261 5062 semper
287 4993 417 5060 poenas
439 4993 530 5052 esse,
563 4972 624 5040 sed
649 4970 812 5040 exercitia
836 4985 895 5043 aut
918 4971 1111 5062 singularia
1260 4970 1357 5043 Dicit
1371 4984 1488 5040 autem
1503 4971 1650 5044 diserte:
1667 4970 2005 5052 Debitoreasumns.
2046 4972 2089 5045 Ha

120 5097 245 5167 opera,
270 5070 1111 5167 inquibusDeusvultuosagnoscereiufirmi-
1158 5095 1281 5143 vocem
1317 5074 1467 5164 opponit
1503 5074 1595 5143 male
1632 5075 1914 5165 intelligentibus
1949 5078 2089 5151 libertas

121 5188 228 5245 tatem
245 5189 424 5260 nostram,
450 5189 484 5245 ει
500 5196 620 5244 ιιιιειιε
637 5174 705 5241 tide
719 5186 755 5244 ει
768 5174 991 5247 invocatione
1003 5175 1110 5266 erigi,
1157 5176 1419 5264 evangelicam,
1443 5177 1696 5271 quaeliberat,
1730 5201 1776 5246 ne
1791 5200 2003 5251 accusemur
2025 5179 2089 5261 ale

121 5291 163 5347 ut
191 5293 322 5348 crescat
354 5277 496 5345 novitas
524 5274 729 5368 spiritualis.
786 5274 841 5346 lta
867 5274 1025 5347 Ecclesia
1056 5291 1109 5350 est
1157 5279 1390 5363 nonliberat,
1416 5279 1692 5350 neobediamus.
1743 5277 1868 5349 Manet
1882 5282 1982 5351 enim
2005 5297 2089 5355 aeter

120 5376 277 5449 subiecta
294 5378 569 5467 afflictionibus,
596 5374 688 5451 sic'ut
701 5378 793 5451 iufra
810 5402 934 5452 rursus
951 5380 1106 5454 dicetur:
1155 5376 1191 5453 et
1204 5381 1440 5456 immutabilis
1460 5382 1662 5471 ordinatio,
1694 5394 1737 5455 nt
1753 5382 1966 5458 obediamus
1978 5382 2074 5473 Deo,

1496 1063 1828 1149 Epilogus.

1342 3194 1520 3284 Fratres,
1554 3194 1733 3273 debitores
1748 3224 1896 3283 sumus,
1922 3207 1987 3277 etc.
