4522 5782
108 194 182 273 190
701 182 829 258 PlllL.
854 178 973 257 Mut.
997 176 1211 257 SCRIPTA
1234 179 1537 261 uquutlca
2056 180 2132 257 2⁰⁰

111 396 150 447 se
170 364 241 441 diei
265 386 404 449 servos,
434 359 518 456 qoia
536 356 688 445 teneant*¹
710 356 941 446 religionem,
975 354 1103 438 cultos,
1152 352 1267 429 fruitio
1283 356 1500 444 declaretur,
1524 376 1663 426 necesse
1679 364 1732 425 est
1748 346 1919 433 adbibere
1935 350 2145 445 explicatio-

112 472 276 569 politiam
313 465 483 540 traditam
525 461 717 545 divinitus,
769 472 804 531 et
845 456 1104 528 ratiocinantur
1153 480 1236 529 uem
1257 459 1303 529 de
1331 460 1451 533 modo.
1517 458 1601 531 Ideo
1632 456 1777 527 additur
1814 456 1925 527 altera
1956 454 2146 541 sententia,

114 574 232 649 Deum
246 568 316 641 boc
330 571 408 662 ipso
432 558 605 635 benefacio
630 563 794 632 defensae
819 573 852 630 et
877 570 1105 631 conservatae
1144 560 1335 650 'quomodo
1358 555 1521 631 homines
1542 569 1805 652 consequantur
1822 551 1915 627 hanc
1931 556 2147 643 libertatem,

117 672 292 747 libertatis
314 668 454 754 testari,
483 666 579 761 quod
604 658 665 733 hic
687 663 732 734 sit
749 662 900 755 populus
915 660 1005 746 Dei,
1030 655 1106 743 Deo
1155 662 1238 751 quia
1253 662 1387 734 dictum
1403 657 1554 733 Christi:
1590 658 1665 749 Qui
1679 658 1763 729 iacit
1786 674 1989 751 peecatum,
2022 678 2161 729 servus·

119 778 274 873 placens.
332 770 431 842 Haec
460 782 511 839 est
530 766 703 837 sententia
727 760 835 834 heim
857 760 1109 855 responsionis,
1156 777 1208 834 est
1234 766 1384 856 peccati,
1426 764 1592 836 omnibus
1612 757 1767 832 detrahit
1788 759 1939 850 gloriam
1969 757 2146 831 libertatis

122 902 214 973 quae
236 876 410 966 gloriatur
433 874 477 941 de
503 868 705 960 posteritate
728 860 913 949 Abrahae,
945 877 979 933 et
999 863 1109 934 liber·
1158 886 1219 935 seu
1235 865 1394 937 iusticiae
1409 864 1631 949 coramDeo,
1656 862 1862 933 diritatiam
1878 856 1963 947 hos,
1988 861 2054 954 qui
2067 862 2147 951 glo·

123 993 216 1064 tate,
241 992 380 1048 ostensa
395 975 432 1041 in
447 969 755 1071 promissionibus,
781 990 870 1060 quae
884 964 1109 1035 erantfactae
1158 968 1298 1039 riantur
1321 969 1420 1059 lege,
1445 991 1519 1038 esse
1542 986 1662 1036 servos
1685 962 1836 1055 peccati,
1866 957 1936 1033 boe
1957 974 2032 1044 est,
2064 984 2145 1061 reos

123 1080 305 1174 patribus,
330 1097 475 1169 prorsus
496 1086 536 1143 ut
556 1094 652 1141 nunc
673 1083 791 1139 coetus
813 1068 1015 1158 pontificius
1035 1064 1111 1155 glo-
1159 1082 1193 1139 et
1208 1070 1382 1140 subiectos
1397 1072 1469 1141 irae
1484 1070 1574 1153 Dei,
1598 1082 1632 1138 et
1646 1064 1887 1157 damnationi,
1913 1072 1980 1135 iaec
2001 1078 2147 1159 propter

125 1182 241 1253 riatur
265 1182 309 1251 de
329 1174 604 1271 praescriptione
630 1172 725 1242 tituli
740 1168 934 1255 Ecclesiae,
975 1189 1112 1259 semper
1160 1172 1272 1262 legem
1286 1171 1363 1242 beri
1377 1186 1535 1265 acceptos
1549 1171 1641 1241 Deo.

126 1306 234 1376 penes
249 1283 343 1373 ipsos
360 1278 465 1348 fuisse
480 1274 733 1367 professionem
761 1271 964 1361 religionis,
996 1282 1031 1339 et
1052 1291 1113 1337 or·
1261 1272 1374 1345 Addit
1394 1297 1476 1365 ergo
1501 1268 1731 1343 necessariam
1750 1268 1951 1340 doctrinam
1976 1268 2022 1339 de
2042 1280 2148 1339 caum

126 1384 301 1455 dinariam
320 1392 525 1473 potestatem
542 1398 601 1447 seu
618 1373 909 1464 gubernationem
925 1370 1113 1449 Ecclesiae,
1162 1388 1198 1446 et
1225 1377 1331 1445 modo
1360 1374 1591 1447 liberationis.
1657 1368 1698 1443 si
1719 1368 1814 1443 filius
1837 1392 1901 1440 vos
1928 1368 2147 1457 liberaverit,

127 1486 209 1555 ideo
226 1507 299 1553 non
314 1504 387 1550 esse
401 1478 683 1550 dissentiendum
696 1477 741 1545 ab
757 1475 916 1566 ipsorum
932 1471 1115 1545 sententiis
1162 1499 1245 1546 vere
1258 1476 1363 1547 liberi
1389 1477 1504 1563 eritis,
1544 1474 1645 1569 quasi
1675 1472 1787 1545 dicat:
1830 1468 1922 1543 Cum
1953 1471 2048 1542 servi
2070 1472 2149 1543 sitis

128 1599 165 1657 et
182 1584 366 1675 dogmatis.
1164 1580 1313 1671 peccati,
1339 1602 1404 1649 nec
1428 1579 1482 1649 lex
1504 1578 1606 1649 tollat
1622 1587 1800 1669 peccatum
1814 1585 1848 1644 et
1864 1574 1953 1643 iram
1967 1570 2055 1659 Dei,
2081 1596 2149 1645 ne·

265 1750 274 1770 ,
374 1750 383 1769 ,
479 1747 486 1767 ,
1075 1742 1084 1761 ,
1163 1702 1256 1749 cesse
1270 1694 1322 1751 est
1338 1703 1402 1750 vos
1417 1682 1532 1750 alieno
1550 1676 1721 1749 beneficio
1742 1675 1908 1761 liberari,
1939 1689 1975 1747 et
1999 1674 2146 1770 quidem

153 1746 291 1825 ΟΜΝ
314 1776 378 1850 ‘1¹¹²
396 1748 499 1851 sam
512 1755 717 1848 P⁶⁶⁶⁰¹um2
742 1768 866 1817 smus
882 1751 1092 1843 minam
1163 1780 1227 1850 blii
1243 1778 1330 1873 Dei,
1356 1784 1419 1877 qni
1437 1797 1488 1853 est
1508 1784 1585 1852 sine
1605 1790 1766 1871 peccato,
1798 1778 1966 1847 dominus
1989 1788 2025 1847 et
2046 1778 2150 1847 dator

232 1883 452 1956 Gravissima
468 1882 633 1953 refutatio
651 1894 701 1951 est
723 1881 875 1951 carnalis
895 1868 1117 1970 gloriationis
1165 1882 1323 1953 iustitiae
1339 1898 1374 1954 et
1391 1886 1482 1953 vitae
1496 1899 1677 1966 aeternae,
1702 1878 1831 1949 missus
1847 1904 1867 1949 a
1882 1874 1979 1963 Deo,
2005 1892 2048 1949 ut
2061 1876 2149 1949 affe-

128 1992 174 2061 de
194 1988 376 2073 libertate,
414 2010 505 2078 quae
530 1983 687 2054 continet
709 1982 883 2074 egregiam
904 1982 1117 2073 doctrinam,
1165 1998 1219 2054 rat
1236 1998 1269 2054 et
1281 1986 1459 2077 impertiat
1482 1980 1804 2056 reconciliationem
1821 1980 2049 2051 credentibus
2065 1978 2165 2075 voci„

129 2090 279 2185 quaesit
293 2112 374 2159 vera
394 2088 540 2157 libertas
562 2083 685 2178 populi
703 2082 787 2168 Dei,
812 2106 875 2154 seu
898 2083 1056 2175 piorum,
1082 2097 1125 2153 ct·
1166 2086 1294 2177 ipsius,
1334 2088 1426 2157 sicut
1449 2087 1555 2181 paulo
1577 2082 1779 2155 antedixit:
1819 2080 1860 2152 si
1882 2082 2088 2153 manseritis
2110 2080 2159 2151 in.

128 2191 361 2263 concionatur
392 2191 436 2258 de
459 2189 586 2273 modo,
626 2188 806 2279 quomodo
842 2186 1044 2274 contingat,
1083 2200 1117 2256 et
1165 2211 1327 2259 sermone
1342 2214 1432 2275 meo,
1457 2190 1585 2259 veritas
1601 2184 1767 2256 liberabit
1782 2206 1856 2258 vos.
1894 2180 2150 2272 ltaergoeou-

128 2294 283 2363 ostendit
296 2290 485 2360 discrimen
502 2311 603 2358 verae
625 2301 659 2357 et
680 2287 787 2357 falsae
810 2282 998 2358 Ecclesiae.
1048 2284 1118 2356 Ili·
1165 2289 1275 2378 tinget
1306 2292 1408 2359 vobis
1432 2292 1593 2373 libertas,
1635 2288 1665 2357 si
1694 2286 1814 2355 audita
1849 2309 1934 2356 voce
1960 2280 2162 2375 Evangelii.¹

126 2393 354 2483 stinguantur
368 2392 476 2482 igitur
499 2389 701 2460 sententiae.
753 2386 871 2456 Prima
890 2402 940 2457 est
956 2389 1116 2457 delinitio
1166 2392 1313 2461 credetis
1337 2391 1592 2463 vobis-remitti
1619 2402 1776 2480 peccata,
1807 2410 1872 2457 vos
1895 2387 2003 2479 recipi
2027 2410 2048 2458 s
2071 2384 2148 2457 Deo

127 2494 322 2579 libertatis,
347 2515 455 2586 quae,
487 2506 527 2560 ut
549 2492 593 2559 sit
614 2488 802 2573 illustrior,
837 2512 900 2579 per
922 2485 1116 2561 antithesin
1165 2505 1310 2583 propter
1331 2488 1427 2562 bunc
1448 2493 1733 2585 propiciatorem.
1792 2485 1905 2560 Breve
1925 2490 2061 2561 dictum
2081 2496 2169 2558 ests*

128 2595 356 2687 proponitur.
407 2589 541 2685 Estque
559 2590 783 2685 syllogismus
800 2591 995 2678 negativus.
1044 2590 1116 2661 Ne·
1165 2594 1204 2665 Si
1219 2594 1313 2663 filius
1329 2618 1392 2664 vos
1408 2594 1628 2678 liberaverit,
1654 2614 1736 2661 vere
1750 2589 1853 2660 liberi
1870 2590 1990 2678 eritis,
2013 2592 2077 2661 sed
2091 2590 2189 2679 ‹ti-J

127 2721 188 2766 mo
217 2696 351 2765 faciens
387 2708 586 2788 peccatum,
631 2688 739 2760 babet
767 2691 965 2762 libertatem
997 2715 1115 2761 coram
1166 2696 1314 2783 ligenter
1353 2697 1649 2766 considerandum
1688 2706 1740 2763 est
1776 2694 1917 2783 pondus
1942 2684 2189 2785 verborum-2¹*

128 2793 226 2878 Deo,
261 2819 323 2868 vos
344 2796 481 2866 servitis
504 2808 663 2885 peccato,
695 2815 777 2881 ergo
798 2816 872 2861 non
896 2794 978 2861 estis
1000 2794 1115 2867 liberi.
1165 2793 1229 2866 Est
1244 2798 1339 2866 enirn
1356 2798 1562 2887 gravissima
1579 2793 1774 2883 sententia,
1799 2794 2008 2885 simpliciter
2030 2818 2149 2865 remo·

125 2892 198 2967 Hic
213 2897 438 2993 syllogismus
455 2898 547 2965 clare
563 2896 693 2985 refutat
708 2894 954 2983 gloriationem
966 2892 1114 2965 ludaeo—
1166 2920 1250 2967 vens
1273 2922 1294 2969 a
1315 2923 1416 2968 cansa
1439 2923 1500 2969 seu
1526 2900 1651 2969 merito
1681 2895 1979 2966 reconciliationis
2004 2888 2155 2967 omnem*
2167 2982 2171 2989 Ι

125 3022 208 3069 ιιιιιι
232 3002 277 3069 de
301 3000 442 3068 defensa
465 3008 726 3087 etconservata
748 2995 910 3066 libertate
933 2997 1114 3067 doctrinae
1157 2999 1329 3069 'fidreciam
1345 3001 1442 3071 illins
1458 3000 1620 3092 pmpeiae
1642 2996 1823 3087 dignitatis
1845 3010 1908 3068 aut
1930 2980 2189 3105 meritorum}

124 3098 214 3188 legis
228 3125 268 3171 ac
284 3100 439 3192 politiae.
491 3097 709 3189 Simpliciter
730 3110 832 3187 negat
854 3098 948 3187 ipsos
972 3112 1115 3188 propter
1164 3100 1263 3193 quasi
1280 3104 1391 3172 dicat:
1417 3103 1498 3174 Scio
1515 3126 1576 3172 vos
1591 3098 1719 3171 habere
1736 3098 1865 3169 multas
1880 3101 2189 3195 praerogativas*,

126 3201 239 3289 legem
262 3225 322 3272 seu
348 3201 600 3291 professionem
624 3197 803 3267 doctrinae
824 3212 855 3266 et
878 3198 1010 3269 rituum
1031 3198 1114 3268 Mo-
1165 3204 1453 3293 propagationem
1479 3204 1618 3293 generis
1641 3204 1687 3271 ab
1710 3194 1893 3271 Abraham
1918 3214 1953 3273 et
1977 3204 2167 3295 parribus,

126 3297 670 3371 ssicorumbaberelibertatem
694 3323 810 3369 coram
826 3297 921 3383 Deo,
953 3323 1012 3369 seu
1036 3302 1113 3387 glo·
1163 3304 1275 3393 legern
1303 3320 1335 3375 et
1368 3305 1526 3396 politiam
1559 3304 1732 3374 divinitus
1759 3302 1945 3387 traditam,
1985 3234 2189 3379 sacerdo-'b

125 3402 232 3487 riam,
259 3405 356 3495 quod
373 3404 443 3471 sint
459 3401 612 3499 populns
625 3397 711 3483 Dei,
738 3401 833 3491 qnod
851 3400 1008 3490 placeant
1023 3398 1112 3494 Deo,
1163 3405 1272 3490 tium,
1298 3408 1432 3492 cultus,
1458 3420 1522 3477 etc.
1575 3405 1657 3477 Seio
1683 3426 1756 3473 esse
1778 3404 1916 3497 aliquos
1938 3403 1976 3474 iu
1998 3400 2067 3477 hoe
2084 3433 2150 3501 ρο·Ι

126 3513 249 3595 estque
271 3504 446 3573 sententia
469 3524 665 3591 congruens
689 3524 769 3570 cum
792 3500 1112 3574 dictoloannis1.:
1161 3507 1247 3596 pulo
1263 3507 1358 3577 viros
1374 3509 1599 3587 excellentes,
1626 3506 1803 3598 praeditos
1817 3506 1968 3588 virtute,
1993 3512 2149 3583 sednon

128 3603 203 3693 Qui
220 3628 294 3673 non
310 3604 613 3694 exsanguinibus,
644 3626 759 3694 neque
774 3626 814 3670 ex
832 3603 1015 3674 voluntate
1035 3629 1112 3675 car·
1163 3609 1242 3677 ideo
1272 3609 1375 3679 liberi
1408 3610 1491 3679 estis
1522 3622 1725 3700 apeecato,
1766 3622 1912 3679 manent
1933 3608 1984 3677 rei
2008 3610 2083 3683 irae
2111 3604 2161 3701 et,

125 3705 203 3790 nis,
237 3729 355 3798 neque
383 3732 425 3775 es
448 3707 629 3775 voluntate
653 3704 739 3787 viri,
778 3705 838 3773 sed
866 3730 905 3773 ex
928 3707 1006 3776 Deo
1036 3708 1110 3777 nati
1162 3709 1288 3779 mortis
1318 3726 1478 3781 aeternae
1505 3733 1629 3780 onmes
1662 3703 1835 3782 homines.
1896 3708 1969 3780 Nec
1993 3714 2068 3785 ulla
2090 3702 2171 3787 res¹

126 3818 224 3879 sunt.
276 3806 376 3877 Sicut
393 3808 487 3875 enim
510 3806 583 3873 illic
607 3819 709 3895 negat
733 3805 823 3874 filios
848 3802 913 3873 Dei
936 3830 1009 3876 esse
1030 3834 1112 3898 pro·
1163 3824 1233 3892 est,
1258 3827 1522 3907 propterquam
1540 3812 1713 3900 contingit
1730 3811 1967 3882 lilseratioseu
1985 3818 2147 3887 reconci-

13 3946 16 3957 ·
126 3920 206 3998 pter
222 3910 510 4005 propagationem
533 3907 770 3997 generationis
793 3908 962 3991 carnalis,
988 3924 1028 3979 ut
1052 3914 1111 3979 Iu·
1161 3912 1280 3998 liatio,
1309 3915 1377 3983 nisi
1398 3916 1471 4005 ipse
1497 3914 1590 3983 blins
1603 3910 1670 3983 Dei
1678 3968 1689 3998 ,
1720 3912 1846 3982 missus
1867 3938 1887 3983 a
1907 3916 2005 4002 Deo,
2029 3932 2070 3991 ut
2086 3920 2148 3994 bat

126 4010 207 4076 daei
226 4008 526 4099 imaginabantur:
559 4009 608 4077 ita
632 4004 691 4075 bie
717 4023 818 4097 negat
842 4031 915 4075 esse
940 4012 1110 4100 populum
1161 4012 1314 4086 victima.
1368 4013 1409 4083 ln
1430 4012 1498 4085 hoc
1512 4031 1693 4110 utrunque
1709 4014 1804 4085 Deus
1821 4017 1898 4087 vult
1910 4018 2088 4113 conspici,
2110 4014 2152 4093 et'

116 4106 193 4178 'Dei
207 4126 352 4205 propter
373 4113 471 4180 illam
488 4109 785 4200 praerogativam,
817 4113 911 4202 qnod
937 4113 1111 4185 retineant
1161 4116 1441 4204 magnitudinem
1478 4117 1551 4188 irae
1586 4120 1754 4188 adversus
1792 4130 1993 4208 peccatum,
2047 4126 2146 4217 quod
2187 4196 2189 4201 ,

126 4208 292 4296 titulum,
322 4237 360 4282 ac
383 4211 636 4305 professionem
659 4211 763 4299 legis,
797 4235 837 4279 ac
858 4212 990 4281 rituum
1013 4237 1111 4283 acce·
1160 4217 1260 4286 nulla
1278 4218 1345 4287 alia
1361 4214 1476 4289 hostia
1493 4220 1647 4311 potuerit
1672 4218 1821 4309 placari,
1848 4220 1916 4290 nisi
1937 4237 2050 4294 morte
2068 4224 2148 4311 lilii,

125 4323 269 4399 ptorum
291 4335 310 4379 a
329 4316 498 4402 patribus.
559 4308 655 4381 Haec
679 4326 729 4381 est
752 4335 888 4381 summa
912 4315 1111 4385 conclusio·
1160 4331 1194 4387 ct
1222 4342 1343 4388 rursus
1365 4321 1542 4411 ingentem
1571 4321 1870 4407 misericordiam,
1911 4328 2005 4418 quod
2031 4328 2149 4398 voluit

124 4412 204 4495 nis,
229 4436 319 4504 qnae
337 4429 438 4502 negat
457 4439 515 4483 eos
530 4438 602 4483 esse
624 4413 772 4498 liberos,
804 4414 967 4485 videlicet
992 4441 1110 4486 coram
1160 4419 1271 4488 filium
1288 4422 1362 4490 beri
1378 4424 1573 4508 victimam,
1595 4447 1640 4493 ne
1664 4424 1792 4514 periret
1811 4446 1921 4513 genus
1937 4421 2147 4519 humanum,

124 4510 219 4595 Deo,
246 4509 313 4583 boc
329 4530 402 4601 est,
428 4515 600 4607 populum
613 4512 694 4601 Dei,
719 4530 898 4609 acceptum
912 4514 1000 4605 Deo,
1026 4513 1110 4588 hae·
1161 4523 1254 4612 quod
1275 4537 1419 4614 propter
1434 4525 1549 4615 ipsum
1567 4526 1641 4595 vult
1659 4525 1814 4615 recipere
1833 4526 2024 4601 credentes.
2062 4528 2146 4605 Hoc

125 4613 244 4682 redem
260 4615 351 4685 vitae
367 4629 539 4687 aeternae.
1160 4645 1326 4691 arcanum
1362 4628 1549 4695 consilium
1579 4629 1712 4695 aeterni
1744 4628 1853 4717 patris
1883 4631 2032 4720 protulit
2067 4632 2145 4725 ipse

226 4713 295 4785 Sed
312 4718 530 4788 observanda
547 4731 598 4787 est
615 4715 729 4788 maior
742 4719 957 4811 syllogismi,
983 4743 1023 4787 ex
1038 4744 1108 4812 qua
1159 4723 1251 4792 filins
1275 4723 1353 4797 Dei.
1408 4727 1495 4798 Vult
1516 4728 1624 4817 igitur
1644 4727 1758 4812 Deus,
1793 4744 1832 4801 ut
1855 4736 2038 4804 credamus
2063 4739 2146 4809 voci

124 4814 278 4885 sumitur
291 4820 450 4890 delinitio
464 4820 653 4902 libertatis,
680 4820 859 4905 videlicet,
885 4821 1107 4914 quodlibet·
1158 4816 1283 4909 buius,
1313 4842 1347 4898 et
1372 4828 1420 4898 ita
1445 4843 1637 4899 statuamus
1661 4855 1741 4900 vere
1759 4834 1861 4903 nobis
1878 4836 2083 4925 contingere
2100 4842 2146 4909 li-

122 4927 174 4985 tas
189 4940 306 4987 coram
324 4921 399 4991 Deo
413 4924 476 5005 sit,
501 4946 574 4991 non
593 4920 722 4991 habere
740 4922 881 4991 titulum
900 4921 1108 5009 populiDei,
1157 4926 1376 4997 berationem
1391 4955 1409 4998 a
1425 4946 1586 5021 peccato,
1611 4946 1646 5003 et
1669 4958 1689 5003 a
1714 4947 1827 5005 morte
1848 4952 1991 5030 propter
2013 4940 2141 5015 filium.

121 5032 184 5087 aut
205 5022 456 5109 professionem
480 5024 661 5095 doctrinae
685 5022 769 5111 legis
793 5034 827 5093 et
851 5022 996 5110 politiae
1023 5022 1106 5095 Μο-
1156 5026 1387 5100 Hancbdem
1410 5057 1549 5103 necesse
1573 5051 1622 5106 est
1646 5040 1818 5111 accedere.
1869 5037 1962 5128 Quia
1989 5036 2058 5111 hoc
2079 5046 2142 5115 be-

122 5118 251 5200 saicae‚
283 5126 344 5193 sed
367 5125 517 5194 liberum
535 5148 607 5193 esse
630 5122 833 5213 apeccatis,
861 5118 1014 5204 horest,
1042 5121 1106 5195 ha·
1156 5129 1338 5216 nefarium,
1366 5154 1427 5202 seu
1455 5136 1616 5207 liberatio
1642 5161 1714 5207 non
1739 5153 1852 5228 potest
1878 5142 1982 5213 aliter
2011 5168 2140 5238 appre-

122 5218 207 5288 bere
222 5224 463 5297 remissionem
487 5238 728 5317 peecatorum,
753 5238 787 5294 et
802 5224 933 5293 iustum
950 5230 1104 5317 reputari
1155 5225 1263 5299 bendi
1281 5256 1342 5303 seu
1359 5237 1480 5330 accipi.
1535 5237 1618 5311 ldeo
1634 5242 1677 5310 de
1693 5265 1732 5313 ea
1748 5236 1914 5316 Christus
1928 5268 2033 5339 supra
2053 5272 2141 5320 con-

117 5316 249 5408 aDeo,
273 5340 620 5420 senesseacceptum
635 5322 724 5403 Deo.
776 5324 847 5397 Sed
868 5341 907 5398 ut
932 5322 1019 5401 baec
1042 5332 1104 5402 de·
1156 5332 1394 5414 eionatusest.
2080 5372 2083 5377 ·
