4522 5782
44 216 134 296 ιιι·
460 215 545 292 ιιιι
594 205 1426 291 unsaanrtoranvaac.10nvn1s
1475 206 1581 293 car.
1607 212 1671 293 ne
2010 184 2093 299 aa

49 386 326 463 misericordiae
337 386 424 477 Dei,
453 389 543 461 sicot
558 386 651 459 Psal.
670 387 804 483 inquit:
837 384 968 458 lnvoea
991 408 1050 456 me
1101 394 1193 469 tem,
1218 382 1334 477 quam'
1347 382 1494 456 alteram
1511 399 1769 483 proponentem
1785 386 2089 465 maximosbono-

49 492 97 563 in
115 492 180 564 die
193 492 456 580 tribulationis,
482 505 518 565 et
539 491 688 584 eripiam
703 504 756 579 te,
781 507 815 564 et
835 488 1049 581 glorificabis
1099 507 1156 554 res
1178 486 1215 555 in
1236 483 1448 583 Republica.
1514 487 1621 578 Quod
1650 489 1721 559 iam
1750 514 1818 563 usu
1848 494 2087 586 comperisset,

46 608 199 675 mm,
624 592 628 597 '
1100 601 1273 680 quantum
1294 587 1333 657 in
1348 588 1606 678 gubernatione
1626 591 1865 683 periculorum
1887 594 1955 682 sit,
1977 621 2085 690 quam

1100 712 1175 757 non
1204 692 1441 780 respondeant
1482 706 1629 763 eventus
1658 693 1826 765 consiliis.
1890 692 2087 773 Aeschines

1100 791 1245 859 exulans
1258 790 1379 862 scribit
1389 812 1426 861 se
1442 793 1610 883 gratulari
1626 793 1693 863 sibi
1714 796 1826 867 otium
1842 819 1960 883 suum,
1986 802 2084 892 quod

164 891 348 965 Liberatio
379 888 487 963 huius
516 892 608 962 caeci
640 890 794 960 illustrat
816 887 963 979 gloriam
980 882 1048 958 Dei
1100 903 1267 986 tanquam
1288 893 1462 964 arabiosa
1480 919 1587 976 cane,
1612 892 1803 988 aReipub.
1829 900 2087 989 gubernatione

52 994 269 1088 tripliciter,
294 997 450 1095 primum
472 994 547 1086 ipsa
571 992 708 1064 sanatio
732 1002 784 1061 est
804 991 1047 1062 testimonium
1099 992 1268 1064 liberatus
1285 994 1347 1064 sit:
1373 1009 1407 1066 et
1421 993 1524 1066 Plato
1541 995 1721 1067 Socratem
1745 1013 1865 1072 narrat
1879 1000 2009 1091 fugisse
2022 993 2086 1073 ad'-
2129 1040 2134 1049 ·
2208 994 2212 1001 ¹

51 1100 102 1167 de
123 1092 293 1183 Christo,
332 1092 430 1167 hune
453 1097 631 1167 doctorem
655 1094 773 1164 aDeo
793 1093 939 1161 missum
964 1113 1048 1161 esse.
1098 1094 1395 1166 ministrationem
1409 1094 1564 1190 Reipub.
1590 1095 1752 1193 Denique
1774 1102 1867 1172 dicta
1887 1104 2087 1194 sapientum

52 1197 150 1271 Nam
176 1199 345 1270 miracula
371 1198 622 1268 universaliter
642 1207 727 1267 sunt
755 1193 957 1266 testimonia
981 1195 1047 1262 do-
1098 1208 1134 1266 et
1156 1195 1313 1288 exempla
1335 1211 1418 1270 sunt
1440 1199 1614 1292 plurima,
1664 1225 1753 1294 quae
1782 1218 1929 1275 mouent
1953 1205 2087 1276 tutissi-

54 1301 206 1382 ctrinae,
221 1314 350 1372 etcum
366 1300 435 1369 alia
450 1301 529 1369 aliis
549 1300 735 1369 videantur
748 1296 902 1381 maiora,
927 1295 1046 1365 omnia
1098 1320 1197 1366 mum
1215 1321 1289 1369 csse
1305 1299 1415 1370 vitare
1430 1302 1550 1371 omnia
1567 1301 1706 1391 negotia
1723 1303 1884 1393 publica,
1908 1318 1943 1375 et
1957 1306 2086 1394 aliena,

228 752 358 830 Sedet
373 755 660 856 manifestentur
674 775 783 853 opero
798 747 888 828 Dei.

54 1403 327 1493 coniungamus.
386 1399 530 1474 Certum
551 1413 602 1471 εει
623 1398 924 1470 resuscitationem
947 1419 1044 1465 mor·
1098 1420 1224 1489 magna
1242 1416 1274 1471 et
1289 1424 1395 1490 parva
1403 1453 1418 1490 ,
1443 1403 1596 1496 denique
1618 1406 1662 1472 de
1679 1404 1824 1495 privatis
1837 1405 2010 1478 sodalitiis
2030 1408 2089 1478 di·

54 1506 337 1576 tuorum'soliue
358 1500 425 1573 Dei
444 1528 535 1598 opus
558 1525 648 1589 esse,
687 1523 769 1589 ergo
796 1495 960 1570 Christus
992 1521 1047 1567 re-
1100 1499 1209 1573 citur:
1252 1498 1353 1571 Nulli
1377 1516 1411 1573 te
1431 1503 1538 1574 iacias
1569 1505 1676 1575 nimis
1701 1506 1879 1594 sodalem,
1917 1500 2088 1599 gaudebis

56 1608 235 1678 mscitans
249 1618 427 1692 mortuos,
457 1630 533 1674 non
555 1615 607 1674 est
623 1596 948 1696 pseudopropheta,
985 1600 1045 1669 sed
1100 1603 1238 1687 minus,
1263 1616 1296 1674 et
1312 1604 1431 1674 minus
1450 1605 1596 1677 dolebis.

57 1706 175 1780 eDeo
193 1709 338 1794 missus,
375 1721 408 1779 et
431 1707 604 1778 divinitus
628 1705 761 1794 regitur
785 1726 825 1772 ae
849 1704 1047 1786 adiuvatur,
1199 1701 1334 1774 Contra
1356 1698 1449 1775 hanc
1469 1701 1662 1777 humanam
1693 1708 1900 1801 sapientiam
1927 1712 2086 1787 clamitat

55 1811 148 1882 sicut
173 1811 214 1881 in
236 1824 332 1882 textu
359 1811 542 1904 aliquanto
564 1819 644 1900 post
667 1805 813 1876 dicitur:
854 1803 1046 1894 Quomodo
1099 1799 1281 1876 Christus:
1308 1804 1371 1875 Me
1391 1820 1530 1899 oportet
1549 1810 1663 1880 lacere
1684 1835 1791 1904 opera
1815 1812 1910 1897 eius,
1944 1815 2007 1909 qui
2028 1839 2087 1886 me

56 1906 297 2007 potestbomo
318 1925 481 2003 peccator
503 1911 588 1982 talia
610 1909 708 1998 signa
730 1908 855 1980 iacere.
906 1903 1046 1975 Deinde
1098 1907 1213 1988 misit,
1252 1909 1366 1978 donec
1388 1909 1464 1978 dies
1489 1922 1558 1996 est,
1592 1910 1723 1994 idest,
1757 1914 1870 1984 donec
1897 1909 1983 1986 haec
2006 1938 2086 1990 mea

57 2016 262 2085 illustratur
285 2010 482 2103 gloriaDei
504 2025 770 2105 personatum,
805 2008 867 2101 qui
891 2006 1045 2097 primurn
1098 2011 1235 2079 vocatio
1258 2010 1418 2079 sonantis
1442 2007 1629 2102 Evangelii
1660 2013 1783 2095 durat,
1831 2015 1881 2084 sic
1903 2016 2086 2107 Apostolir
2203 2068 2207 2075 -

57 2116 230 2210 privatim
247 2116 325 2186 Deo
340 2116 469 2205 gratias
484 2115 555 2205 egit
572 2136 635 2203 pro
656 2126 753 2183 tanto
772 2109 953 2193 beneficio,
979 2132 1045 2198 po·
1098 2110 1289 2202 praecipit,
1327 2127 1368 2182 ut
1393 2115 1561 2198 doceant,
1602 2137 1668 2184 nec
1690 2126 1849 2185 metuant
1868 2130 2021 2189 terrores
2044 2142 2086 2192 ae

59 2233 130 2290 nee
146 2231 311 2289 autorem
328 2217 500 2303 celebrat,
526 2229 560 2285 et
575 2216 666 2284 clara
684 2212 915 2295 confessione,
941 2223 1047 2280 testa·
1098 2213 1273 2303 pericula,
1304 2236 1370 2281 nec
1387 2214 1597 2304 frangantur
1611 2216 1761 2302 animis,
1785 2218 1921 2288 etiamsi
1939 2233 2086 2290 eventus

59 2336 135 2406 tor,
162 2315 284 2399 hune,
309 2344 417 2412 aquo
435 2333 576 2388 sanatus
591 2331 658 2400 est,
693 2309 906 2404 Prophetam
929 2335 1045 2382 essea
1100 2338 1172 2383 non
1195 2316 1412 2405 respondent
1434 2309 1600 2385 humanis
1624 2318 1866 2410 opinionibus,
1917 2318 1976 2391 Sic
2000 2320 2086 2392 Mo·

10 2404 14 2469 Ῑ
59 2418 320 2506 Deornissum,
345 2422 417 2490 imo
432 2434 551 2512 postea
566 2414 731 2488 Christus
752 2408 856 2487 etiam
880 2413 1046 2484 nomina·
1099 2438 1152 2486 ses
1166 2412 1242 2511 Deo
1267 2417 1485 2508 obtemperat
1514 2419 1667 2488 educens
1688 2420 1877 2512 populum,
1910 2434 1944 2492 et
1970 2446 2086 2515 quan-

60 2525 122 2595 tim
135 2546 221 2595 eum
236 2524 339 2592 docet
356 2523 400 2590 de
414 2544 553 2591 summo
568 2518 731 2600 articulo,
759 2518 857 2587 iubet
872 2541 952 2588 enm
969 2538 1046 2584 cre·
1099 2539 1205 2609 quam
1220 2517 1354 2587 instant
1369 2513 1498 2600 hostes,
1526 2536 1641 2590 tamen
1660 2520 1757 2591 iubet
1768 2522 1937 2611 populum
1954 2547 2084 2614 magno

62 2628 143 2696 dere
157 2626 197 2694 in
214 2625 329 2693 lilium
346 2624 423 2708 Dei,
449 2637 483 2694 et
497 2617 556 2690 hie
572 2633 714 2691 sanatus
729 2620 933 2709 respondet:
960 2617 1047 2687 Cre·
1100 2620 1220 2689 animo
1235 2641 1326 2690 esse:
1354 2616 1463 2704 State,
1491 2621 1619 2713 inquit,
1646 2622 1728 2714 quia
1746 2623 1913 2692 videbitis
1930 2624 2085 2712 gloriosa

63 2727 283 2798 dodomine.
335 2723 430 2795 Haec
447 2727 491 2794 de
509 2723 622 2792 causis
644 2721 878 2791 afflictionum
902 2734 935 2789 et
956 2720 1047 2788 libe·
1099 2718 1301 2812 operaDei.
1353 2718 1413 2790 Sic
1428 2719 1561 2792 Paulus
1577 2723 1694 2816 inquit
1709 2724 1751 2793 ad
1769 2719 1896 2816 Ephes.
1911 2720 1965 2795 5.:
1993 2721 2086 2796 Aen·

63 2827 305 2901 rationnm‘in
329 2820 497 2896 hocloco
528 2825 644 2914 dicta,
683 2823 819 2917 aliquid
849 2821 937 2890 lucis
964 2817 1047 2888 huic
1100 2823 1219 2892 bulate
1236 2821 1443 2910 diligenter,
1468 2848 1543 2892 non
1563 2838 1603 2895 ut
1618 2824 1845 2917 insipientes,
1879 2827 1937 2896 sed
1961 2839 2001 2897 ut
2027 2850 2084 2900 sr-

64 2930 260 3001 narrationi
276 2942 310 2998 et
325 2928 500 2997 similibus
514 2926 685 3011 afferunt,
709 2939 744 2996 et
765 2945 831 2993 nos
853 2923 892 2993 in
916 2922 1045 2993 nostris
1100 2924 1255 3014 pientes,
1280 2925 1493 2994 redimentes
1509 2939 1664 3015 tempus,
1691 2926 1772 3021 quia
1796 2926 1872 2996 dies
1889 2928 1973 2997 mali
1989 2942 2083 3000 sunt.

63 3029 584 3104 mmnioutititererudiunt.
1099 3023 1217 3097 Simul
1248 3026 1492 3115 complectitur
1514 3025 1645 3095 Paulus
1676 3026 1787 3117 ipsam
1811 3029 2085 3120 impedimento·

1100 3150 1178 3195 rum
1200 3127 1439 3210 mentionem,
1472 3139 1506 3196 et
1530 3142 1648 3197 tamen
1671 3128 1768 3198 iubet
1792 3127 1864 3198 illis
1887 3152 2091 3220 repugnare·

1100 3241 1185 3301 arte.
1235 3225 1320 3296 Dies
1339 3229 1420 3296 mali
1436 3221 1537 3313 su'nt,
1563 3230 1597 3296 id
1617 3241 1686 3308 est,
1713 3229 1748 3297 in
1764 3224 1870 3298 huius
1887 3230 1978 3302 vitae
1993 3245 2084 3302 tem·

84 3198 152 3277 Me
167 3207 308 3301 oportet
324 3194 472 3296 operari
483 3218 592 3293 opera
617 3193 712 3274 eius,
743 3190 810 3291 qui
829 3189 930 3261 misit
954 3212 1024 3262 me.

155 3336 362 3425 Diligenter
374 3328 459 3400 haee
473 3328 645 3401 sententia
659 3341 694 3397 et
708 3326 839 3396 similes
856 3327 1045 3395 observan-

64 3446 245 3518 daesunt,
271 3459 361 3530 quae
377 3437 422 3502 de
435 3434 574 3515 labore,
599 3431 727 3499 sende
750 3428 946 3498 vocationis
969 3427 1046 3495 oili-

65 3546 123 3617 ciis
136 3540 374 3637 praecipiunt.
427 3533 517 3604 Nam
539 3546 573 3602 et
594 3535 722 3601 docent
740 3554 804 3598 nos
819 3532 863 3599 de
881 3553 920 3598 re
936 3529 1047 3596 maxi-

64 3670 116 3718 toa
138 3660 177 3716 et
200 3644 373 3712 adversus
402 3656 626 3705 communem
652 3632 883 3701 tentationem
906 3630 1046 3719 sapien·

64 3765 135 3821 tun
150 3744 396 3818 consolantur.
446 3734 661 3825 Experimur
683 3734 721 3801 in
746 3734 844 3801 omni
868 3734 1046 3821 guberna-

64 3853 157 3925 tione
180 3866 311 3935 magna
332 3856 366 3912 et
389 3862 520 3928 parva,
557 3836 682 3904 multas
712 3855 785 3904 esse
810 3834 1046 3919 difficultates,

64 3976 148 4047 quae
163 3945 324 4019 humana
339 3942 521 4030 diligentia
539 3937 643 4006 leniri
662 3961 734 4006 non
751 3951 907 4026 possunt,
934 3935 1044 4004 marlta

64 4051 218 4145 ingentia
238 4047 392 4139 pericula
408 4045 644 4131 undecunque
657 4039 763 4122 oriri,
789 4061 879 4128 quae
894 4037 1043 4127 prospici

65 4151 226 4228 etcaveri
243 4159 445 4240 nequeunt,
471 4144 626 4234 deniqne
648 4162 765 4230 saepe,
799 4151 838 4208 ut
859 4153 1045 4228 tempesta-

64 4274 131 4330 tum
147 4254 296 4328 saevitia
320 4266 385 4317 ars*
400 4247 545 4317 naviuin
570 4243 879 4330 gubernandarum
902 4263 1045 4330 supera-

63 4376 132 4439 tur,
160 4358 210 4425 ita
229 4373 374 4443 prorsus
391 4347 483 4418 vinei
500 4345 646 4416 consilia
669 4344 864 4431 sapientum
879 4342 1044 4431 inopina·

66 4465 104 4531 tis
119 4458 320 4531 eventibus.
376 4449 415 4519 ld
434 4461 653 4542 quaeruntur
668 4439 923 4512 Demosthenes
938 4457 972 4512 et
982 4440 1043 4511 Ci-

66 4587 158 4646 cero,
191 4560 280 4628 inde
302 4568 337 4623 et
356 4574 479 4620 versus
500 4564 604 4617 natus
625 4559 692 4616 est:
728 4543 843 4614 Vitam
868 4546 954 4634 regit
971 4545 1044 4612 lor-

66 4679 161 4749 tuna,
187 4683 264 4730 non
280 4655 465 4745 sapientia.
516 4649 636 4737 Quare
659 4647 762 4716 multi
785 4648 959 4736 sapientes
983 4647 1045 4713 de-

1100 3352 1184 3420 pore
1200 3329 1331 3398 multae
1349 3329 1572 3400 difficultates
1597 3330 1796 3422 impediunt
1813 3333 1906 3400 bona
1923 3333 2083 3420 consilia,

1101 3452 1225 3518 magna
1249 3430 1603 3520 pericnladeterrent
1630 3433 1760 3502 multos
1784 3436 1874 3503 bene
1897 3436 2096 3529 consulere¹

1098 3528 1253 3622 Reipub.
1303 3529 1538 3623 Quanquam,
1564 3533 1698 3627 inquit,
1724 3528 1810 3604 haec
1826 3535 1872 3605 ita
1898 3535 2004 3625 fiunt,
2028 3549 2084 3607 ta·
2121 3537 2128 3547 '

1099 3657 1182 3702 men
1204 3657 1277 3701 non
1299 3634 1497 3704 abiicienda
1521 3651 1570 3706 est
1592 3635 1801 3725 gubernatio
1830 3661 1970 3726 rerum,
2007 3660 2084 3709 nott

1098 3736 1316 3805 cessandum.
1445 3738 1449 3751 “

1201 3833 1298 3924 Quid
1314 3836 1423 3926 igitur
1438 3837 1640 3907 faciendum
1657 3852 1726 3919 est,
1759 3840 1852 3910 dicet
1868 3837 1988 3925 Plato,
2019 3853 2082 3912 aut

1098 3937 1248 4022 similes,
1272 3962 1352 4007 curn
1367 3934 1457 4007 nihil
1474 3955 1534 4010 aut
1551 3964 1674 4032 partem
1692 3942 1860 4030 prolicere
1884 3941 2084 4032 possimus?

1097 4036 1304 4129 Respondet
1321 4034 1380 4110 hic
1394 4035 1575 4111 Christus:
1602 4037 1755 4134 Oportet
1770 4067 1826 4112 me
1843 4041 1956 4111 facere
1973 4064 2081 4134 opera

1097 4141 1191 4224 eins,
1216 4140 1278 4233 qui
1294 4142 1390 4214 misit
1404 4167 1481 4228 roe,
1513 4143 1549 4212 id
1573 4157 1644 4223 est,
1677 4167 1784 4233 opera
1807 4167 1904 4212 meae
1924 4144 2082 4215 vocatio-

1099 4242 1173 4326 nis,
1206 4266 1267 4312 sen
1288 4244 1484 4329 missionis,
1510 4258 1544 4314 et
1569 4247 1601 4318 l.
1617 4239 1847 4316 Corinthii:
1880 4242 1955 4314 Vae
1975 4240 2080 4343 mihi,

1097 4343 1126 4410 si
1159 4368 1231 4412 non
1264 4346 1567 4434 evangelizavero,
1621 4358 1655 4415 et
1691 4368 1792 4436 saepe
1821 4348 1864 4414 de
1896 4344 2080 4418 vocatione

1097 4445 1328 4536 praecipitur,
1353 4448 1396 4515 ad
1412 4444 1516 4517 Rom.
1536 4448 1590 4521 tt.
1614 4461 1648 4516 et
1663 4446 1768 4533 alibi,
1802 4460 1841 4518 ut
1863 4469 1961 4517 suam
1983 4448 2082 4542 quis-
2197 4442 2200 4447 ’

1097 4569 1164 4636 qne
1181 4548 1398 4616 vocationem
1415 4548 1602 4635 diligenter
1617 4549 1730 4633 obeat,
1755 4572 1819 4618 nee
1836 4549 1978 4620 obiiciat
1993 4574 2082 4637 eam,

1097 4660 1242 4737 propter
1270 4662 1439 4734 terrores,
1477 4649 1581 4735 odia,
1612 4649 1775 4736 iniurias,
1806 4649 1979 4742 pericula,
2018 4666 2080 4724 aut

67 4782 148 4839 serta
185 4759 447 4853 gubernatione
489 4776 624 4834 rernm,
679 4748 892 4817 abdiderunt
931 4770 968 4817 se
1005 4747 1045 4815 in
1098 4763 1245 4819 eventus
1262 4750 1388 4823 tristes.
1440 4748 1487 4822 Et
1504 4753 1547 4820 ad
1563 4747 1655 4821 hanc
1672 4753 1868 4821 doctrinam
1894 4755 2080 4823 addendae

69 4870 189 4950 otium,
215 4877 253 4932 et
278 4870 503 4952 praeceptum
525 4853 749 4923 tradiderunt
770 4845 869 4919 λα’θε
891 4841 1044 4940 βιώσας.
1097 4862 1178 4917 ειιιιι
1196 4843 1262 4917 hae
1278 4852 1370 4921 dnae
1387 4854 1665 4938 consolationes,
1689 4853 1758 4922 lide
1782 4852 1951 4923 auxilium
1967 4878 1987 4923 a
2001 4851 2078 4923 Deo

67 4962 316 5040 Demosthenes
334 4961 440 5031 etiam
456 4957 545 5027 dixit
564 4977 687 5037 senex,
713 4976 765 5035 se,
790 4952 819 5019 si
839 4953 907 5019 iam
924 4951 1045 5020 liceret
1098 4953 1352 5039 expectandum
1368 4978 1458 5040 esse,
1482 4972 1517 5027 et
1531 4956 1723 5047 sperandos
1737 4967 1884 5024 eventus
1897 4954 2077 5042 salutares,

71 5073 127 5142 sihi
151 5071 265 5140 libere
288 5066 332 5131 ‹le
358 5087 420 5131 sna
444 5061 514 5129 vita
535 5071 706 5137 statuere,
742 5067 927 5146 essentque
952 5055 1043 5121 dnae
1098 5052 1234 5121 etiarnsi
1251 5078 1402 5124 nosnon
1418 5057 1534 5128 statim
1560 5057 1737 5127 ceruimus
1759 5078 1818 5126 eos
1842 5055 1972 5125 nostris
1988 5080 2076 5126 ocu·

72 5175 148 5244 vitre
176 5167 400 5263 propositae,
442 5163 549 5233 altera
580 5160 623 5226 od
649 5178 805 5225 summos
825 5151 978 5236 honores
1005 5154 1043 5222 in
1094 5153 1150 5226 lis.
1208 5153 1309 5226 Sicut
1336 5153 1501 5228 Ieremias
1528 5160 1717 5230 consulens
1754 5181 1827 5227 rem
1855 5178 2000 5240 novam,
2041 5171 2078 5229 et

73 5269 195 5365 Repub.
221 5273 375 5346 ducens,
415 5265 524 5333 altera
545 5274 638 5330 recta
663 5259 706 5327 ad
734 5270 903 5338 mortem,
937 5255 1043 5324 malle
1095 5278 1183 5345 quae
1199 5257 1384 5328 videbatur
1397 5260 1502 5330 exitio
1517 5261 1635 5332 futura
1655 5261 1708 5328 illi
1724 5259 1886 5350 politiae,
1912 5257 2076 5331 videlicet

75 5398 143 5446 mor
155 5370 300 5466 ingredi
314 5370 410 5441 viam
426 5367 522 5436 illam
549 5375 642 5434 reeta
666 5361 853 5431 ducentem
875 5358 920 5428 ad
945 5380 1041 5427 mor·
1093 5357 1310 5430 deditionem
1327 5375 1361 5435 et
1376 5362 1566 5450 auxilium,
1601 5377 1718 5435 tamen
1733 5362 1864 5433 sciebat
1878 5356 1945 5431 hoc
1959 5358 2074 5433 consi-
