4522 5782
106 191 219 275 etse
265 188 371 269 xux
419 186 822 273 ecouuuuran
845 187 900 267 tu
923 186 1083 270 mur.
1107 181 1258 266 etum
1282 182 1354 262 tu
1379 180 1709 263 conmeatus.
1761 181 1868 267 car.
1893 185 1997 270 ειη.
2055 168 2157 272 test

109 363 235 437 miles.
272 359 356 437 Non
371 375 487 435 autem
504 356 587 434 rere
607 362 742 434 lenitur
757 362 876 449 dolor,
899 363 1015 434 douae
1030 372 1113 434 tsn-
1167 361 1328 454 placere,
1352 357 1508 431 vicissim
1524 357 1557 428 ei
1572 358 1792 450 obtemperat
1811 359 1851 430 iu
1876 363 2100 440 confessione
2119 382 2156 445 et

107 481 194 541 tum
213 465 329 541 tristia
347 465 485 536 obiecta
510 489 611 536 mens
634 465 806 537 intuetur.
865 463 968 554 Quae
991 477 1111 535 autem
1167 463 1247 534 aliis
1262 462 1409 549 officiis,
1436 475 1472 533 et
1491 461 1624 532 laetitia
1648 461 1839 557 acquiescit
1863 463 1901 531 in
1918 460 2013 552 Deo,
2036 492 2154 563 quen.

106 559 253 641 obieeta
278 568 323 638 ad
353 566 590 639 consolandos
623 568 762 637 animos
791 581 1040 661 proponantur
1073 567 1125 634 in·
1166 589 1274 658 quam
1293 565 1704 656 corpussentitmagnos
1722 565 1905 636 cruciatus.
1958 566 2056 642 Haec
2078 573 2153 645 lae-

106 664 364 767 philosophia,
406 692 496 764 quae
528 669 567 738 in
591 667 808 760 Evangelio,
840 668 1112 765 supradictum
1166 669 1244 740 titia
1277 682 1328 740 est
1357 668 1502 738 effectus
1533 679 1569 737 et
1598 666 1771 735 indicium
1800 666 2019 757 dilectionis,
2060 673 2153 749 sieut

107 786 180 848 est.
246 770 295 844 Et
318 771 422 841 valde
446 774 589 864 prodest
614 771 842 844 collationem
865 771 964 842 illam
990 794 1113 842 causa·

108 898 197 947 rum
214 897 353 967 semper
372 874 588 949 meminisse.

145 1034 316 1143 Ἅγάπη,
342 1033 391 1113 τὰ
411 1034 500 1140 τρία
521 1046 664 1127 ταῦτα,
697 1035 838 1136 μείζων
861 1030 902 1112 δὲ
923 1040 1072 1114 τοῦτων

505 1139 528 1240 ἡ
556 1137 698 1244 ἀγάπη.

218 1272 391 1370 Sequitur
405 1277 597 1371 descriptio
614 1272 834 1361 dilectionis,
856 1296 925 1367 qua
943 1273 1110 1345 universa

108 1375 311 1471 antiquitas
327 1378 507 1472 complexa
526 1395 576 1451 εει
592 1377 833 1449 obedientiam
862 1376 1110 1462 universalem,

109 1479 343 1553 dilectionem
366 1479 435 1551 Dei
467 1496 500 1553 ει
524 1478 713 1552 hominum
738 1491 882 1572 propter
905 1478 1040 1563 Deum,
1076 1491 1111 1550 et

110 1582 213 1655 iuxta
229 1582 393 1652 ordinem
409 1607 428 1654 a
447 1581 523 1654 Deo
541 1584 766 1668 institutum,
792 1581 882 1651 sicut
898 1578 1030 1650 Paulus
1052 1580 1109 1649 in-

111 1684 195 1781 quit
216 1681 333 1755 Roma
351 1685 427 1761 18.;
455 1684 608 1757 Dilectio
636 1696 688 1755 est
713 1683 876 1774 impletio
901 1682 999 1771 legis.
1060 1678 1110 1753 Et

101 1787 251 1883 ,primae
282 1782 454 1857 lobannis
478 1786 532 1862 6.:
566 1786 664 1857 Haec
689 1799 740 1856 est
772 1784 916 1854 dilectio
939 1782 1025 1869 Dei,
1068 1799 1108 1856 ut

111 1889 283 1958 mandata
300 1890 375 1959 eius
392 1913 582 1964 servemus.
634 1886 701 1960 His
719 1887 824 1959 dictis
839 1901 934 1957 mota
949 1887 1108 1980 antiqui-

108 2003 189 2075 tas,
215 1990 361 2059 nomine
376 1992 575 2063 dilectionis
593 2014 654 2061 usa
672 2005 738 2070 cst,
765 1988 855 2059 sicut
877 1989 1010 2080 alioqui
1035 1989 1107 2059 uti-

108 2115 198 2162 mur
213 2092 361 2162 nomine
379 2093 537 2164 iusticiae
552 2093 773 2165 universalis.
825 2087 921 2160 Haec
945 2093 1023 2161 ideo
1048 2115 1106 2160 re·

119 2194 216 2274 cito,
242 2208 276 2263 ει
299 2207 339 2264 ut
361 2196 453 2266 dicta
479 2198 690 2288 scriptorum
708 2192 818 2282 tnagis
836 2192 1019 2286 perspicua
1035 2194 1107 2264 sint

108 2295 332 2385 legentibus,
355 2311 389 2368 et
404 2312 445 2368 ut
462 2299 657 2368 recentium
685 2295 838 2386 ineptiae
862 2295 1106 2387 repudientur,

110 2398 180 2492 qui
202 2397 240 2466 in
265 2392 332 2467 hoc
357 2412 452 2469 textu
468 2399 571 2471 Pauli
597 2400 817 2470 contendunt
832 2410 968 2468 tantum
985 2400 1029 2466 de
1050 2398 1105 2466 di·

107 2497 267 2569 le'ctione
290 2500 442 2590 proximi
468 2516 501 2573 et
535 2502 661 2571 olliciis
690 2523 770 2589 erga
798 2500 1000 2590 proximum
1022 2499 1105 2584 dici,

1164 792 1269 861 saepe
1290 771 1459 862 scriptum
1484 782 1553 854 est,
1579 781 1619 838 ut
1642 764 1815 838 Actorum
1836 764 1889 840 6.:
1924 768 2030 844 Ibant
2049 771 2153 868 Apo·

1165 873 1247 944 stoli
1264 888 1284 943 a
1302 886 1493 964 conspectu
1511 868 1668 966 synedrii
1686 872 1890 960 gaudentes,
1909 877 2006 965 quod
2023 891 2150 950 contu-

1164 976 1268 1046 melia
1283 975 1399 1046 affecti
1415 987 1528 1044 essent
1540 970 1903 1065 propterDominum.
1928 970 2032 1046 Hanc
2047 976 2150 1051 laeti·

1163 1078 1248 1148 tiam
1263 1092 1443 1171 utcunque
1460 1075 1591 1145 sentire
1603 1074 1797 1143 mediocres
1812 1070 1975 1146 homines
1989 1095 2149 1170 possunt.

1163 1177 1347 1249 Interdum
1378 1203 1462 1248 vero
1491 1177 1530 1247 iu
1552 1177 1720 1246 cordibus
1743 1176 1884 1267 piorum
1905 1181 2150 1255 accenduntur

1163 1281 1300 1353 subitae
1318 1281 1481 1350 flammae
1494 1278 1697 1348 dilectionis
1710 1279 1939 1365 ardentiores,
1962 1305 2051 1374 quas
2065 1304 2150 1356 suae

1162 1384 1335 1475 cuiusque
1375 1382 1610 1474 experientiae
1650 1379 1905 1471 relinquamus.
1970 1380 2068 1456 Haec
2101 1386 2149 1457 ds'

1162 1486 1397 1575 descriptione
1414 1483 1615 1554 dilectionis
1629 1481 1808 1552 monuisse
1822 1483 1908 1553 satis
1924 1482 1982 1554 sit.

1262 1583 1375 1658 Addit
1416 1599 1532 1655 autem
1563 1581 1698 1654 Paulus
1734 1584 2020 1669 enumerationi,
2058 1587 2147 1662 Tria

1160 1683 1265 1773 haec,
1306 1687 1404 1783 quasi
1439 1685 1659 1777 significans,
1690 1707 1728 1755 se
1758 1687 1965 1778 praecipuas
1997 1687 2147 1762 virtutes

1161 1790 1382 1872 nominasse,
1408 1792 1502 1882 quod
1525 1810 1649 1856 verum
1667 1800 1729 1857 εει.
1782 1785 1976 1858 Nemeum
2001 1791 2146 1865 dileetio

1159 1893 1203 1962 sit
1226 1892 1363 1962 iusticia
1384 1890 1621 1974 universalis,
1653 1902 1694 1959 ut
1714 1888 1816 1959 facile
1840 1888 1992 1978 intelligi
2018 1906 2146 1985 potest,

1159 2018 1233 2064 non
1251 2008 1304 2064 est
1321 2008 1439 2086 postea
1462 2014 1552 2084 opus
1574 1990 1735 2080 longiore
1757 1991 2047 2079 enumeratione,
2083 1998 2145 2067 sed

1159 2097 1350 2188 aspiciatur
1382 2094 1589 2183 decalogus,
1629 2105 1663 2162 et
1688 2093 1960 2163 considerentur
1981 2096 2146 2168 dilectio·

1158 2199 1214 2268 nis
1237 2194 1351 2267 officia
1380 2197 1475 2268 iuxta
1501 2194 1640 2285 singula
1670 2205 1866 2295 praecepta.
1935 2193 1986 2266 lta
2011 2196 2042 2268 si
2065 2199 2146 2292 quis

1158 2301 1252 2371 volet
1275 2299 1565 2371 distributionem
1582 2296 1754 2366 virtutum
1770 2297 1905 2380 facere,
1924 2295 2022 2368 iuxta
2041 2320 2146 2390 prae·

1158 2416 1255 2493 cepta
1277 2402 1451 2471 concinne
1474 2422 1531 2468 eas
1552 2398 1728 2487 recitabit.
1779 2395 1928 2466 Necesse
1954 2412 2007 2471 εει
2027 2414 2152 2473 autem·

1158 2504 1359 2595 praelucere
1380 2504 1484 2571 fidem
1510 2514 1544 2571 et
1568 2522 1684 2591 spem:
1711 2511 1903 2591 quaesunt
1919 2497 2067 2571 virtutes
2085 2527 2144 2573 oc-

107 2623 191 2672 non
214 2603 258 2671 de
281 2602 472 2674 dilectione
487 2600 567 2677 Dei.
620 2601 757 2692 Magna
773 2601 921 2672 coecitas
944 2612 1014 2682 est,
1040 2597 1105 2670 bas
1156 2620 1212 2674 tae
1228 2629 1269 2674 ex
1288 2604 1520 2696 promissione
1535 2600 1741 2690 Evangelii:
1774 2600 1906 2671 deinde
1929 2601 2073 2675 dilectio
2093 2620 2145 2678 εει

108 2703 265 2772 virtutes
291 2703 484 2784 divellere,
507 2706 589 2800 quia
614 2705 757 2775 dilectio
783 2702 935 2791 proximi
957 2716 1105 2773 nonest

110 2804 298 2890 ordinata,
323 2805 392 2874 nisi
406 2821 554 2903 ‘regatur
570 2808 760 2877 dilectione
775 2805 863 2891 Dei,
889 2807 924 2872 id
942 2817 1006 2888 est,
1033 2805 1103 2873 nisi

1157 2708 1311 2777 incoatio
1336 2707 1434 2797 legis.

1257 2807 1358 2879 lxxxta
1385 2808 1535 2898 primam
1559 2805 1717 2875 tabulam
1743 2803 1885 2875 dilectio
1905 2800 1972 2876 Dei
1988 2808 2144 2900 comple·

110 2908 161 2978 sit
177 2907 257 2977 talis
274 2907 456 2989 voluutas,
484 2924 519 2981 et
536 2910 606 2979 sint
623 2911 706 2979 talia
725 2908 853 2992 officia,
880 2906 997 2999 qualia
1007 2906 1104 2976 Deus
1155 2909 1263 2980 ctitur
1276 2911 1440 2981 timorem
1464 2907 1609 2978 filialem
1625 2906 1715 2992 Dei,
1739 2907 1776 2974 id
1801 2920 1870 2991 est,
1897 2930 2016 2978 veram
2041 2932 2144 2980 reve·

111 3008 155 3078 in
180 3009 253 3079 auis
275 3011 468 3101 praeceptis
490 3014 645 3086 ordinat.
704 3008 813 3096 ltem,
837 3007 914 3079 Nisi
938 3006 982 3076 a'd
1008 3005 1104 3078 hunc
1156 3013 1352 3082 nerentiam
1376 3009 1462 3096 Dei,
1500 3008 1775 3093 confessionem,
1807 3009 1998 3096 gratiarum
2032 3011 2144 3083 actio·

109 3110 222 3181 finem
239 3112 429 3197 referatur,
459 3128 497 3186 ut
513 3112 589 3184 Deo
607 3124 802 3206 praestetur
819 3110 1043 3195 obedientia,
1070 3125 1104 3180 et
1156 3138 1270 3198 nem,
1291 3112 1497 3204 patientiam
1520 3113 1560 3180 in
1583 3111 1762 3180 aerumnis
1784 3110 2034 3195 confessionis,
2067 3124 2144 3185 stu·

109 3212 227 3285 aimus
242 3213 278 3284 iu
295 3215 374 3284 Deo
390 3216 565 3305 copulati,
595 3217 685 3285 sicut
703 3211 878 3283 Dominus
894 3212 1027 3306 inquit:
1055 3210 1104 3282 Ut

110 3337 230 3387 unum
253 3315 325 3385 sint
350 3315 388 3384 in
412 3319 530 3392 nobis.
581 3317 742 3390 Sciamus
767 3314 876 3406 igitur
897 3338 1004 3384 unam
1028 3336 1103 3384 εεεε

1158 3215 1258 3285 dium
1274 3214 1507 3286 conservandi
1523 3210 1710 3280 ministerii
1727 3211 1931 3299 evangelici.

1259 3315 1300 3386 ln
1317 3317 1469 3388 secunda
1486 3315 1605 3387 tabula
1625 3314 1664 3381 in
1687 3326 1814 3404 quarto
1836 3328 2020 3406 praecepto
2043 3338 2143 3388 amo-

109 3415 285 3489 virtutem
306 3418 532 3511 dilectionem
561 3419 630 3490 Dei
651 3431 686 3488 et
710 3418 884 3509 proximi,
910 3439 1000 3509 quae
1024 3439 1103 3506 gra·
1154 3441 1228 3488 rem
1253 3421 1433 3510 coniugis,
1459 3417 1612 3501 sobolis,
1636 3429 1842 3506 parentum,
1876 3417 2142 3508 beneficiorum,

111 3519 184 3589 dus
200 3513 326 3610 babet,
353 3524 411 3591 sed
435 3537 552 3592 tamen
578 3537 612 3594 ει
628 3520 769 3592 orditur
784 3545 803 3589 a
820 3519 918 3604 Deo,
945 3532 980 3588 et
997 3518 1103 3588 refert
1154 3522 1420 3613 magistratum,
1446 3532 1590 3612 propter
1605 3516 1734 3591 Deum.

110 3621 302 3692 inferiores
319 3625 447 3712 gradus
472 3627 517 3695 ad
534 3624 648 3695 Deum
669 3637 838 3713 tanquam
858 3623 903 3692 ad
921 3621 1103 3713 principa·
1255 3621 1296 3692 ln
1325 3625 1452 3718 quinto
1477 3632 1663 3713 praecepto
1694 3618 1887 3705 iusticiam,
1921 3643 2012 3713 quae
2033 3634 2143 3707 cavet,

109 3722 186 3794 lem
212 3723 329 3793 anea..
390 3722 573 3797 Abraham
597 3724 715 3813 diligit
734 3723 864 3798 Deum.
922 3721 1046 3792 Postea
1070 3736 1103 3793 ει
1154 3746 1200 3793 ne
1222 3725 1338 3795 laedat
1368 3746 1495 3816 corpus
1520 3721 1685 3805 alterius,
1721 3721 1806 3791 item
1833 3722 2142 3793 mansuetudinem

112 3821 217 3915 Agar
232 3825 367 3915 diligit,
393 3831 453 3898 sed
473 3829 586 3919 pluris
601 3828 686 3898 lacit
701 3823 830 3913 Deum,
856 3850 928 3920 quo
945 3825 1104 3915 iubente,
1154 3827 1377 3897 srenatricem
1410 3826 1483 3896 irae
1517 3838 1551 3896 ει
1584 3822 1789 3917 cupiditatis
1820 3823 2016 3906 vindictae,
2055 3821 2167 3894 item·

109 3926 261 3999 dimittit
279 3930 442 3997 ancillam
456 3928 564 4019 Agar.
1155 3928 1434 4001 beneficentiam.

216 4026 372 4100 Difficile
387 4046 436 4101 est
453 4046 569 4102 autem
591 4030 746 4100 nobisin
764 4024 831 4098 hac
852 4040 948 4097 tanta
972 4026 1104 4097 duritie
1257 4028 1298 4099 ln
1323 4031 1473 4122 septimo
1492 4041 1678 4121 praecepto
1701 4022 1880 4096 iusticiam
1903 4025 2140 4097 abstinentem

114 4130 281 4203 cordium
312 4136 450 4203 tradere
476 4135 649 4203 illustrem
675 4130 918 4202 definitionem
940 4130 1102 4200 dilectio·
1154 4133 1293 4203 archus
1309 4132 1453 4217 alienis,
1481 4145 1515 4203 ει
1528 4130 1779 4201 liberalitatem
1795 4127 1976 4197 iuvantem
2001 4149 2141 4217 egenos.

111 4234 186 4304 nis.
246 4231 284 4304 Si
309 4236 403 4303 enim
429 4239 594 4306 arderent
618 4235 724 4304 corda
748 4254 852 4302 sensu
874 4231 1006 4300 amoris
1027 4228 1104 4317 Dei,
1154 4232 1250 4304 Ilaec
1272 4234 1392 4303 omnia
1413 4254 1486 4304 esse
1517 4232 1631 4302 ollicia
1660 4229 1861 4299 dilectionis
1884 4228 2037 4317 proximi
2059 4252 2144 4322 per·

112 4337 209 4406 sicut
224 4351 379 4406 amantes
395 4338 559 4408 incendia
575 4337 706 4431 amoris
723 4336 815 4404 inter
838 4356 912 4402 sese
934 4332 1104 4418 sentiunt,
1155 4338 1316 4427 spicuum
1335 4350 1404 4421 est,
1430 4336 1514 4429 quia
1530 4347 1612 4404 sunt
1629 4331 1771 4401 vincula
1788 4331 2059 4402 consociationis
2080 4356 2140 4424 ge-

112 4438 237 4509 ruinus
260 4440 450 4510 obscurum
475 4454 562 4510 esset
592 4440 676 4533 quid
709 4436 915 4507 nominetur
940 4434 1103 4508 Dilectio.
1156 4440 1251 4508 neris
1268 4435 1436 4529 humani,
1462 4449 1621 4531 quae‘est
1641 4448 1763 4504 mutua
1778 4433 2037 4509 benevolentia.

111 4540 171 4612 Ac
204 4540 361 4629 prolecto
398 4543 483 4613 talia
513 4566 593 4611 vera
621 4539 785 4610 incendia
813 4560 892 4627 erga
920 4535 1035 4606 Deum
1065 4538 1104 4605 in
1258 4540 1301 4609 ln
1325 4555 1421 4610 sexto
1448 4550 1633 4630 praecepto
1657 4535 1818 4608 (institas.

112 4643 224 4711 corde
239 4664 312 4710 εεεε
329 4645 508 4725 deberent,
535 4645 594 4712 sed
610 4643 693 4735 quia
709 4642 810 4712 valde
826 4640 992 4729 languida
1009 4652 1102 4725 sunt,
1257 4640 1299 4711 ln
1322 4657 1444 4713 octavo
1460 4639 1618 4724 Veritas,
1642 4638 1790 4707 virtutes
1812 4650 1896 4708 sunt
1912 4635 2138 4717 necessariae,

113 4742 226 4814 etiam
243 4744 270 4811 si
290 4770 357 4837 qua
375 4763 476 4831 sum,
503 4747 687 4815 obscurior
702 4758 753 4814 est
767 4742 970 4832 descriptio.
1157 4745 1293 4814 etiamsi
1312 4770 1384 4813 non
1401 4747 1608 4833 prodessent
1629 4739 1807 4830 proximis.
1860 4737 1907 4811 Et
1929 4752 2048 4811 tamen
2072 4733 2139 4808 bae

223 4843 290 4913 Sed
313 4863 429 4916 tamen
449 4848 704 4917 constituamus
718 4840 810 4915 banc
826 4845 1105 4936 qualemcunque
1157 4872 1299 4941 quoque
1317 4846 1561 4936 multipliciter
1576 4855 1724 4933 prosunt
1738 4843 1893 4913 societati
1913 4839 2108 4913 communi.
2252 4841 2255 4844 ’

115 4947 412 5037 descriptionem:
441 4948 591 5021 Dilectio
610 4946 677 5019 Dei
692 4962 726 5018 et
743 4947 893 5037 proximi
909 4958 980 5027 est,
1008 4960 1105 5037 post·
1259 4948 1313 5017 Ex
1335 4944 1401 5016 hac
1423 4945 1707 5015 consideratione
1729 4945 1880 5015 iudicari
1908 4956 2041 5034 potest,
2073 4940 2139 5010 ad·

115 5073 228 5143 quam
256 5076 336 5119 vera
366 5052 434 5121 tide
457 5047 675 5142 apprehensa
703 5062 755 5118 εει
775 5048 1014 5117 misericordia
1040 5048 1106 5118 Dei
1158 5051 1348 5141 pellatione
1382 5048 1581 5119 dilectionis
1615 5047 1762 5117 virtutes
1795 5059 1945 5117 caeteras
1979 5040 2141 5141 compre·

115 5165 268 5249 propter
283 5153 393 5221 salium
413 5156 556 5236 donata,
581 5151 737 5222 vicissim
754 5149 928 5221 subiicere
946 5174 1006 5218 cor
1020 5147 1108 5233 Deo,
1158 5149 1279 5222 hendi.
1328 5157 1330 5162 '

117 5267 155 5323 et
174 5254 288 5324 facere
304 5259 470 5328 mandata
495 5256 588 5339 eius,
614 5279 693 5324 cum
716 5253 869 5344 quadam
892 5252 1025 5321 laetitia
1049 5276 1107 5321 ac·
1263 5253 1342 5323 Sed·
1361 5277 1424 5322 cur
1444 5254 1579 5346 inquit:
1606 5248 1764 5321 Maxima
1788 5240 2141 5315 interhasdilectio?

117 5356 324 5450 quiescente
342 5360 432 5450 ipso.
485 5355 534 5429 Ut
556 5358 638 5449 quia
661 5355 726 5424 scit
741 5353 953 5424 Laurentius
978 5377 1013 5424 εε
1033 5352 1107 5424 Deo
1163 5354 1359 5448 llepondeo
1376 5355 1654 5448 simplicissime:
1680 5349 1771 5422 Cum
1787 5348 1935 5419 virtutes
1956 5342 2051 5420 inter'
2072 5369 2146 5420 sese

175 5461 354 5527 lllrsxxrn.
385 5465 488 5528 Oeta.
518 5463 600 5525 Vox..
620 5460 698 5527 XV.
1373 5455 1424 5527 78
