4522 5782
48 119 52 125 ¹
106 172 199 257 asra
314 244 317 249 ,
371 174 436 249 ‚au
464 168 571 247 ‚usn
625 92 1665 271 ‚assmmmnvsmvsrnnasmmm
1699 152 1734 223 c
1785 148 1887 221 ‚tata
2025 152 2137 242 aaa

51 374 56 385 ·
112 404 122 413 .
187 388 191 399 ·
227 335 322 413 Ecce
343 359 408 428 egs
429 332 614 407 vobiscum
630 325 716 401 'sun
743 332 857 422 usqsae
879 328 924 399 ad
948 346 1114 398 consum·
1165 323 1685 429 mns,1obtemp'e'r'erisu's··lsnfe
1706 326 1896 417 naumis,-
1916 316 2139 411 'et'inffl

126 445 322 519 'mum‘
346 437 469 511 muli·
1168 452 1246 500 “⁸¹¹⁸
1275 451 1340 499 ¹¹⁰⁸
1365 452 1508 522 ll¹¹⁰¹lue
1531 428 1570 500 ἰή
1594 433 1867 521 promissionem
1897 436 2136 511 universalem:

128 592 134 605 .
178 560 183 577 ¹
230 543 336 617 ltem:
361 538 459 612 Oves
474 560 573 608 meae
591 556 710 605 vocem
726 556 839 603 meam
855 530 1019 606 audiunt.
1062 531 1115 600 Ac
1168 525 1325 624 (Venite
1348 532 1391 599 ad
1417 554 1474 599 me
1494 529 1646 629 omncs)
1672 548 1706 606 et
1728 556 1805 605 eam
1830 540 1874 608 ad
1894 530 1963 610 nos
1981 543 2137 633 pertinere

131 671 269 737 semper
299 668 374 715 esse
394 643 533 734 aliquos
555 638 683 707 electos
707 649 878 706 testantur
899 630 987 705 hacc
1009 632 1115 717 dicte,
1168 645 1372 704 statuamus.
1424 630 1502 703 llac
1523 635 1594 703 lide
1618 639 1680 729 qui
1696 661 1732 708 se
1749 638 1952 711 sustentant
1973 643 2137 715 disteden.

64 822 70 835 ,
131 746 262 823 Mattb.
282 749 356 821 14.:
384 745 423 813 ln
440 747 593 811 adventu
608 740 672 809 filii
690 733 847 808 bominis
862 740 933 807 duo
957 747 1063 805 crunt
1077 736 1115 802 in
1169 747 1220 802 tes
1236 758 1277 803 es
1293 729 1358 802 bac
1374 735 1467 820 vita,
1491 737 1651 808 sentiunt
1667 741 1968 828 cumulationem,
1991 768 2080 836 quae
2097 764 2136 820 ag

120 876 235 941 -agco,
256 874 349 921 unus
370 859 585 920 assumetur,
612 842 700 911 alter
722 842 954 931 relinquetur.
1007 836 1114 908 ltem:
1169 837 1312 905 initium
1341 836 1432 905 vitae
1455 852 1635 918 aeternae,
1673 840 1768 911 iusta
1793 845 1951 915 dictutn:
1984 842 2080 918 llae'c
2096 864 2137 921 est

131 953 284 1044 Propter
318 952 445 1019 electos
478 945 782 1015 abbreviabuntur
818 935 855 1009 hi
894 942 982 1013 dies.
1043 937 1116 1008 Nec
1170 939 1241 1006 vita
1265 954 1428 1020 aeterna,
1466 955 1506 1009 ut
1528 957 1718 1028 agnoscant
1738 955 1774 1013 te
1797 942 1915 1017 Deum
1944 970 2068 1018 veruna
2088 964 2138 1023 ete

133 1069 216 1125 sunt
246 1054 346 1123 electi
381 1066 474 1120 extra
504 1061 641 1114 coetum
671 1058 875 1113 vocaturum
909 1040 1117 1134 quaerendi,
1169 1037 1275 1108 Tales
1292 1054 1376 1108 sunt
1391 1041 1592 1112 innumero
1607 1044 1813 1120 electorum.

131 1160 191 1227 sed
210 1156 434 1226 retiueudum
451 1163 502 1219 est
516 1151 648 1217 dictum
658 1144 778 1215 Pauli:
806 1143 905 1233 Quos
921 1145 1036 1232 clegit,
1050 1138 1117 1211 lios
1268 1139 1339 1210 Sed
1364 1144 1488 1212 obiicit
1510 1146 1646 1234 trepida
1670 1170 1784 1216 mens:
1812 1146 1893 1218 Nou
1912 1172 2058 1240 possum
2077 1178 2137 1225 crc-

132 1272 168 1329 et
193 1258 341 1329 vocavit.
403 1253 508 1334 ltem,
551 1243 674 1317 luban
698 1247 750 1320 8.:
786 1244 859 1334 Qui
882 1260 934 1316 est
960 1270 1001 1314 ex
1025 1244 1117 1333 Deo,
1169 1244 1277 1325 dere,
1310 1244 1380 1310 nisi
1407 1242 1483 1312 Deo
1509 1246 1615 1314 fidem
1642 1252 1867 1321 accendente.
1919 1249 2137 1345 Respondwg

133 1362 280 1431 verbum
304 1356 370 1426 Dei
392 1353 504 1425 audit.
538 1349 603 1441 ‚Et
625 1363 769 1440 propter
794 1349 899 1418 talem
923 1345 1116 1416 Ecclesiam
1171 1341 1305 1412 Verum
1330 1357 1380 1414 est
1407 1343 1568 1416 homines
1590 1373 1610 1418 a
1635 1346 1710 1418 Deo
1732 1347 1845 1438 trahi,
1878 1356 1940 1422 sed
1965 1352 2138 1429 trahamus

132 1442 318 1530 servantur
348 1459 488 1550 aliquae
521 1453 691 1543 politiae,
740 1472 944 1543 quanquam
987 1448 1117 1541 passim
1170 1470 1233 1537 per
1251 1469 1373 1515 vocem
1387 1442 1592 1537 Evangelii,
1618 1453 1675 1520 cui
1698 1452 1774 1523 vult
1798 1469 1833 1523 te
1856 1452 1955 1525 Deus
1979 1462 2140 1546 assentiri,

131 1564 222 1632 liunt
263 1584 409 1651 magnae
449 1555 607 1647 gentium
647 1553 896 1644 dissipationes
928 1565 962 1622 et
1003 1564 1118 1620 vasta·
1171 1561 1206 1617 et
1239 1547 1346 1617 simul
1378 1561 1500 1640 petere
1532 1552 1724 1637 auxilium,
1757 1556 1848 1625 sient
1879 1559 2056 1648 scriptum
2086 1578 2140 1633 eu:

131 1664 257 1735 ῑῖθῦθδ·
1172 1647 1318 1736 Quanto
1333 1654 1442 1739 magis
1456 1652 1556 1722 dabit
1570 1652 1745 1744 Spiritum
1762 1673 1923 1728 sanctum
1944 1664 2141 1750 petentibus.

235 1763 397 1835 Secunda
421 1757 628 1831 admonitio.
681 1753 749 1826 Sed
774 1755 887 1838 dices,
920 1748 1008 1823 haec
1032 1777 1118 1822 con·

55 1890 64 1903 ’
132 1864 257 1938 'solatio
276 1890 316 1933 eo
339 1864 503 1955 prodest,
530 1861 626 1953 quod
650 1857 721 1927 scio
746 1859 825 1927 aliis
847 1856 981 1926 servari
996 1853 1118 1926 Eccle-

133 1971 239 2055 siam,
272 1966 428 2039 fortassis
452 1977 569 2032 autem
591 1957 678 2029 mihi
708 1961 744 2028 id
770 1954 863 2028 nihil
888 1959 1049 2048 prodest,
1085 1970 1120 2026 ct

132 2072 312 2165 quomodo
328 2067 433 2136 sciam
451 2064 513 2158 qui
527 2064 597 2132 sint
612 2062 739 2132 electi?
776 2059 1010 2152 Respondent
1033 2057 1118 2128 Tibi

132 2195 273 2268 quoque
298 2165 384 2239 lraec
407 2165 580 2258 generalis
606 2163 802 2233 consolatio
829 2165 990 2253 prodest,
1035 2159 1119 2254 quia

131 2274 275 2345 credere
297 2273 403 2341 debes
426 2267 493 2337 tibi
519 2289 660 2359 quoque
686 2267 815 2334 servari
839 2260 1053 2346 Ecclesiam,
1085 2274 1120 2331 et

131 2377 338 2445 mandatum
362 2370 428 2440 Dei
451 2382 633 2440 aeternum
654 2380 687 2435 et
704 2367 890 2436 immotum
913 2370 984 2450 est,
1017 2378 1057 2434 ut
1080 2377 1119 2434 tu

132 2500 274 2569 qnoque
291 2475 413 2544 audias
426 2471 558 2549 filium,
578 2491 658 2557 agas
676 2469 928 2558 poeniteutiam
949 2479 982 2535 et
998 2469 1120 2535 credas

132 2594 166 2647 ιε
188 2578 296 2668 recipi
313 2599 333 2645 a
348 2573 422 2645 Deo
445 2584 590 2663 propter
612 2571 858 2653 mediatorem,
886 2569 964 2638 talis
979 2592 1060 2638 cum
1084 2590 1119 2635 cs

132 2680 316 2750 discedens
340 2700 381 2746 ex
402 2670 467 2744 hac
491 2675 582 2756 vita,
618 2685 752 2741 certum
775 2686 825 2742 est
847 2685 880 2741 te
904 2670 941 2738 in
969 2693 1118 2738 numero

132 2783 324 2853 electorum
352 2800 443 2861 esse,
479 2776 570 2845 sicut
598 2773 860 2864 scriptumest:
888 2770 989 2861 Quos
1016 2771 1119 2841 insti-

133 2885 231 2968 ficat,
263 2883 403 2952 eosdem
428 2890 462 2947 et
484 2875 665 2966 glorificat.
840 2882 843 2889 '

238 2982 342 3054 ltem:
383 2978 484 3050 Beati
508 2978 663 3062 mortui,
704 2977 828 3070 quiin
855 2972 1015 3048 Domino
1040 2997 1120 3042 mo·

131 3086 287 3158 riuntur.

235 3184 346 3269 ltem,
362 3180 507 3274 Apocal.
523 3184 576 3253 λε
604 3177 690 3249 Εειο
707 3178 820 3248 fidelis
837 3179 1005 3272 usquead
1023 3202 1119 3248 mor·

134 3306 223 3375 tem,
251 3303 285 3358 et
303 3289 393 3357 dabo
413 3287 476 3356 tibi
498 3306 676 3356 coronam.

238 3389 338 3478 ltem,
356 3393 392 3459 2.
408 3382 571 3457 Corinth.
587 3381 640 3454 5.:
668 3381 992 3472 superinduemur,
1019 3381 1048 3449 si
1066 3395 1119 3450 ta-

1170 1748 1251 1820 Non
1281 1751 1390 1839 igitur
1413 1776 1586 1843 repugnes
1614 1753 1828 1845 Evangelio,
1867 1784 1945 1830 non
1972 1763 2140 1855 indulgeas

1171 1852 1410 1939 diffidentiae,
1435 1878 1509 1923 non
1533 1855 1681 1945 cogites,
1706 1874 1747 1929 ut
1768 1864 1951 1934 somniant
1974 1861 2143 1936 enthusia-

1171 1968 1261 2038 stae,
1294 1959 1548 2046 expectandum
1578 1982 1652 2028 esse
1676 1960 1872 2033 violentum
1895 1977 2057 2052 motum,
2084 1994 2141 2062 quo

1173 2071 1206 2125 te
1235 2056 1348 2147 rapiat
1376 2055 1473 2129 Deus
1500 2060 1606 2130 etiam
1629 2078 1902 2154 repugnantem,
1949 2082 1986 2139 et
2028 2071 2140 2142 iterun
2181 2064 2183 2135 j

1170 2171 1331 2229 ruentem
1354 2158 1393 2228 in
1415 2162 1562 2245 scelera,
1589 2165 1650 2233 sed
1675 2167 1875 2237 assentiaris
1899 2170 1982 2238 voci
2004 2172 2143 2257 divinae,

1171 2274 1205 2331 et
1225 2261 1332 2330 simul
1354 2263 1465 2352 petito
1489 2264 1680 2350 auxilium,
1722 2267 1812 2339 sicut
1843 2270 1907 2339 ille
1932 2276 2034 2363 apud
2059 2273 2142 2344 blar-

1171 2386 1269 2432 cum:
1305 2360 1419 2433 Credo
1439 2359 1615 2452 Domine,
1647 2369 1708 2436 sed
1723 2391 1825 2460 opem
1844 2373 1897 2441 fer
1919 2375 2143 2449 imbecillitati

1171 2486 1278 2537 meae.
1332 2463 1409 2534 Hoc
1425 2490 1504 2536 cum
1521 2468 1578 2549 fit,
1613 2485 1746 2538 certum
1762 2487 1813 2543 est
1827 2486 1861 2543 te
1876 2499 1896 2544 a
1915 2478 1992 2545 Deo
2008 2475 2100 2548 trabi
2117 2494 2145 2549 et

1171 2566 1350 2652 adiuvari,
1384 2569 1473 2639 sicut
1495 2569 1605 2640 iurat:
1635 2569 1726 2641 vivo
1742 2595 1822 2664 ego,
1854 2578 1944 2648 dicit
1967 2575 2145 2666 Dominus,

1172 2668 1427 2759 nolo-mortem
1453 2673 1662 2761 peccatoris,
1700 2677 1760 2743 sed
1790 2690 1831 2747 ut
1859 2695 2093 2754 convertatur
2118 2699 2146 2754 ct

1172 2771 1281 2846 vivat.
1334 2769 1376 2840 ln
1401 2765 1491 2841 hanc
1520 2775 1729 2844 sententiam
1758 2791 1792 2846 ει
1818 2773 1906 2851 baec
1938 2783 2146 2855 dictasunt:

1171 2868 1268 2940 Deus
1292 2868 1420 2957 trahit,
1454 2877 1514 2942 sed
1540 2877 1715 2946 volentem
1740 2875 1861 2954 trabit.
1917 2879 2028 2954 ltem:
2063 2887 2149 2957 Tau-

1173 2987 1247 3042 tum
1264 2975 1371 3060 velis,
1397 2988 1431 3046 ct
1445 2973 1542 3045 Deus
1563 2981 1820 3068 praeoccurrit,
1846 2995 1885 3053 ut
1898 2981 2061 3059 Basilius
2074 2990 2150 3059 dicit

1173 3075 1210 3165 in
1235 3078 1405 3145 concione
1428 3078 1473 3145 de
1495 3078 1568 3147 lilio
1591 3082 1759 3171 prodigo,
1788 3085 1845 3153 cui
1868 3089 2040 3161 redeunti
2062 3106 2150 3180 pater

1171 3177 1312 3246 obviam
1337 3180 1494 3269 procedit
1512 3194 1546 3250 et
1562 3181 1695 3253 involat
1712 3184 1749 3251 in
1773 3186 2015 3276 complexum.
2063 3190 2151 3263 Haec

1172 3279 1321 3348 dicimus
1337 3282 1378 3348 ad
1394 3280 1629 3352 consolandos
1645 3307 1721 3368 eos,
1753 3287 1915 3377 quisunt
1933 3290 1973 3359 in
1989 3289 2148 3380 Ecclesia,

1173 3395 1259 3451 etse
1279 3381 1482 3470 intelligunt
1506 3386 1626 3454 vocari
1650 3410 1733 3456 voce
1748 3386 1953 3477 Evangelii,
1982 3407 2018 3463 et
2034 3397 2147 3468 volunt

1171 3483 1342 3557 converti.
1394 3484 1433 3554 si
1456 3485 1518 3576 qui
1533 3500 1650 3556 autem
1672 3489 1749 3557 sine
1770 3493 1993 3579 poenitentia
2016 3512 2148 3570 movent

1170 3584 1327 3655 curiosas
1349 3588 1592 3679 quaestiones,
1614 3614 1696 3659 cum
1719 3591 1850 3662 talibus
1872 3595 2010 3668 frustra
2035 3601 2146 3694 dispu-

135 3515 217 3561 men
242 3514 315 3558 non
338 3489 425 3556 nudi
450 3488 678 3576 reperiemur.

235 3591 295 3663 Sic
320 3588 456 3682 quoties
479 3590 672 3674 cogitamus
695 3587 738 3653 de
754 3582 943 3667 electione,
980 3585 1118 3654 intuea-

135 3717 218 3763 mur
239 3693 384 3762 verbum
409 3688 475 3758 Dei
505 3692 716 3777 revelatum,
752 3685 990 3771 vocatiouem,
1017 3709 1118 3754 man·
1170 3699 1279 3758 tatur.

137 3799 257 3866 datum
274 3797 318 3863 de
334 3792 510 3861 audiendo
533 3789 744 3878 Evangelio,
773 3790 817 3855 de
842 3789 1055 3876 poenitentia
1084 3803 1117 3859 et
1272 3787 1378 3876 Quod
1404 3804 1520 3860 autem
1546 3791 1653 3881 longo
1677 3806 1833 3887 tempore
1854 3814 1978 3889 gentes
2001 3804 2040 3873 in
2056 3804 2147 3894 igno·

137 3899 181 3966 dc
197 3898 277 3966 fide.
329 3892 422 3983 Quia
441 3917 561 3962 omnes
584 3892 743 3960 salvandi
761 3903 904 3978 propter
920 3890 1032 3957 filium
1050 3888 1117 3958 Dei
1142 3904 1144 3909 '
1169 3890 1284 3960 cantia
1308 3892 1490 3975 vixerunt,
1514 3909 1574 3963 aut
1599 3919 1694 3963 nunc
1717 3922 1858 3992 quoque
1880 3900 2018 3975 multae
2039 3922 2146 3995 gentes

137 4000 235 4068 electi
254 4010 353 4077 sunt,
375 3996 473 4064 etita
492 4008 575 4063 strnt
592 3994 711 4073 electi,
734 4006 773 4061 ut
788 4004 979 4079 agnoscant
992 3991 1117 4074 filium,
1141 3966 1144 4088 l
1169 4016 1312 4083 prorsus
1328 3997 1492 4079 ignorant
1507 3991 1761 4084 Evangelium,
1787 4003 1889 4093 culpa
1907 4020 1960 4076 est
1982 4031 2058 4078 non
2075 4007 2145 4092 Dei,

136 4104 179 4167 ad
203 4125 282 4170 eum
306 4098 530 4185 confugiant,
561 4110 595 4165 et
620 4098 662 4162 de
687 4089 741 4161 ltis
763 4093 1049 4181 confugientibus
1072 4096 1115 4161 ad
1141 4102 1144 4185 t
1169 4096 1228 4162 sed
1245 4095 1400 4182 ipsorum
1418 4090 1615 4167 homiuum.
1668 4097 1762 4187 Quia
1780 4099 2032 4200 Deussemper
2046 4111 2083 4179 in
2097 4134 2147 4201 ge·

135 4203 252 4291 ipsum
269 4201 442 4292 loquitur,
469 4223 549 4268 cum
569 4198 635 4268 ait:
663 4195 775 4265 Nemo
793 4194 905 4284 rapiet
922 4218 1004 4263 oves
1023 4218 1117 4264 mens
1141 4238 1144 4273 ς
1168 4218 1252 4263 nete
1272 4191 1429 4265 humano
1449 4191 1592 4284 habuit,
1621 4215 1654 4271 et
1673 4196 1779 4273 habet
1794 4201 2015 4296 Ecclesiam,
2041 4227 2077 4284 et
2095 4238 2146 4282 ve.

136 4326 177 4370 cx
202 4303 364 4371 manibus
387 4303 483 4370 meis.
536 4300 737 4370 siccamus
761 4319 861 4378 oves,
889 4320 969 4364 cum
993 4321 1116 4364 vocem
1140 4294 1143 4375 i
1167 4297 1222 4366 lut
1246 4321 1359 4365 arcem
1384 4299 1422 4365 iu
1447 4301 1581 4369 excelso
1605 4303 1682 4372 loco
1705 4306 1869 4392 collocat,
1896 4335 2007 4402 qnam
2032 4316 2146 4386 audire

135 4404 210 4471 eius
238 4405 421 4485 audimus,
461 4404 554 4473 iuxta
585 4403 797 4490 praecedens
826 4396 975 4466 dictum:
1017 4394 1116 4467 Oves
1140 4394 1144 4475 i
1168 4393 1535 4489 hominesdebebant,
1554 4407 1613 4471 sed
1631 4406 2036 4501 omnibustemporibue
2051 4418 2145 4488 mulii

133 4526 233 4573 meae
258 4528 377 4574 vocem
398 4528 510 4573 meam
534 4505 695 4574 audiunt.
1139 4491 1143 4619 f
1166 4514 1249 4569 sunt
1264 4502 1383 4590 impii,
1406 4503 1468 4593 qui
1485 4505 1608 4575 audire
1621 4532 1740 4576 vocem
1757 4510 1821 4578 filii
1837 4509 1904 4581 Dei
1923 4539 2001 4586 nou
2017 4520 2145 4600 volunt,

237 4603 360 4674 Tertia
374 4606 580 4677 admonitio.
613 4604 702 4673 Cum
718 4603 850 4672 dictum
866 4601 929 4686 sit,
957 4624 1115 4670 necessa·
1139 4628 1142 4647 ¹
1165 4603 1210 4671 de
1227 4601 1357 4694 quibus
1374 4605 1506 4673 dictum
1525 4620 1591 4675 est:
1618 4604 1842 4680 Osculamini
1865 4615 1995 4688 lilium.
2049 4619 2145 4691 Item:

133 4709 188 4778 rio
210 4706 438 4775 iudicandum
455 4731 527 4776 esse
544 4710 584 4775 de
605 4707 786 4774 voluntate
804 4703 869 4773 Dei
887 4727 926 4770 ex
946 4704 1053 4772 verbo
1069 4705 1113 4773 ab
1139 4756 1142 4763 -
1166 4700 1272 4773 Hunc
1287 4707 1415 4779 audite.
1461 4706 1668 4781 Accusanda
1685 4725 1736 4781 εει
1752 4712 1861 4799 igitur
1875 4712 2067 4792 hominum
2084 4725 2141 4792 im.

132 4813 210 4899 ipso
235 4807 382 4890 tradito,
424 4831 496 4875 non
523 4832 563 4876 ex
588 4807 902 4892 imaginationibus
930 4800 1113 4886 humanis,
1138 4844 1141 4899 i
1164 4807 1291 4897 pietas:
1325 4831 1392 4877 nos
1412 4831 1494 4878 vero
1518 4811 1668 4882 sciamus
1692 4814 1908 4887 audiendam
1932 4844 2010 4894 esse
2032 4848 2140 4896 rocem

132 4910 284 4981 tenenda
311 4921 361 4976 est
379 4909 483 4977 etiam
506 4904 591 4976 baec
613 4910 748 4995 regula:
775 4906 856 4976 Nou
879 4930 951 4975 esse
974 4930 1111 4996 ponen·
1138 4906 1141 4981 l
1164 4908 1229 4975 filii
1251 4905 1331 4981 Dei.

132 5019 193 5084 das
209 5010 498 5082 contradictorias
515 5011 712 5078 voluntates
730 5011 767 5076 in
787 5007 883 5092 Deo,
910 5009 992 5100 quia
1015 4984 1140 5111 Densi
1263 5008 1433 5081 Nuncad
1459 5026 1589 5082 textum
1617 5016 1733 5088 venio.
1784 5017 1903 5112 Supra
1926 5027 2138 5110 autentici,

130 5140 234 5185 verax
257 5129 318 5183 est.
371 5111 462 5183 Cum
485 5113 593 5201 igitur
618 5113 802 5198 pmmissio
827 5113 871 5180 sit
898 5110 1109 5178 universatis
1135 5134 1139 5185 :
1162 5135 1269 5202 quare
1294 5107 1352 5181 bic
1374 5117 1616 5205 quaestionem
1639 5121 1683 5187 de
1699 5116 1856 5192 Ecclesia
1875 5145 2039 5216 moveat,
2063 5131 2134 5224 quie

129 5232 162 5285 ει
185 5216 353 5304 gratuita,
386 5229 420 5284 et
445 5216 670 5282 manifestum
694 5213 755 5290 sit,
789 5212 992 5281 mandatnm
1015 5213 1108 5279 divi·
1133 5222 1138 5296 ι
1162 5211 1283 5283 ludaei
1306 5216 1553 5302 disputabant,
1586 5243 1726 5290 secum
1752 5224 1826 5296 sint
1855 5223 2036 5319 Ecclesia,
2071 5255 2133 5302 non

129 5341 214 5385 num
236 5331 417 5388 aeteruum
442 5331 475 5386 et
499 5317 684 5386 immotum
707 5335 798 5400 esse,
825 5327 865 5386 ut
887 5311 960 5381 lilio
982 5315 1105 5384 creda·
1132 5304 1136 5379 l
1160 5338 1286 5387 errare.
1345 5314 1553 5410 Respondet
1580 5319 1730 5412 Paulus,
1769 5327 2045 5409 discernendam
2070 5355 2131 5409 esse
