4522 5782
56 228 127 309 Μ
359 228 467 310 Xlll.
511 239 549 309 2.
582 164 1027 308 comburenaum
1052 228 1385 307 betsuram
1411 216 1768 310 AD'ROMANOS·
1999 224 2088 311 ’ΜΒ
2147 242 2152 253 ’

55 402 118 474 Dei
140 414 336 493 regnante,
360 403 423 498 qui
446 405 544 474 adest
569 408 675 478 nobis
700 407 977 500 tanquamdur,
1012 419 1046 477 et
1096 405 1166 476 ceri
1197 405 1236 474 iu
1267 396 1631 498 utramquepartem.
1688 405 1929 502 Hypocritae,
1972 420 2013 477 ut
2033 420 2085 478 est
2197 460 2200 467 -

10 526 13 611 t
55 507 226 598 Spiritum
240 519 401 581 sanctum
417 506 593 599 impertit:
619 508 1042 598 Nonenimcogitandum
1096 518 1242 577 naturae
1257 507 1464 588 infirmitas,
1493 509 1559 578 sibi
1577 510 1735 600 placent,
1760 511 1984 580 admirantur
2004 531 2083 580 suas

56 622 101 677 est
122 604 308 679 Christum
329 630 478 697 regnare
499 610 654 681 otiosum
676 614 766 682 sient
792 613 928 700 tingunt
952 608 1044 680 Po'e'·
1097 610 1264 695 virtutes,
1288 623 1481 682 extenuant
1495 624 1642 681 naturae
1666 611 1925 690 infirmitatem,
1951 634 1992 681 ae
2013 634 2084 701 pu-

58 724 126 794 tae,
160 708 282 781 lovem
317 711 470 782 otiosum
504 712 542 782 iu
577 708 869 783 coelo'convivia
901 713 1042 801 agitare.
1094 723 1171 781 tant
1195 735 1231 781 se
1255 711 1333 780 sine
1354 724 1496 802 peccato
1521 737 1611 800 esse,
1638 729 1671 784 et
1694 715 1762 804 legi
1781 710 1850 784 Dei
1872 712 2082 800 satisfacere,

57 811 157 881 'l‘ales
171 826 256 882 sunt
271 812 435 882 tenebrae
449 814 487 881 in
504 817 685 886 mentibus
698 812 884 885 hominum
901 812 1041 885 deDeo.
1093 835 1130 881 se
1145 813 1271 903 dignos
1287 811 1446 883 esse'vita
1462 828 1622 902 aeterna,
1643 841 1683 886 ac
1699 816 1825 886 mereri
1842 816 1949 887 vitam
1968 828 2082 885 aeter-

56 912 118 984 sed
146 908 184 981 hi
211 937 347 983 errores
369 915 446 984 luce
470 914 657 1006 Evangelii
681 933 715 988 et
737 919 807 987 lide
830 917 1042 1001 emendandi
1093 939 1189 984 nam.
1241 913 1348 984 Tales
1373 929 1456 984 sunt
1478 942 1552 985 non
1577 920 1684 988 modo
1701 914 1965 1013 hypocritarum
1986 916 2083 1005 cogi·

56 1027 145 1087 suut.
198 1013 258 1085 Ile¹
268 1009 324 1084 his
344 1017 425 1086 fidei
443 1019 636 1105 exercitiis,
665 1035 700 1090 et
724 1021 872 1088 devera
896 1018 1041 1087 invoca·
1093 1017 1263 1101 tationes,
1289 1018 1349 1085 sed
1371 1017 1530 1087 omnium
1557 1014 1742 1092 bominum
1766 1019 1999 1091 iudicantium
2026 1042 2081 1088 se-

55 1119 149 1187 tione
169 1117 257 1211 quid
279 1132 427 1208 possunt
451 1120 569 1190 dicere
596 1124 789 1193 adversarii
816 1121 947 1203 nostri,
980 1121 1041 1213 qui
1091 1121 1248 1188 cundum
1274 1119 1459 1192 rationem.
1513 1118 1573 1190 Sic
1595 1119 1716 1208 Plato,
1742 1123 1792 1192 sic
1809 1118 1934 1193 Cicero
1958 1121 2081 1211 dispu-

54 1241 114 1309 pm
133 1215 331 1309 Evangelio
347 1223 391 1289 de
408 1221 495 1306 fide,
522 1224 651 1296 docent
672 1247 739 1296 nos
756 1219 1041 1319 Pyrrhoniorum
1092 1234 1168 1291 tant
1193 1223 1236 1288 de
1260 1220 1705 1310 immortalitateanimae,
1745 1224 1906 1315 puriores
1932 1223 2080 1308 animas,

51 1316 313 1412 philosophiam
328 1323 372 1391 de
388 1325 621 1396 dubitatione.
1091 1346 1182 1414 quae
1208 1322 1328 1391 rdinus
1361 1317 1494 1393 babent
1522 1326 1675 1415 contagii
1704 1349 1723 1395 a
1752 1327 1978 1417 corporibus,
2011 1318 2081 1394 hoc
2119 1341 2121 1344 ’

150 1421 205 1492 De
223 1424 325 1493 tertia
342 1426 561 1515 quaestione.
614 1426 711 1497 Haec
725 1427 845 1497 minus
869 1425 1041 1516 explicata
1091 1437 1158 1507 est,
1186 1448 1275 1518 quae
1289 1424 1482 1495 modestius
1496 1427 1680 1510 vixerunt,
1704 1428 1890 1500 subvolare
1905 1427 1943 1494 in
1960 1420 2080 1496 aethe-

44 1538 100 1595 ·est
122 1524 162 1594 in
186 1526 366 1596 veteribus
386 1552 492 1620 quam
518 1531 674 1619 priores,
708 1553 787 1599 cum
814 1531 860 1599 sit
887 1529 1041 1598 maxime
1091 1550 1152 1612 ra,
1177 1528 1235 1596 sed
1258 1527 1450 1616 pigriores,
1482 1552 1572 1620 quae
1598 1529 1677 1618 plus
1699 1529 1853 1619 contagii
1876 1553 1895 1599 a
1919 1526 2080 1619 corpori·

53 1629 257 1697 necessaria.
315 1627 440 1700 Manet
456 1630 495 1699 in
510 1633 642 1702 renatis
658 1631 783 1720 ingens
804 1629 1039 1715 imbecillitas,
1090 1623 1322 1707 busbabent,
1348 1623 1416 1698 hoc
1442 1642 1513 1714 est,
1541 1654 1630 1723 quae
1653 1632 1895 1725 voluptatibus
1918 1628 2078 1721 corporis

56 1732 170 1798 minus
186 1729 310 1800 timent
328 1728 466 1822 Deum,
495 1757 599 1825 quarn
618 1734 797 1823 oportuit,
825 1757 900 1801 non
916 1733 1040 1802 ardent
1089 1752 1126 1799 se
1156 1731 1455 1823 inquinaverunt,
1499 1726 1599 1801 humi
1630 1733 1721 1804 cirea
1754 1734 1912 1827 scpulcra
1946 1732 2077 1822 vagari.

53 1831 118 1900 lide
140 1845 175 1900 et
205 1832 413 1916 dilectione,
461 1833 640 1905 interdum
676 1849 852 1928 quaerunt
883 1831 1039 1905 humana
1089 1828 1189 1920 Quid
1205 1832 1302 1901 aliud
1322 1832 1434 1922 reipsa
1451 1833 1576 1904 dicunt
1590 1831 1780 1919 Monacbi,
1814 1860 1894 1906 cum
1917 1833 2076 1904 iactitant
2118 1866 2120 1875 ·

53 1934 224 2022 praesidia
241 1934 353 2017 aliter,
379 1958 486 2027 quam
500 1960 706 2007 concessum
724 1952 785 2021 est,
803 1952 933 2019 errant,
953 1948 1038 2005 sunt
1088 1934 1214 2005 merita
1230 1933 1318 2004 sua?
1352 1929 1429 2003 Etsi
1452 1949 1567 2006 autem
1588 1938 1679 2008 ratio
1705 1934 1860 2008 humana
1883 1958 1956 2004 uon
1973 1934 2076 2005 aliter

51 2036 266 2124 negligentes
280 2037 318 2104 in
331 2038 466 2120 officio,
491 2038 583 2110 fiunt
603 2039 793 2110 insolentes
813 2042 852 2108 in
875 2036 1039 2108 secundia
1088 2036 1221 2106 iudic'at
1247 2059 1311 2104 suo
1337 2035 1494 2123 lumine,
1521 2052 1640 2109 tamen
1666 2041 1813 2109 verbum
1838 2037 1905 2107 Dei
1926 2032 2076 2109 testatur

53 2139 182 2222 rebus,
221 2132 356 2208 habent
392 2138 645 2211 immoderatos
684 2142 852 2225 allectus,
889 2162 1039 2219 amores,
1088 2138 1265 2207 neminem
1291 2136 1358 2226 legi
1376 2138 1593 2222 satisfacere,
1619 2153 1758 2212 accusat
1780 2137 1942 2210 homines
1964 2138 2075 2207 conb-

52 2240 153 2321 odis,
193 2254 363 2330 appetunt
385 2240 606 2312 inconcessas
627 2244 842 2334 voluptates,
877 2243 915 2311 in
944 2242 1037 2309 aflli-
1088 2242 1211 2311 dentes
1235 2241 1377 2329 propria
1403 2240 1562 2326 iusticia,
1595 2255 1628 2312 et
1652 2243 1820 2337 proponit
1841 2242 2073 2311 mediatorem

55 2340 230 2410 <tionibus
254 2341 409 2412 fremunt
434 2345 602 2415 adversus
624 2342 766 2429 Deum,
808 2346 971 2416 dubitant
993 2344 1038 2411 de
1087 2343 1200 2412 lilium
1217 2339 1302 2425 Dei,
1328 2364 1468 2411 necesse
1483 2357 1533 2413 est
1550 2345 1908 2435 igiturarrogantiam
1926 2356 1957 2413 et
1973 2364 2073 2411 seeu-

57 2441 294 2512 misericordia
316 2441 402 2533 Dei,
436 2462 617 2533 anguntur
639 2447 854 2532 diffidentia,
876 2446 1039 2515 inflam—
1087 2447 1226 2514 ritatem
1251 2438 1762 2537 hypocritarum'reprehendi.
1813 2444 1953 2517 Rursus
1974 2443 2074 2537 pavi-

47 2557 197 2641 *mantus
210 2545 340 2616 iniusta
355 2548 548 2636 cupiditate
563 2549 758 2628 vindictae,
783 2573 857 2617 non
873 2549 1039 2618 ardenter
1087 2548 1142 2615 dis
1172 2545 1396 2614 conscientiis
1425 2570 1513 2635 opus
1545 2562 1596 2617 est
1630 2574 1710 2618 vera
1739 2548 2001 2629 consolatione,
2032 2559 2073 2614 ut

10 2734 12 2739 Ι
62 2649 197 2716 student
227 2649 478 2735 gratitudinem
502 2673 602 2719 suam
627 2648 703 2719 Deo
726 2652 922 2732 declarare,
963 2673 1036 2718 nou
1087 2650 1224 2719 discant
1240 2645 1316 2716 Deo
1332 2671 1404 2716 non
1424 2649 1562 2738 placere
1585 2652 1838 2735 diffidentiam,
1864 2651 1923 2718 sed
1948 2651 2071 2717 fidem:

62 2750 1036 2842 aguntgratiasllagrantipectoreprototbeneliciis,non
1087 2752 1222 2819 discant
1246 2749 1339 2816 idem
1362 2753 1542 2842 quomodo
1566 2754 1655 2837 vita,
1697 2776 1831 2834 mores,
1872 2774 1933 2819 sen
1964 2771 2072 2840 opera

64 2851 135 2920 satis
157 2853 277 2939 magni
300 2856 486 2922 aestimant
503 2850 759 2944 Evangelium,
784 2855 910 2943 frigide
933 2853 1037 2922 adiu·
1086 2854 1263 2944 placeant:
1290 2874 1371 2918 narn
1389 2846 1473 2919 baec
1488 2877 1629 2945 quoque
1648 2854 1784 2943 placere
1803 2866 1951 2945 oportet.
1977 2900 1980 2913 .
2003 2848 2073 2919 Pe-

65 2967 138 3023 vant
167 2947 354 3042 Evangelii
385 2956 695 3045 propagationem,
734 2980 808 3025 non
836 2955 1037 3023 alliciuntur
1086 2968 1161 3023 trus
1183 2953 1220 3019 in
1248 2954 1371 3046 cymba
1396 2957 1677 3042 perterrefactus,
1714 2957 1847 3049 inquit:
1883 2950 2073 3024 Exiame

64 3054 204 3142 publicis
232 3056 492 3127 calamitatibus
521 3054 699 3127 Ecclesiae
730 3071 763 3127 et
793 3056 1037 3149 Reipublicae,
1087 3054 1259 3134 Domine,
1287 3054 1369 3145 quia
1388 3068 1550 3145 peccator
1565 3079 1656 3128 sum.
1709 3056 1787 3128 Etsi
1806 3058 1843 3124 in
1861 3070 2072 3139 eaconster·

65 3155 127 3225 nou
149 3153 286 3226 facitint
312 3171 393 3228 vota
423 3183 488 3245 pro
508 3157 681 3244 Ecclesia,
713 3183 777 3249 pro
798 3159 1038 3250 Principibus,
1084 3156 1231 3227 natione
1246 3155 1375 3238 animi,
1403 3156 1487 3247 quid
1504 3158 1647 3242 diceret,
1674 3184 1746 3229 non
1763 3159 1924 3241 attendit,
1942 3172 2071 3236 tamen,

18 3328 23 3335 ,
66 3259 294 3327 incenduntur
310 3260 451 3329 iniustis
471 3261 597 3330 studiis
614 3262 894 3354 quaerendarum
917 3284 1038 3350 opum,
1085 3273 1124 3329 ut
1141 3260 1179 3328 lit
1194 3258 1231 3326 in
1250 3257 1376 3328 subitis
1391 3259 1564 3341 motibus,
1592 3262 1667 3330 sine
1684 3248 1910 3353 simulatione
1931 3280 2073 3350 expres·

67 3354 266 3443 bonorum„
285 3362 483 3450 potentiae,
511 3363 674 3432 invident
700 3364 780 3433 aliis
804 3386 894 3457 quos
915 3363 1037 3431 vident
1084 3364 1150 3445 sit,
1175 3364 1270 3452 quod
1297 3359 1437 3429 animus
1459 3363 1648 3448 sentiebat,
1680 3365 1837 3454 fugiebat
1861 3360 1990 3443 Deum,
2015 3360 2073 3430 in-

64 3462 258 3533 antecellere
279 3462 428 3543 virtute,
462 3478 522 3535 aut
550 3465 629 3532 aliis
660 3465 781 3552 bonis,
822 3479 858 3536 et
881 3464 1036 3534 aemula·
1085 3478 1186 3535 tuens
1201 3486 1298 3532 suam
1317 3460 1583 3551 indignitatem:
1607 3465 1656 3535 sic
1673 3490 1796 3536 ornnes
1811 3460 1973 3534 homines
1987 3487 2073 3533 con-

65 3564 157 3636 tione.
209 3561 395 3635 Interdum
415 3567 578 3634 scandala
601 3567 770 3635 excitant:
803 3567 895 3636 sicut
915 3554 1038 3636 aemal-
1085 3578 1200 3657 specta
1221 3564 1431 3653 indignitate
1453 3587 1533 3649 sua,
1558 3566 1701 3656 fugiunt
1722 3568 1864 3649 Deum,
1889 3580 1923 3635 et
1945 3579 2072 3658 putant

16 3704 23 3713 ·
66 3664 136 3737 latio
151 3668 412 3737 contumaciam
436 3670 569 3756 peperit
586 3669 624 3736 in
648 3692 769 3738 sorore
784 3666 891 3737 Moisi
914 3681 949 3739 et
963 3665 1036 3734 Aa·
1084 3693 1121 3736 se
1137 3679 1229 3736 recte
1250 3667 1385 3751 facere,
1411 3669 1506 3759 quod
1524 3668 1663 3758 indigni
1682 3671 1798 3740 nolint
1816 3670 1858 3738 ad
1875 3666 1992 3738 Deum
2014 3691 2071 3734 ac-

13 3804 19 3809 ·
66 3790 149 3843 rone.
196 3766 291 3837 Haec
308 3793 380 3838 non
397 3785 478 3840 sttnt
494 3770 586 3838 levia
602 3770 692 3838 mala
710 3770 954 3850 existimanda,
976 3769 1037 3836 sed
1085 3771 1239 3840 cedere..
1277 3765 1384 3836 Hunc
1406 3792 1561 3837 errorem
1588 3771 1733 3840 infixum
1757 3766 1924 3840 humanis
1945 3766 2073 3839 animis

67 3884 135 3941 sunt
147 3869 233 3942 vitia
250 3872 441 3960 pugnantia
456 3896 536 3941 cum
553 3872 627 3960 lege
644 3870 728 3954 Dei,
751 3885 785 3941 et
800 3872 907 3961 digna
923 3883 1037 3939 morte
1086 3865 1313 3961 reprehendit
1337 3893 1403 3937 vox
1420 3868 1637 3960 Evangelii,
1674 3898 1763 3966 quae
1787 3873 1885 3942 iubet
1908 3870 2071 3940 accedere

68 3986 211 4057 aeterua,
237 3984 273 4042 et
294 3974 460 4043 oriuntur
481 3997 501 4043 o
523 3973 659 4062 magnis
674 3974 829 4063 pestibus
847 3986 881 4043 et
896 3985 1037 4063 peccato
1086 3995 1289 4065 quanquam
1308 3970 1486 4060 indignos,
1504 3977 1563 4041 sed
1574 3974 1682 4045 fretos
1696 3975 1889 4044 mediatore
1905 3974 1979 4042 lilio'
1991 3970 2070 4045 Dei.

68 4076 219 4165 originis,
258 4074 424 4145 videlicet
446 4100 487 4144 ex
516 4076 738 4163 ignoratione
762 4075 844 4158 Dei,
877 4089 913 4144 et
935 4096 1037 4143 aver·
1085 4071 1163 4145 Etsi
1180 4073 1288 4162 igitur
1303 4074 1495 4142 necessaria
1514 4089 1565 4144 est
1588 4100 1680 4146 nova
1704 4075 1925 4159 obedientia,
1949 4073 2070 4145 utdi-

66 4179 151 4247 sione
167 4173 344 4247 humanae
360 4174 697 4260 voluntatisaDeo,
723 4177 910 4268 dequibus
933 4175 1038 4259 vitiis,
1086 4192 1180 4248 ctum
1205 4187 1277 4260 est,
1310 4199 1350 4243 ae
1370 4175 1507 4247 iusticia
1531 4178 1646 4247 bonae
1666 4175 1919 4262 conscientiae,
1952 4191 2071 4248 tamen
2178 4190 2182 4201 '

65 4304 134 4349 mm
155 4278 273 4372 inquit
299 4275 449 4348 Paulus:
480 4278 751 4350 Sensus-curnis
772 4292 825 4347 est
849 4277 1037 4346 inimicitia
1086 4278 1200 4348 renati
1216 4300 1289 4345 non
1305 4277 1522 4347 satisfaciunt
1540 4278 1630 4367 legi,
1656 4294 1689 4350 et
1706 4293 1825 4348 manet
1847 4280 1884 4347 iu
1902 4280 1951 4347 eis
1974 4304 2071 4349 mor·

63 4386 221 4452 adversus
244 4376 377 4461 Deum,
404 4404 479 4449 non
494 4382 608 4450 levem
624 4378 882 4451 deformitatem
904 4379 1037 4448 descri—
1087 4382 1153 4450 bus
1174 4379 1339 4468 originis:
1370 4381 1449 4471 qui,
1475 4393 1514 4449 ut
1538 4402 1639 4471 saepe
1664 4383 1734 4450 iam
1757 4381 1890 4452 dictum
1913 4396 1985 4465 est,
2009 4406 2071 4450 ne·

62 4484 122 4568 bit,
146 4486 209 4553 sed
233 4484 358 4570 iugens
380 4498 413 4553 et
437 4495 536 4551 atrox
558 4482 703 4551 malum.
760 4480 907 4552 Constat
929 4480 1039 4570 igitur
1088 4506 1265 4575 quaquam
1280 4482 1497 4549 existimetur
1512 4480 1589 4550 leve
1606 4483 1766 4562 malum,
1791 4497 1824 4553 et
1841 4479 1900 4553 hic
1924 4487 2071 4552 morbus

61 4587 232 4656 neminem
247 4584 315 4672 legi
330 4582 397 4653 Dei
413 4585 609 4653 satisfacere
627 4597 764 4674 praeter
779 4579 978 4661 Christum.
1005 4595 1038 4650 et
1086 4585 1199 4673 gignit
1222 4583 1500 4651 innumerabiles
1518 4607 1645 4671 pravos
1665 4584 1820 4656 affectus.
1873 4584 1970 4654 Haec
1992 4611 2070 4655 cnm

53 4690 92 4759 'in
112 4690 244 4758 sanctis
266 4709 408 4756 manere
430 4686 515 4756 vitia
541 4687 733 4776 pugnantia
759 4709 838 4754 cum
861 4686 936 4773 lege
960 4680 1039 4767 Dei,
1087 4687 1158 4754 sint
1182 4685 1265 4754 vitia
1283 4684 1389 4773 digna
1411 4697 1526 4753 morte
1548 4699 1706 4769 aeterna,
1732 4689 1845 4759 renati
1867 4692 1971 4758 etiam
1996 4701 2074 4778 post

48 4801 396 4887 quaesuutpeccata
416 4788 677 4877 dignaaeterna
698 4800 831 4870 morte,
858 4786 928 4856 nisi
951 4809 1037 4853 cou-
1087 4786 1372 4865 conversionem,
1415 4808 1488 4854 non
1514 4800 1596 4857 sunt
1621 4788 1726 4872 iusti,
1766 4790 1803 4856 id
1830 4805 1898 4869 est,
1939 4791 2071 4879 accepti

45 4898 246 4965 donentur.
296 4889 469 4960 floccum
485 4890 533 4961 ita
550 4890 612 4974 sit,
638 4913 713 4959 non
729 4901 866 4959 tantum
882 4889 919 4956 in
935 4882 1034 4954 sclao·
1087 4887 1163 4957 Deo
1184 4890 1226 4956 ad
1253 4887 1361 4958 vitam
1381 4901 1576 4978 aeternam,
1602 4904 1749 4980 propter
1773 4894 1934 4982 proprias
1957 4892 2069 4959 virtu·
2198 4880 2204 4885 ⁴

56 4998 117 5079 lis,
144 4993 267 5064 sedin
291 4993 452 5063 omnium
474 4993 617 5082 piorum
635 4991 813 5061 mentibus
829 4985 911 5059 haec
931 5012 1038 5081 qnae·
1087 5003 1157 5068 tes,
1183 4988 1242 5057 sed
1260 5012 1324 5080 per
1339 4989 1617 5059 misericordiam
1637 4994 1759 5082 gratis,
1786 4995 1913 5063 fiducia
1937 4992 2069 5060 media-

54 5101 119 5172 stio
139 5109 314 5190 perpetuo
336 5095 508 5186 agitatur,
541 5106 575 5162 et
602 5116 676 5162 non
699 5093 855 5180 vulgaria
881 5088 1037 5189 peric'ula
1088 5093 1175 5161 toris
1197 5086 1343 5164 Christi.
1405 5091 1492 5162 ltem
1517 5116 1591 5161 non
1616 5108 1797 5164 merentur
1823 5096 1930 5164 vitam
1958 5106 2072 5163 aeter-

55 5196 297 5274 etcertamina
313 5208 448 5266 movet:
473 5192 618 5265 AnDeo
636 5195 782 5284 placeat,
808 5208 843 5263 et
858 5193 1037 5285 quomodo
1087 5217 1170 5261 nam
1192 5196 1265 5263 suis
1288 5192 1455 5283 operibus
1479 5216 1539 5264 seu
1563 5196 1768 5269 virtutibus.
1828 5195 1897 5267 Sed
1919 5180 2072 5267 staluere

52 5304 187 5397 placeat
227 5298 432 5391 imperfecta
472 5311 506 5366 et
545 5295 782 5366 contaminata
824 5293 1037 5365 obedientia.
1088 5294 1219 5365 debent
1251 5318 1289 5364 se
1317 5296 1393 5364 lieri
1416 5291 1584 5366 haeredes
1615 5298 1708 5366 vitae
1735 5311 1898 5369 aeternae
1928 5313 2073 5391 propter

52 5404 137 5479 ldeo
156 5424 303 5489 necesse
326 5400 383 5472 est'
400 5399 480 5492 pios
501 5400 544 5468 de
559 5393 624 5469 bac
641 5396 848 5492 quaestione
861 5409 955 5466 recte
971 5395 1035 5466 do·
1056 5458 1069 5486 ,
1087 5391 1268 5470 Christum
1293 5397 1400 5487 gratis
1422 5397 1508 5468 fide:
1542 5398 1606 5469 etsi
1627 5398 1751 5486 fidem,
1791 5412 1832 5472 ut
1854 5400 1992 5473 dictum
2011 5416 2086 5485 est,
