4522 5782
60 220 131 303 ns
477 213 1431 303 x11.rnanna'r101nnvnnotoann1s
1481 221 1693 303 cunxu.
1921 176 1924 181 ’
2004 166 2131 335 ω’

62 402 133 482 ius,
166 418 266 467 nunc
291 391 457 488 princeps
480 389 589 463 huius
613 395 740 465 mundi
763 394 858 466 iores
878 395 1050 469 eiicietur.
1199 388 1385 465 Caeterum
1414 397 1602 487 diligenter
1630 405 1734 477 nobis
1755 398 1848 481 hanc
1868 410 2085 489 consolatio-

62 498 223 572 Obscura
246 499 341 569 dieta
366 513 447 569 sunt
471 492 638 566 humanis
660 497 813 569 iudiciis.
870 498 962 566 Nam
988 496 1050 567 Pi·
1098 517 1178 563 nem
1205 495 1440 583 inculcemus,
1468 502 1649 572 diabolum
1673 508 1767 576 foras
1788 510 1866 577 eiici
1888 535 1906 578 a
1930 508 2085 599 Christo,

62 605 129 673 lato
161 614 197 672 et
223 599 402 673 similibus
427 593 521 668 nihil
544 600 630 668 novi
653 600 840 668 videbatur
861 600 953 689 geri,
987 613 1050 670 aut
1096 599 1313 669 conveniunt
1336 601 1442 669 verba
1466 605 1510 672 ad
1531 605 1618 674 illud
1634 607 1767 678 dictum
1784 606 2081 685 loann'is:'Pilius

61 705 131 775 lieri
155 703 374 787 inmundo,
405 702 548 772 videbat
569 701 756 771 circumire
778 695 979 783 Christum,
1008 716 1048 773 ut
1094 693 1161 766 Dei
1187 700 1367 789 apparuit,
1400 716 1438 773 ut
1464 704 1621 778 destruat
1644 733 1749 801 opera
1776 712 1920 782 diaboli.
1972 696 2081 805 Quod

62 806 260 886 Socratem,
288 817 321 877 et
343 817 462 873 taxare
486 804 598 872 malos
620 827 754 883 mores,
781 815 814 871 el
834 817 953 893 postea
977 803 1048 872 cir·
1094 797 1227 869 dictum
1246 802 1489 893 interpretatio
1506 822 1556 876 est
1575 811 1707 900 primae
1722 814 1983 902 promissionis,
2009 826 2081 888 tra*-

62 922 289 979 conventum
311 905 445 998 iniquis
464 905 623 984 iudiciis,
649 905 860 975 existimavit
881 929 962 976 casu
981 929 1046 996 op·
1095 902 1188 971 ditae
1213 903 1250 971 iu
1268 902 1414 974 Genesi:
1443 905 1571 979 Semen
1594 914 1753 982 mulieris
1778 918 1997 988 conculcabit
2021 943 2080 988 ca-

62 1032 218 1103 pressum
243 1031 335 1087 esse,
357 1022 397 1078 ut
412 1006 610 1078 Socratem:
637 1003 709 1076 Nec
730 1031 807 1075 eam
830 1030 904 1075 rem
921 1007 1047 1075 afferre
1094 1017 1156 1094 put
1180 1007 1362 1095 serpentis.
1412 1005 1509 1079 Haec
1531 1015 1748 1085 conculcatio
1773 1018 1889 1106 palam
1912 1019 1950 1089 fit
1970 1021 2008 1088 in
2024 1046 2081 1089 re-

60 1112 290 1182 notationem
313 1104 472 1178 humano
496 1109 634 1197 generi,
667 1108 722 1176 vel
744 1109 913 1197 imperiis.
974 1107 1044 1179 Sed
1092 1107 1309 1177 surrectione
1332 1103 1486 1186 Christi.
1517 1128 1550 1182 et
1580 1115 1616 1183 lit
1646 1117 1911 1204 universaliter,
1943 1123 2080 1215 quoties

60 1225 138 1284 tnnc
164 1211 339 1282 iudicavit
354 1209 488 1280 Pilatus
507 1210 678 1280 iudicium
701 1209 827 1279 mundi
847 1210 938 1294 fieri,
965 1234 1043 1278 cum
1092 1200 1226 1277 Christi
1250 1209 1381 1279 auxilio
1405 1214 1612 1302 reprimitur
1627 1218 1807 1303 diabolus,
1833 1245 1877 1289 ne
1895 1245 1960 1292 nos
1979 1246 2078 1293 ever·

60 1314 142 1384 sidit
168 1312 293 1387 aCaio
309 1307 476 1396 Caesare,
502 1325 537 1382 et
556 1326 672 1402 postea
687 1312 734 1380 ab
750 1310 908 1401 Augusto
923 1311 1045 1402 puniri
1093 1319 1153 1382 tat.
1220 1307 1268 1381 Ut
1290 1311 1399 1400 igitur
1420 1308 1482 1382 has
1505 1319 1753 1405 promissiones
1777 1323 1972 1408 discamus,
2004 1348 2077 1395 non

59 1416 236 1509 inquietos
259 1415 452 1506 principes,
479 1415 600 1504 puniri
617 1414 818 1493 avaritiam,
846 1412 1044 1484 etliberari
1092 1431 1165 1477 esse
1194 1411 1316 1480 inanes
1347 1414 1483 1484 sonitus
1513 1421 1722 1503 verborum,
1754 1426 1814 1491 sed
1849 1448 1970 1493 revera
1994 1421 2079 1495 haec

59 1518 176 1587 orbem
200 1531 377 1586 terrarum
400 1540 521 1585 eorum
544 1517 751 1609 tyrannide,
776 1530 810 1586 et
827 1539 937 1585 novas
953 1515 1044 1603 leges
1090 1511 1258 1583 beneficia
1273 1517 1371 1583 omni
1388 1528 1544 1606 tompore
1559 1520 1806 1594 invocantibus
1820 1526 1908 1608 dari,
1934 1527 1972 1594 in
1988 1553 2078 1619 quo-

59 1621 160 1690 iustas
184 1631 220 1689 et
243 1618 447 1688 tolerabiles
467 1618 629 1706 gentibus
651 1617 754 1700 ferri,
787 1618 924 1687 restitui
949 1617 1044 1685 iudi-
1091 1611 1236 1682 tidianis
1267 1617 1436 1704 negotiis,
1470 1620 1634 1710 periculis
1660 1639 1691 1694 et
1718 1625 1968 1697 certaminibus
1982 1616 2077 1697 'lides

58 1721 120 1806 tis,
146 1720 485 1808 elmuniripocem.
518 1717 574 1789 De
589 1715 645 1787 his
659 1721 764 1788 rebus
780 1720 883 1808 gestis
900 1720 1044 1790 dixisset
1090 1714 1220 1799 luceat,
1254 1731 1376 1807 petens
1400 1732 1432 1789 el
1457 1736 1640 1809 expoclans
1665 1722 1751 1799 haec
1772 1728 1957 1812 beneficia,
1987 1730 2078 1800 sicut

56 1820 199 1905 Pilatus,
225 1837 312 1893 tunc
326 1820 498 1890 iudicium
513 1822 639 1890 mundi
654 1821 783 1891 iactum
799 1844 882 1900 esse,
905 1835 936 1889 et
951 1835 1043 1889 recte
1090 1815 1207 1908 inquit
1222 1812 1404 1891 Christus:
1432 1820 1562 1907 Petite,
1589 1839 1622 1895 et
1643 1828 1831 1920 accipietis.
1884 1826 1978 1897 Haec
1993 1830 2077 1898 fides

57 1924 198 1995 dixisset
224 1925 271 1992 de
300 1924 433 1992 iudicio
461 1922 712 2013 imperiorum,
748 1944 808 1991 seu
839 1922 1041 2013 politiarum
1090 1919 1268 2007 experitur
1286 1922 1537 2008 promissiones
1553 1951 1651 1997 veras
1668 1952 1758 2016 esse,
1784 1947 1817 2002 et
1834 1932 1961 1999 donari
1977 1932 2085 2003 nobis.

56 2026 192 2098 nundi.
244 2022 320 2093 Hac
340 2023 492 2112 imagine
514 2025 750 2106 considerata,
782 2025 888 2093 verba
908 2018 1043 2095 Christi
1088 2019 1269 2090 mirandas
1286 2022 1522 2095 liberationes.

55 2127 182 2197 clarim
195 2125 456 2215 intelligentur,
482 2148 573 2218 quae
588 2126 787 2218 loquuntur
802 2128 846 2195 de
860 2126 1043 2195 eversione

55 2228 253 2323 tyrannidis
268 2227 414 2310 diaboli,
438 2240 473 2296 et
487 2228 727 2296 membrorum
744 2229 829 2310 eius,
856 2231 1042 2297 etdestru-
1333 2251 1416 2331 Nos
1438 2254 1651 2332 audivimus
1674 2285 1721 2333 ,x
1740 2258 1817 2357 kg,

54 2331 166 2401 dione
191 2329 294 2417 regni
320 2329 469 2420 peccati,
497 2343 529 2397 et
552 2331 597 2397 de
617 2331 702 2397 novi
726 2331 827 2417 regui
849 2342 883 2397 et
906 2330 1041 2397 aeterni
1818 2317 1828 2338 ⁰

53 2432 326 2514 constitutione,
358 2443 392 2499 et
412 2430 621 2499 liberatione
645 2431 857 2515 electorum,
890 2431 959 2498 iam
985 2432 1041 2498 in·
1187 2427 1334 2499 Dixerat
1350 2425 1511 2502 Christus
1535 2455 1572 2500 se
1593 2433 1818 2503 exaltandum
1842 2457 1935 2521 esse,
1961 2438 1997 2508 id
2015 2454 2083 2525 est,

53 2536 122 2625 quit
140 2533 236 2603 illud
256 2532 428 2624 praelium
447 2532 520 2612 fiet,
545 2533 584 2599 in
602 2556 673 2624 qno
690 2555 753 2622 ego
770 2535 945 2626 superabo
964 2534 1041 2601 dia·
1087 2531 1382 2621 crucifigendum,
1416 2546 1451 2602 et
1481 2556 1604 2625 omnes
1638 2537 1682 2604 ad
1712 2558 1747 2605 se
1774 2549 1967 2607 tracturum
1993 2564 2076 2625 esse,

51 2636 194 2718 bolum,
220 2648 255 2704 et
271 2633 464 2724 potentiam
485 2635 561 2703 eius
576 2634 747 2722 frangam.
1087 2630 1221 2705 Gentes
1244 2647 1276 2702 et
1295 2633 1460 2713 ludaeos,
1487 2649 1521 2705 et
1544 2637 1619 2703 sine
1641 2661 1760 2707 errore
1777 2639 1992 2710 intellexerat
2011 2667 2075 2731 po-

146 2734 229 2806 Etsi
246 2736 356 2826 igitur
369 2735 414 2804 ab
429 2735 533 2804 initio
548 2736 671 2804 mundi
690 2748 804 2826 patres
820 2736 942 2803 salvati
959 2749 1040 2804 sunt
1087 2735 1212 2825 pulus,
1238 2730 1420 2805 Christum
1444 2738 1487 2804 de
1510 2750 1622 2806 morte
1639 2739 1749 2831 loqui.
1801 2736 1952 2812 Addunt
1968 2744 2074 2829 igitur

51 2864 132 2913 soce
159 2833 371 2928 Evangelii,
410 2850 444 2906 et
473 2837 542 2905 fide
572 2838 713 2905 venturi
742 2837 965 2919 mediatoris,
1006 2851 1040 2906 et
1086 2838 1307 2928 quaestiones
1333 2839 1377 2905 de
1406 2839 1618 2927 pugnantia,
1651 2862 1741 2933 quae
1769 2843 1898 2933 passim
1924 2844 1961 2911 in
1984 2843 2074 2912 Pro-

10 2942 12 2951 '
49 2963 188 3035 temper
211 2941 281 3009 fuit
303 2939 422 3008 efficax
446 2938 639 3021 mediator,
667 2950 781 3005 tamen
808 2939 856 3006 sic
879 2933 1039 3028 Prophe·
1085 2933 1201 3028 phetis
1218 2952 1268 3005 est
1284 2938 1406 3006 obvia:
1435 2937 1532 3007 Alibi
1550 2942 1692 3023 dicunt,
1715 2936 1899 3011 Christum
1921 2947 2073 3014 moritu-

48 3059 120 3125 tae,
151 3037 321 3112 Christus
342 3053 377 3110 et
398 3035 560 3131 Apostoli
582 3040 797 3132 loquuntur,
831 3034 898 3108 hoc
922 3040 1038 3128 ipsum
1085 3062 1185 3122 rum,
1212 3052 1252 3108 ut
1270 3034 1389 3108 Esaias
1413 3053 1446 3108 et
1462 3038 1592 3109 Daniel
1614 3065 1771 3131 expresse
1786 3044 1921 3117 dicunt.
1972 3044 2073 3115 Alibi

48 3169 156 3239 opus,
185 3142 318 3213 scilicet
335 3141 531 3233 passionem
547 3154 580 3210 et
598 3141 889 3210 resurrectionem
906 3136 1038 3211 Christi
1085 3141 1227 3228 dicunt,
1253 3135 1434 3209 Christum
1457 3155 1683 3228 regnaturum
1709 3166 1780 3212 esse
1806 3160 1974 3234 perpetuo
1996 3151 2072 3216 sine

48 3270 120 3319 esse
152 3243 494 3316 consummationem
529 3241 825 3334 promissionum,
869 3243 952 3336 quia
987 3256 1038 3313 est
1084 3241 1166 3313 line.
1227 3238 1330 3310 Hanc
1354 3243 1583 3332 pugnantiam
1609 3245 1781 3333 explicare
1805 3270 1867 3314 nec
1891 3243 2072 3318 Pharisaei

48 3371 170 3431 unsa,
195 3345 362 3414 meritum
378 3358 411 3414 et
426 3344 580 3414 incoatio
596 3344 687 3414 vitae
704 3358 877 3428 aeternae,
904 3358 937 3413 et
954 3369 1038 3436 pro·
1084 3355 1169 3411 tunc
1190 3356 1369 3432 poterant,
1402 3368 1466 3413 nec
1489 3368 1585 3413 ntirsc
1608 3361 1754 3433 possunt
1784 3344 1916 3422 ludaei.
1983 3349 2072 3418 Fin-

47 3464 125 3545 pter
151 3443 224 3518 hoc
254 3469 345 3538 opus
372 3461 474 3517 antea
503 3446 622 3514 efficax
644 3445 712 3515 snit
737 3446 920 3515 mediator.
978 3444 1037 3515 Sic
1084 3459 1171 3534 gunt
1189 3446 1297 3533 igitur
1312 3447 1470 3535 politiam
1487 3449 1680 3517 multorum
1698 3450 1908 3534 seculorum,
1933 3466 1966 3521 et
1980 3455 2072 3521 obli-

47 3550 207 3649 luqnitur
224 3548 358 3619 Daniel
380 3574 453 3639 cap.
470 3545 521 3617 9.:
549 3545 654 3616 Tunc
676 3547 819 3617 finietur
843 3561 1037 3639 peccatum,
1083 3549 1267 3615 vincuntur
1290 3548 1388 3635 regni
1412 3548 1570 3618 coelestis
1593 3548 1629 3617 in
1646 3550 1717 3617 vita
1735 3566 1888 3625 aeterna.
1940 3549 2071 3643 Dispu-

46 3668 77 3726 et
102 3654 305 3723 adducetur
332 3649 469 3720 iusticia
498 3649 726 3739 sempiterna,
769 3662 804 3719 et
831 3649 1037 3740 implebitur
1083 3661 1160 3717 tant
1186 3650 1281 3716 enim
1308 3662 1430 3718 natum
1453 3672 1493 3717 ex
1518 3651 1650 3719 semine
1672 3649 1806 3731 David,
1832 3655 1862 3721 si
1886 3656 2068 3735 moriatur,

45 3750 251 3851 prophetia,
275 3751 439 3820 incoatur
459 3752 530 3821 vita
553 3765 693 3819 aeterna
717 3750 905 3820 electorum
925 3751 961 3818 in
979 3775 1036 3818 re-
1083 3774 1157 3817 nuu
1178 3771 1334 3838 regnare.
1399 3740 1626 3821 Promittitur
1648 3767 1764 3822 aulem
1786 3777 1932 3842 regnum
1957 3772 2069 3825 aeter-

47 3854 266 3929 snrrectione
285 3847 437 3933 Christi,
459 3852 829 3922 etconsummatnrin
843 3853 1036 3922 multisne-
1083 3874 1169 3919 mrm
1200 3875 1274 3918 non
1300 3864 1448 3920 naturae
1481 3853 1587 3922 elicui
1619 3854 1864 3937 incorporeae,
1904 3858 1963 3923 sed
1994 3857 2067 3925 lilio

44 3956 231 4031 suscitatis.
297 3952 369 4025 Sed
402 3955 520 4044 aliqua
553 3955 712 4023 membra
741 3966 922 4044 expectant
950 3979 1036 4023 con·
1082 3965 1166 4020 nato
1191 3976 1230 4021 ex
1254 3954 1387 4022 semine
1400 3951 1528 4028 David.
1579 3953 1675 4024 Haec
1693 3957 1884 4047 pugnantia
1900 3958 2068 4026 concilia-

42 4058 336 4140 summationem,
369 4051 524 4125 exhibita
554 4069 669 4123 tamen
701 4070 751 4125 est
774 4079 875 4125 causa
899 4068 933 4126 et
954 4079 1035 4146 per·
1081 4069 1141 4126 tur
1162 4079 1224 4143 per
1246 4056 1551 4127 resurrectionem.
1604 4055 1762 4129 Moritur
1781 4053 1962 4141 Christus,
1988 4084 2069 4128 cum

42 4164 199 4234 wiotum
222 4157 395 4249 pretium,
426 4158 523 4252 quod
542 4171 643 4226 antea
666 4157 923 4248 expectabatur.
982 4155 1035 4225 lta
1082 4171 1197 4226 autem
1223 4170 1382 4245 oporteat
1404 4180 1550 4246 regnare
1574 4172 1698 4228 natum
1723 4183 1763 4226 ex
1787 4160 1920 4227 semine
1937 4161 2068 4249 David,

41 4258 106 4335 hoc
131 4264 215 4333 loco
245 4259 392 4329 dicitur:
427 4258 530 4328 Nunc
553 4258 723 4328 iudicium
747 4271 798 4327 est
819 4259 964 4343 mundi,
996 4259 1034 4326 id
1081 4278 1220 4325 necesse
1243 4271 1293 4328 est
1315 4259 1631 4341 comresuscitati,
1658 4275 1780 4349 regnat
1793 4260 1902 4349 igitur
1917 4263 2068 4332 resusci-

39 4381 110 4449 est,
142 4386 245 4432 nunc
272 4383 386 4429 novus
417 4361 478 4429 ille
509 4373 619 4429 status
645 4359 864 4439 incoabitur,
898 4361 936 4427 in
963 4384 1032 4452 quo
1080 4372 1172 4429 tatus
1194 4359 1232 4427 in
1254 4360 1324 4428 vita
1347 4375 1497 4430 aeterna.
1550 4358 1646 4429 Haec
1663 4362 1747 4430 satis
1764 4376 1816 4432 est
1830 4364 2068 4448 admonuisse,

38 4467 139 4539 electi
164 4464 418 4534 liberabuntur
440 4486 459 4529 a
484 4461 672 4555 tyrannide
694 4461 848 4546 diaboli,
875 4485 1030 4553 apecca·
1080 4474 1119 4529 ut
1143 4461 1193 4551 pii
1217 4462 1416 4552 intelligant
1441 4485 1572 4529 novum
1596 4474 1843 4533 testamentum
1863 4464 1976 4532 lucem
1993 4486 2067 4534 esse

37 4584 73 4641 to
106 4583 143 4638 et
183 4590 202 4634 a
237 4578 367 4646 morte,
406 4578 441 4633 et
472 4576 614 4632 econtra
643 4577 816 4657 tyrannus
848 4588 928 4632 cum
960 4564 1032 4633 suis
1080 4558 1336 4651 Prophetarum
1364 4576 1397 4631 et
1420 4561 1568 4630 ludaeos
1591 4564 1728 4633 lucilius
1747 4566 1921 4647 refutent,
1955 4566 2065 4636 colla-

38 4668 211 4741 membris
234 4663 477 4747 damnabitur,
508 4665 735 4755 reprimetur,
769 4678 803 4734 et
827 4667 969 4734 tandem
993 4665 1030 4733 in
1080 4664 1125 4733 tis
1140 4664 1242 4732 dictis
1259 4659 1482 4753 propheticis.
1533 4662 1623 4732 Nam
1643 4667 1710 4735 alia
1725 4667 1769 4735 de
1784 4683 1896 4736 morte
1910 4669 2066 4759 loquun-

37 4787 201 4843 aeternas
225 4788 355 4855 poenas
371 4766 566 4836 abiicietur.
622 4764 704 4834 ldeo
722 4766 758 4834 in
773 4779 869 4837 textu
885 4767 1030 4835 dicitur:
1079 4776 1156 4845 tur,
1189 4765 1257 4832 alia
1288 4768 1332 4833 de
1359 4788 1469 4852 regno
1498 4780 1639 4835 aeterno
1663 4768 1806 4837 seminis
1824 4765 1961 4859 David,
1996 4770 2064 4838 alia
2131 4825 2134 4831 .

37 4870 139 4945 Nunc
164 4870 332 4961 princeps
354 4868 481 4937 mundi
505 4869 787 4941 loraseiicictur.
839 4864 1028 4937 Elsieuim
1078 4867 1172 4936 clare
1194 4866 1337 4950 dicunt,
1370 4863 1553 4937 Christum
1573 4871 1785 4941 moriturum
1807 4871 1972 4961 quidem,
2004 4876 2065 4941 sed

38 4977 120 5047 inde
140 4995 259 5065 usque
282 4971 328 5038 ab
349 4969 452 5039 initio
471 4970 508 5038 in
525 4982 663 5059 patrum
681 4984 714 5039 et
729 4971 920 5039 electorum
940 4969 1029 5037 libe·
1077 4980 1194 5036 tamen
1223 4968 1445 5055 eripiendum
1471 4991 1544 5039 esse
1566 4993 1608 5039 ex
1632 4980 1777 5055 morte,
1797 4985 1837 5040 ut
1861 4968 1982 5042 Esaias
2006 4975 2065 5043 in-

37 5078 176 5149 ratione
197 5072 363 5143 diabolus
388 5094 566 5161 repressus
584 5085 650 5154 est,
684 5084 801 5139 tamen
818 5094 915 5141 nunc
936 5071 1027 5140 illud
1078 5070 1157 5161 quit
1179 5067 1332 5158 capsa.
1359 5069 1552 5143 EtPsalm.
1576 5071 1641 5141 ait:
1670 5071 1751 5143 Non
1774 5074 1876 5143 dabis
1902 5089 2069 5145 sanctum.

40 5201 123 5271 opus
142 5178 226 5254 liet,
253 5175 506 5266 propterquod
525 5173 659 5263 priores
675 5172 902 5242 liberationes
917 5175 1034 5242 factae·
1076 5184 1178 5241 tunm
1196 5173 1317 5243 ridere
1332 5174 1608 5265 corruptionem.

40 5294 135 5364 snut,
171 5299 294 5358 causa,
326 5275 510 5359 meritum,
542 5275 696 5344 incoatio
726 5275 908 5346 manifesta
935 5274 1028 5344 vitae

40 5394 196 5453 edernae
213 5373 489 5451 exhibebuntur.
