4522 5782
187 162 271 245 m.
327 278 330 285 ι

192 340 262 432 plis
276 359 468 429 poenarum
485 343 668 416 movetur,
693 341 734 401 ut
759 331 885 420 cogitet
908 332 1029 423 puniri
1049 332 1178 402 scelera
1202 327 1209 429 Ι

193 441 320 511 urdine
336 439 455 531 aliquo
474 450 639 516 naturae,
665 448 779 503 tamen
796 439 839 503 de
860 435 1053 504 salvatione
1075 459 1178 525 pror-

193 567 252 612 sns
267 538 359 609 nibil
377 540 560 609 adfirmare
577 548 691 628 potest
702 536 779 604 sine
793 539 903 606 verbo
918 537 1093 620 revelato,
1115 540 1175 608 secl

191 659 339 732 vagatur
364 644 401 711 iu
427 640 601 722 tenebris,
635 653 669 708 et
692 652 797 726 negat
821 639 980 707 exaudiri
1005 635 1178 722 bomines,

192 746 399 835 praesertim
416 744 452 811 in
472 740 645 833 praesenti
663 739 879 819 calamitate,
904 741 1175 829 negatreconci·

189 848 268 916 liari
292 844 430 928 Deum,
456 859 489 913 et
514 842 676 930 mitigare
698 841 930 926 calamitates,
957 858 990 913 et
1014 847 1098 911 dare
1122 843 1176 911 vi-

191 965 262 1020 tam
277 964 453 1019 aeternam
478 960 511 1015 et
525 943 692 1014 laetitiam
707 958 896 1011 aeternam.

205 1072 210 1077 ’
287 1082 362 1151 Has
387 1079 625 1149 dubitationes
649 1077 687 1145 in
711 1072 899 1147 bominum
924 1079 1053 1147 animis
1077 1079 1172 1148 iuxta

189 1186 339 1256 rationis
362 1184 533 1253 iudicium
565 1176 710 1248 haerere
739 1182 963 1250 manifestum
989 1196 1058 1250 est:
1096 1182 1175 1249 ideo

187 1290 243 1358 lex
268 1311 325 1356 eas
349 1299 442 1356 taxat
468 1299 501 1354 et
528 1282 683 1373 postulat
705 1281 821 1352 tidem.
898 1282 951 1352 Ne
981 1282 1112 1352 dixeris
1137 1283 1174 1351 in

188 1392 294 1459 corde
320 1402 401 1470 tuo,
428 1386 506 1478 quis
530 1386 692 1454 ascendet
715 1383 753 1451 in
778 1385 914 1455 coelum
933 1398 997 1456 etr.
1049 1384 1089 1454 ld
1113 1399 1175 1470 est,

84 1502 86 1507 '
183 1515 231 1560 ne
248 1493 295 1560 sis
309 1488 523 1578 Epicureus,
549 1508 594 1554 ne
613 1486 743 1572 cogites
762 1482 855 1555 nibil
875 1511 948 1555 esse
963 1486 1091 1565 Deum,
1114 1501 1176 1556 ant

182 1592 312 1661 nesciri
329 1615 373 1659 an
389 1591 435 1659 sit
449 1587 544 1659 Deus
562 1601 595 1657 et
614 1589 729 1678 qualis
743 1589 802 1672 sit,
828 1613 874 1657 an
892 1602 990 1658 curet
1008 1583 1174 1667 humana,

183 1718 230 1762 ue
250 1693 382 1782 cogites
397 1689 512 1759 Deum
539 1690 589 1757 sic
612 1688 737 1772 latere,
763 1703 803 1758 ut
825 1714 899 1760 non
921 1691 1006 1760 velit
1021 1690 1174 1778 agnosci,

127 1787 129 1792 ⁸
185 1797 246 1865 sed
264 1796 394 1882 cogites
414 1816 493 1860 eum
519 1814 600 1859 vere
617 1814 657 1859 ex
673 1812 798 1860 areana
815 1795 897 1861 sede
912 1792 1082 1861 immensa
1108 1795 1174 1862 bo-

183 1898 295 1967 nitate
323 1895 515 1986 prodiisse,
548 1906 583 1963 et
606 1915 643 1961 se
665 1894 772 1962 verbo
796 1915 860 1963 suo
876 1894 1104 1986 patefecisse,
1140 1908 1174 1964 et

185 1999 290 2069 talem
310 2022 401 2079 esse,
427 1995 544 2089 qualia
569 1995 713 2065 revelle
737 1997 888 2066 altirmat
913 1997 951 2065 in
974 1996 1048 2084 lege
1077 1997 1173 2066 etin

182 2101 436 2193 promissione,
468 2097 631 2166 videlicet
656 2097 872 2187 sapientem,
906 2122 1085 2181 veracem,
1111 2099 1173 2169 be·

74 2238 78 2249 ¹
183 2204 355 2287 neficum,
382 2202 534 2283 iustum,
568 2212 722 2281 castum,
754 2199 959 2288 punientem
986 2203 1174 2284 contraria,

183 2304 451 2372 misericordem
474 2314 618 2392 propter
643 2302 886 2373 mediatorem.
948 2300 1030 2370 ldeo
1056 2302 1174 2395 inquit

184 2404 337 2484 Moises,
366 2403 522 2472 Verbum
546 2403 702 2485 intuere,
730 2407 825 2494 quod
850 2428 959 2493 prope
981 2405 1087 2472 estin
1112 2428 1173 2473 ore

183 2523 258 2576 tuo.
323 2504 375 2575 lta
399 2504 542 2573 abducit
572 2527 637 2571 reos
660 2503 792 2573 Moises
814 2529 834 2574 a
858 2502 958 2575 Chao
988 2506 1173 2594 cogitatio·

182 2633 272 2677 num
288 2603 464 2675 lrurnanae
480 2606 628 2674 rationis
650 2609 692 2673 ad
721 2606 930 2697 patefactum
950 2611 1113 2690 verbum,
1140 2621 1173 2678 et

184 2710 281 2780 iuxta
299 2704 366 2777 boc
389 2710 535 2779 verbum
556 2707 632 2777 vult
651 2731 717 2776 nos
734 2730 921 2797 agnoscere
937 2706 1073 2792 Deum,
1100 2733 1173 2778 non

182 2813 301 2900 sagari
327 2811 618 2899 cogitationibus,
655 2823 751 2878 scrut
771 2826 944 2899 vagantur
969 2806 1113 2880 llitbnici
1139 2824 1174 2880 et

183 2937 306 2980 orarues
323 2912 436 3001 impii,
464 2926 502 2979 ut
519 2924 647 2980 sonant
664 2909 845 2982 Poemata:
871 2907 907 2982 0
927 2911 1058 3002 lupiter
1074 2914 1173 3004 quic-

183 3016 268 3105 quid
296 3038 350 3096 es,
376 3015 450 3082 sive
473 3008 541 3081 boc
569 3012 725 3095 coelum,
752 3013 825 3081 sive
842 3038 959 3098 mens,
994 3039 1082 3107 quae
1109 3040 1169 3082 ve-

181 3112 281 3187 hitur
297 3117 333 3184 in
352 3116 468 3194 coelo,
497 3139 698 3206 quanquam
718 3115 781 3182 diu
801 3115 871 3183 iam
891 3117 1017 3185 invoco
1034 3117 1173 3186 atliuto-

181 3242 239 3288 res
255 3221 419 3308 ignavos:
448 3231 486 3285 nt
504 3215 650 3285 Hecuba
669 3217 754 3285 dicit
772 3221 864 3307 apud
884 3215 1107 3308 Euripidem.

284 3352 388 3423 Talia
408 3353 575 3441 leguntur
593 3352 703 3420 multa
727 3355 820 3440 apud
838 3367 977 3443 poetas,
1003 3354 1065 3446 qui
1091 3354 1173 3444 pin-

182 3468 271 3544 gunt
285 3456 445 3523 omnium
462 3455 653 3541 impiorum
673 3456 789 3522 corda.
847 3451 891 3523 Et
913 3457 948 3522 in
965 3452 1069 3524 Creta
1087 3456 1173 3523 scri·

182 3557 394 3626 lusntfuisse
410 3555 505 3623 lovis
529 3570 657 3623 statum
683 3556 758 3622 sine
782 3556 946 3640 auribus,
971 3581 1076 3648 quam
1101 3570 1171 3625 sta-

182 3657 321 3727 tuarius
344 3658 394 3725 sie
422 3657 618 3737 fabricans,
657 3658 812 3726 ostendit
843 3681 916 3725 sese
942 3654 1173 3742 bocsentire,

184 3756 347 3828 bomines
371 3781 443 3827 non
461 3759 617 3827 exaudiri
641 3784 659 3824 a
678 3756 753 3827 Deo
774 3775 836 3828 etc.
888 3757 955 3828 His
977 3760 1095 3851 impiis
1114 3785 1174 3828 co-

183 3862 416 3946 gitationibus
455 3862 605 3950 opponit
641 3859 774 3929 Moises
816 3857 906 3929 banc
943 3863 1172 3931 necessariam

182 3963 579 4053 eomrnonefactionem,
600 3977 639 4032 ut
654 3964 702 4029 sic
717 3967 760 4030 de
776 3964 922 4032 essentia
941 3979 973 4031 et
992 3965 1173 4032 volumtate

146 4068 151 4075 ’
181 4064 248 4134 Dei
265 4065 474 4148 sentiamuS,
500 4066 590 4133 sicut
617 4088 652 4132 se
675 4067 712 4132 in
730 4066 836 4132 verbo
852 4090 914 4132 suo
932 4066 1114 4155 patefacit,
1141 4080 1174 4134 et

183 4167 332 4236 allirmat
348 4167 396 4235 sic
413 4181 504 4235 recte
522 4166 664 4255 agnosci
681 4179 714 4234 et
729 4162 946 4257 apprehendi
968 4167 1094 4238 Deum.

285 4299 387 4370 Hanc
405 4304 515 4389 ipsam
534 4301 730 4370 doctrinam
750 4314 886 4369 constat
901 4302 1103 4389 saepissime
1118 4325 1173 4369 re-

182 4404 328 4495 petitam
354 4426 425 4471 esse
450 4404 487 4470 in
518 4402 639 4471 multis
656 4403 889 4471 concionibus
903 4398 1057 4484 Christi,
1085 4402 1173 4471 Pro-

182 4503 369 4595 phetarum
390 4519 423 4573 et
437 4503 716 4595 Apostolorum,
740 4520 778 4573 ut
802 4505 839 4571 iu
860 4504 983 4577 Nrrnre.
1010 4501 1173 4593 cap.15.:

181 4604 429 4677 Recordentur
451 4607 612 4674 omnium
638 4609 887 4675 mandatorum
914 4605 1082 4687 Domini,
1110 4631 1176 4674 nee

183 4722 376 4801 sequantur
409 4708 637 4796 cogitationes
666 4731 764 4789 suas,
803 4721 833 4778 et
866 4709 987 4778 oculos
1015 4725 1173 4777 scortan-

183 4825 234 4877 tes
264 4825 328 4882 etr.

286 4945 415 5013 Psalm.
437 4948 468 5015 1.
486 4957 517 5012 et
539 4941 592 5012 Ps.
606 4945 710 5016 tta:
739 4943 900 5014 Lucerna
922 4943 1071 5035 pedibus
1089 4944 1175 5012 meis

187 5047 334 5116 verbum
352 5060 452 5115 tuum
470 5061 533 5115 etc.

285 5182 371 5251 ltem
397 5181 435 5249 in
465 5180 592 5254 Psalm.
616 5180 712 5250 130.:
748 5178 924 5251 Sustinuit
956 5179 1072 5250 anima
1098 5204 1174 5250 mea

183 5284 220 5349 iu
240 5285 345 5352 carbo
363 5284 448 5355 eius.

767 156 895 233 ruta
922 157 1038 237 attin
1064 151 1278 235 scutata
1303 152 1604 253 fflGEled.

1696 215 1756 251 ..,,
1806 188 1825 251 ³,
1878 182 1976 255 ,trra
2148 172 2218 259 U

1336 326 1386 403 Et
1402 327 1529 405 Esaiae
1544 335 1599 410 b:
1630 331 1688 415 dd
1714 338 1827 430 legent
1853 343 1958 415 et'ad
1984 341 2216 421 emimontu

1230 432 1260 501 si
1286 454 1359 501 non
1385 436 1542 507 dixerint
1563 438 1662 511 iuxta
1691 447 1839 517 verbum
1855 440 1952 531 boc,
1986 471 2062 517 non
2088 450 2152 521 erit
2169 452 2210 522 eis

1233 537 1404 604 matutina
1424 538 1483 606 lux
1502 552 1565 612 etc.

1334 654 1351 720 1
1370 653 1452 728 Cor.
1475 658 1527 730 1.:
1555 655 1646 728 Cum
1664 657 1779 730 Deum
1796 664 1995 755 sapientem
2014 690 2091 737 nou
2108 688 2209 745 nosset

1230 757 1386 824 mundus
1403 782 1467 854 per
1483 760 1702 849 sapientiam,
1730 766 1863 852 placuit
1877 764 1955 838 Deo
1974 771 2096 841 salsos
2110 772 2208 844 faeere

1231 859 1413 927 credentes
1427 884 1491 951 per
1503 862 1646 933 stultam
1664 866 1885 942 concionem.

1329 971 1375 1045 Et
1398 973 1532 1048 Coloss.
1556 980 1612 1048 b:
1655 979 1780 1053 Sermo
1803 985 1870 1056 Dei
1899 983 2037 1062 babitet
2061 988 2101 1060 in
2125 994 2209 1065 vobis

1230 1074 1373 1146 abunde
1393 1078 1432 1147 in
1452 1083 1549 1149 omni
1566 1083 1750 1174 sapientia.

1332 1212 1419 1282 ltem
1443 1211 1611 1286 lobannis
1630 1218 1705 1290 lb:
1738 1219 1778 1291 Si
1803 1222 1883 1317 quis
1900 1226 2023 1317 diligit
2039 1253 2116 1315 me,
2138 1253 2206 1303 ser-

1228 1336 1369 1383 monem
1388 1342 1508 1387 meum
1530 1322 1695 1396 servabit.

1333 1449 1481 1523 Talibus
1512 1456 1724 1526 testimoniis
1748 1460 1872 1533 multis
1905 1463 2157 1537 confirmemus
2182 1483 2210 1538 et

1228 1552 1433 1623 muniamus
1457 1580 1542 1640 nos,
1577 1582 1621 1626 ne
1645 1558 1813 1630 labantur
1836 1563 2001 1633 infirmae
2022 1581 2154 1639 mentes
2172 1572 2208 1639 ad

1227 1653 1487 1743 speculationes
1508 1661 1561 1728 'de
1582 1659 1660 1729 Deo
1693 1676 1788 1731 extra
1818 1665 2035 1754 patefactura
2064 1674 2208 1755 verbnm,

1229 1754 1320 1823 sicut
1335 1755 1468 1827 labitur
1483 1756 1579 1844 Eva,
1606 1775 1642 1831 et
1657 1763 1717 1830 alii
1735 1764 2030 1851 innumerabiles.

1330 1889 1521 1985 Postquam
1540 1909 1657 1964 autem
1681 1900 1865 1990 perspicue
1881 1915 1936 1971 est
1953 1901 2070 1972 Moisi
2084 1918 2211 1974 senten·

1227 1991 1296 2076 tia,
1324 2016 1421 2063 nrruc
1437 1996 1703 2068 consideremus
1719 1999 1902 2070 Paulinam
1921 2009 2211 2077 accommodatio·

1228 2118 1324 2165 nem.
1381 2095 1515 2167 Moises
1539 2102 1750 2187 generaliter
1780 2103 1912 2195 inquit:
1949 2105 2005 2176 Ne
2026 2109 2161 2178 dixeris
2179 2110 2210 2177 in

1225 2201 1359 2277 corde,
1400 2199 1479 2291 quis
1503 2202 1660 2271 ascendit
1692 2203 1730 2269 in
1757 2206 1914 2289 coelum,
1950 2211 2013 2276 sed
2041 2233 2150 2308 prope
2169 2225 2221 2281 est·

1226 2300 1394 2382 verbnm,
1420 2301 1553 2382 idest,
1582 2326 1627 2370 ne
1650 2305 1697 2372 sis
1720 2302 1936 2394 Epicureus,
1964 2333 2012 2379 ne
2040 2313 2158 2382 iudica
2176 2338 2212 2382 es

1227 2402 1530 2490 speculationibus
1555 2404 1704 2473 rationis
1725 2409 1771 2474 de
1793 2405 1889 2493 Deo,
1922 2414 1986 2479 sed
2011 2414 2213 2505 amplectere

1226 2504 1376 2571 verbnm
1393 2501 1460 2572 Dei
1477 2505 1700 2595 patefactum.

1328 2637 1431 2707 Hanc
1446 2641 1645 2728 generalem
1667 2644 1952 2718 admonitionem
1977 2653 2215 2724 accommodat

1229 2735 1364 2808 Paulus
1388 2743 1432 2809 ad
1449 2737 1515 2812 boe
1531 2744 1678 2813 verbum
1697 2747 1804 2817 etiam
1822 2750 1867 2818 de
1882 2751 2105 2838 mediatore,
2129 2754 2213 2849 quod

1229 2842 1373 2932 quidem
1399 2856 1432 2910 et
1454 2841 1588 2914 Moises
1612 2848 1944 2937 complectebatur,
1987 2857 2056 2927 etsi
2080 2856 2130 2928 ibi
2151 2880 2214 2927 nou

1228 2966 1391 3031 expresse
1407 2946 1570 3017 nominat
1586 2949 1837 3041 mediatorem,
1864 2955 1924 3022 sed
1942 2958 1988 3024 de
2002 2959 2106 3027 omni
2120 2960 2216 3028 verbo

1226 3041 1292 3113 Dei
1313 3046 1482 3137 loquitur.
1542 3046 1655 3137 lgitur
1671 3051 1866 3142 Apostolus
1884 3056 2075 3129 illustrans
2092 3062 2215 3149 dictum

1228 3144 1338 3217 Moisi
1358 3171 1518 3239 expresse
1533 3151 1695 3224 nominat
1709 3155 1950 3232 mediatorem.

1267 3397 1327 3474 Ne
1364 3395 1507 3472 dixeris
1541 3400 1582 3472 in
1623 3401 1727 3475 corde
1762 3416 1844 3490 tuo,
1881 3405 1983 3506 Quis
2018 3413 2185 3486 ascendet

1612 3503 1652 3575 in
1685 3505 1835 3584 coelum.

1329 3655 1370 3726 ld
1397 3671 1467 3743 cst,
1492 3659 1646 3750 primum
1673 3685 1726 3730 ne·
1743 3635 1800 3733 sis⁸
1815 3650 2028 3755 Epicureus.
2085 3672 2213 3743 Deinde

1227 3784 1271 3829 ne
1289 3760 1450 3842 dubites,
1474 3761 1562 3852 quin
1581 3757 1665 3832 baec
1683 3766 1728 3834 sit
1744 3769 1908 3836 voluntas
1924 3765 2015 3855 Dei,
2044 3800 2152 3868 quarn
2167 3801 2214 3846 re·
2249 3786 2251 3865 j

1226 3861 1357 3929 velavit
1382 3875 1433 3929 tot
1458 3862 1660 3933 illustribus
1688 3867 1916 3953 testimoniis,
1955 3897 2050 3963 quae
2087 3879 2214 3948 addidit
2249 3916 2251 3957 5

1227 3962 1456 4052 promissioni
1483 3976 1517 4032 et
1541 3967 1795 4054 praedicationi
1812 3966 2020 4060 Evangelii,
2050 3978 2213 4063 videlieet,
2249 3984 2251 3991 '

1227 4066 1339 4132 lilium
1364 4067 1594 4135 constitutum
1627 4091 1700 4136 esse
1722 4071 1953 4141 mediatorem
1977 4089 2012 4146 et
2037 4083 2214 4152 resuscita·

1227 4181 1304 4236 tum
1320 4189 1488 4253 regnare,
1514 4182 1553 4236 ut
1571 4169 1711 4258 colligat
1729 4166 1945 4255 Ecclesiam,
1972 4178 2034 4248 det
2053 4183 2085 4250 ei
2100 4185 2212 4252 remis-

1228 4270 1364 4337 sionem
1394 4283 1636 4358 peccatornm,
1664 4273 1754 4340 adsit
1781 4274 1857 4342 voci
1883 4273 2077 4368 Evangelii
2099 4286 2137 4353 in
2154 4282 2213 4354 Ec·

1227 4370 1353 4454 clesia,
1380 4370 1472 4438 dicat
1488 4373 1769 4442 consolationem
1794 4375 1833 4442 iu
1858 4382 1965 4447 corde
1983 4407 2048 4472 per
2062 4383 2214 4477 Evange-

1227 4473 1335 4555 linm‚
1370 4471 1542 4556 vivilicet,
1570 4487 1603 4543 et
1620 4477 1678 4544 det
1693 4475 1866 4566 Spiritum
1890 4496 2068 4554 sanctum.
2126 4488 2212 4558 Ilaec

1228 4575 1256 4641 si
1282 4596 1355 4640 raon
1383 4575 1516 4657 credis,
1542 4599 1647 4665 negas
1672 4601 1751 4645 eum
1769 4601 1936 4668 regnare,
1960 4579 2031 4655 hoc
2049 4603 2118 4675 est,
2140 4614 2211 4661 euru

1228 4676 1325 4744 velut
1341 4676 1385 4742 de
1404 4675 1502 4743 coelo
1521 4673 1725 4764 detrahere,
1750 4679 1798 4750 ita
1819 4681 1936 4755 addit:
1966 4685 2061 4776 Quis
2077 4695 2210 4763 descen·

1228 4779 1286 4846 det
1305 4776 1342 4844 in
1358 4778 1545 4869 abyssum,
1573 4781 1697 4864 idest,
1722 4781 1803 4872 quis
1827 4782 1891 4853 scit
1912 4789 2000 4878 quid
2030 4808 2108 4881 post
2126 4818 2209 4864 mor·

1229 4893 1297 4947 tem
1322 4891 1442 4959 restet,
1477 4896 1536 4949 aut
1564 4884 1742 4973 quomodo
1769 4884 1961 4957 existimari
1985 4909 2102 4981 potest
2125 4896 2207 4966 revi-

1228 4997 1346 5049 cturos
1371 5003 1443 5047 esse
1468 4975 1632 5051 homiues
1654 5007 1693 5052 err
1719 4998 1851 5070 morte,
1878 5012 1945 5058 nec
1967 4997 2101 5082 cogites
2114 4993 2206 5069 Chri·

1230 5097 1323 5151 stum
1345 5083 1456 5149 iacere
1477 5084 1688 5163 extinctum,
1716 5108 1782 5155 nec
1807 5088 1978 5160 victorem
1995 5119 2071 5166 esse
2085 5099 2204 5178 mortis,

1230 5184 1301 5252 imo
1324 5184 1412 5251 scias
1437 5206 1554 5252 veram
1578 5209 1652 5254 esse
1676 5210 1813 5255 vocem:
1856 5184 1893 5259 Ο
1919 5218 2016 5265 nrors
2042 5224 2101 5270 ero
2124 5223 2202 5269 mors

1230 5300 1299 5355 tua.
1360 5280 1530 5360 Ostendit
1553 5283 1717 5357 Christus
1740 5288 2089 5372 resurrectione'sua
2104 5317 2136 5373 et
2156 5324 2200 5370 re-
