4522 5782
108 235 189 319 m
509 226 594 309 xu
642 221 1477 309 amuuarroruuvauuroruus
1526 224 1763 306 cauxrx.
1916 232 1919 236 ·
2073 244 2160 345 ree

111 407 272 505 petimur
293 400 392 483 hsue
412 406 594 481 cerueleru
615 416 784 479 naturam
811 400 1045 491 mortificari,
1077 415 1112 475 et
1269 399 1417 475 Tertius
1433 401 1509 474 dies
1529 403 1694 475 incoatur
1708 429 1852 503 vespere
1868 424 1948 505 post
1967 416 2152 492 meridiem

111 514 183 585 fide
207 524 432 604 esmtsmus
453 509 764 583 resurrectionem.
827 502 925 577 Haec
944 504 1109 577 doctrina
1161 503 1320 588 sabbati,
1358 505 1497 601 fuitque
1525 530 1654 599 corpus
1683 508 1724 578 iu
1753 514 1916 605 sepulcro
1939 540 1982 588 eo
2005 544 2150 611 verpere

112 614 296 708 proposita
319 627 373 689 est
394 613 434 684 iu
451 613 632 706 sepultura
650 605 798 684 Christi.
855 605 927 679 sed
947 608 993 679 ab
1013 608 1108 681 otio-
1160 620 1194 675 ct
1212 620 1336 697 nocte,
1362 620 1396 679 et
1416 632 1565 679 aurorae
1588 622 1766 703 tempore,
1788 638 1879 707 quae
1893 632 2033 691 noctem
2049 622 2149 697 illam

110 718 160 791 sis
173 730 211 790 et
222 712 412 811 Epicureis
436 716 593 801 ridetur,
617 736 685 785 uec
705 707 857 801 intelligi
877 721 1012 803 potest,
1036 710 1106 781 nisi
1158 722 1276 780 secuta
1292 721 1362 792 est,
1390 711 1438 782 ita
1453 724 1487 781 et
1503 711 1598 781 hona
1615 736 1696 803 pars
1712 716 1808 786 tertii
1830 719 1900 788 diei
1926 722 2032 793 etiam
2051 749 2148 796 com-

110 819 238 905 ahiis‚
264 819 386 915 quiin
407 818 546 910 maguis
565 816 754 889 doloribus
777 826 954 907 quaerunt
978 835 1106 883 conso·
1157 806 1405 902 prehenditur.
1465 810 1561 884 llaec
1594 815 1713 887 brevis
1744 825 2022 895 accommodatio
2049 830 2148 899 suiti-

111 922 304 1006 latiouem,
341 935 377 993 et
406 934 604 1008 agnoscunt
627 943 663 991 se
692 916 803 989 condi
827 938 902 986 nou
929 914 968 983 in
994 914 1105 985 infer·
1156 913 1244 983 ciat:
1277 912 1468 987 Noueuim
1484 915 1654 987 audiendi
1671 935 1754 991 sunt
1772 915 2060 1015 hominesleves‚
2086 933 2149 1024 qui

110 1048 221 1109 nu,
254 1023 377 1095 sedin
404 1021 539 1095 Christi
563 1021 790 1113 sepulcrum,
823 1018 861 1087 iu
889 1041 960 1111 quo
987 1016 1104 1089 sciunt
1160 1016 1405 1088 cavillationes
1420 1019 1563 1090 acerbas
1580 1021 1624 1089 de
1642 1020 1753 1093 tridui
1769 1026 2034 1117 computatione
2051 1055 2148 1104 cour-

112 1125 257 1219 platere
279 1123 358 1197 Deo
382 1121 475 1196 hanc
493 1126 672 1220 quietem,
699 1143 847 1215 eamque
870 1119 938 1193 iter
963 1140 1039 1189 esse
1058 1122 1103 1189 ad
1155 1119 1405 1193 miniscuutur.

110 1228 220 1299 ritsru
253 1242 446 1300 aeternam.
520 1224 607 1299 Ideo
636 1250 711 1298 nou
741 1226 874 1295 addam
904 1221 1103 1310 longiorem
1256 1218 1381 1291 Potius
1397 1223 1441 1291 de
1457 1222 1532 1314 ipsa
1548 1225 1818 1297 resurrectionis
1832 1228 1946 1318 gloria
1969 1246 2005 1306 et
2028 1235 2145 1309 efiice-

107 1329 411 1420 mercationem,
449 1329 534 1423 quia
577 1326 662 1400 haec
698 1327 737 1397 iu
781 1324 874 1395 veris
914 1324 1101 1394 doloribus
1127 1366 1130 1381 ·
1155 1320 1208 1392 cia
1241 1323 1423 1407 dicamus,
1465 1348 1555 1417 quae
1596 1327 1731 1418 egregie
1764 1330 1925 1421 pingitur
1965 1332 2145 1410 antithesi.

109 1433 280 1504 discenda
312 1447 424 1517 sunt,
475 1438 536 1505 sed
568 1446 686 1504 tamen
717 1425 983 1500 coruinoueiieri
1023 1426 1102 1524 pios
1126 1416 1129 1447 ¹
1153 1420 1328 1495 Mulieres
1354 1426 1506 1499 veniunt
1532 1429 1577 1495 ad
1607 1446 1898 1516 mouumentum,
1940 1451 1980 1509 ut
2007 1455 2145 1529 ungant

108 1534 194 1607 mu,
218 1547 283 1605 ege,
624 1592 627 1599 ,
1153 1541 1335 1598 mortuum
1360 1552 1499 1621 corpus.
1550 1526 1629 1599 lloc
1647 1531 2143 1625 officiumsignificatcultum

209 1634 283 1706 llic
308 1636 415 1708 etiam
446 1633 630 1728 quaeritur
656 1634 701 1703 de
732 1629 883 1703 articulo
912 1630 1102 1699 descensus
1153 1627 1240 1718 legis
1269 1645 1302 1701 et
1333 1630 1535 1700 universam
1561 1630 1739 1701 iusticiam
1773 1635 1876 1726 legis,
1915 1654 1957 1711 ut
1978 1643 2144 1734 discipuli

111 1740 154 1809 sd
171 1737 321 1818 inlcros,
347 1738 434 1830 quid
449 1738 496 1808 sit
512 1737 573 1805 iile
588 1737 787 1807 eicerentur.
840 1730 1002 1803 Primum
1019 1744 1101 1802 aute
1125 1706 1128 1773 !
1152 1730 1304 1802 alicuius
1331 1726 1548 1825 Prophetae,
1587 1733 1678 1804 hene
1701 1737 1893 1809 sentientes
1919 1744 1963 1812 de
1987 1760 2141 1831 mortuo,

107 1852 260 1913 mortem
284 1840 492 1930 intelligunt
517 1838 628 1931 aliqui
658 1840 867 1909 descensum
888 1835 934 1903 ad
958 1834 1101 1918 inferos,
1153 1845 1187 1903 et
1213 1833 1409 1904 iudicantes
1438 1834 1570 1905 iniuste
1593 1835 1818 1909 interiectum
1846 1864 1919 1913 csse
1950 1851 2143 1921 ostendunt

108 1942 222 2033 ipsam
254 1936 568 2027 humiliationem,
608 1962 679 2031 que
698 1935 864 2011 Christus
886 1932 1098 2006 horribilem
1152 1957 1255 2004 suurn
1275 1960 1431 2007 amorem
1449 1961 1531 2026 erga
1545 1952 1740 2015 mortuum.
1793 1938 1953 2017 Siciliae
1976 1950 2143 2021 mulieres

106 2066 252 2117 sensum
269 2044 343 2114 irae
359 2041 428 2115 Dei
444 2045 614 2114 adversus
627 2056 766 2132 peccata
783 2052 903 2111 nostra
919 2037 1099 2111 sustinuit.
1123 2080 1128 2141 3
1152 2049 1290 2108 tautum
1314 2038 1468 2128 cogitant
1491 2034 1588 2110 hunc
1619 2062 1723 2111 suum
1750 2043 1932 2119 doctorem
1961 2065 2143 2125 mortuum

107 2146 234 2242 Aliqui
257 2145 370 2237 ipsam
389 2159 540 2217 mortem
565 2158 600 2215 et
631 2145 850 2237 sepulturam
881 2141 1100 2229 intelligunt,
1152 2162 1243 2226 esse,
1283 2155 1317 2212 et
1339 2135 1407 2211 hoc
1433 2140 1550 2212 officio
1574 2165 1704 2213 ornare
1734 2168 1816 2215 eum
1840 2151 2004 2232 student,
2044 2158 2141 2246 quod

107 2252 165 2321 sed
200 2269 271 2319 uos
297 2248 508 2341 simpliciter
540 2247 734 2321 sentiamus
763 2240 945 2319 Christum
976 2266 1099 2311 revera
1150 2255 1271 2314 tamen
1288 2257 1426 2315 tautum
1443 2257 1532 2314 esset
1546 2243 1685 2315 inutilis
1705 2249 1880 2340 quaedam
1897 2254 2031 2325 mortui
2046 2256 2143 2346 riga-

109 2350 338 2423 resuscitasse
365 2364 500 2443 patres,
530 2363 570 2419 ut
594 2347 720 2421 Petrus
741 2348 848 2428 dicit,
881 2344 1098 2438 praedicasse
1152 2345 1216 2421 tio.
1275 2344 1377 2415 Talis
1399 2359 1451 2416 est
1472 2345 1589 2418 cultus
1614 2346 1719 2439 legis,
1753 2349 1944 2444 disciplina
1968 2357 2141 2430 mediocri

107 2452 313 2545 spiritibus,
337 2451 399 2545 qui
416 2465 518 2523 eraut
538 2452 745 2523 incarcere.
803 2447 911 2518 Hunc
935 2458 1098 2534 cougres'·
1151 2447 1335 2539 diligentia
1360 2446 1517 2533 laborat,
1542 2462 1583 2520 ut
1605 2463 1757 2540 praestet
1779 2452 1900 2547 aliqua
1919 2457 2054 2544 officia,
2077 2462 2140 2531 sed

110 2576 183 2627 sum
210 2578 294 2625 turn
325 2555 487 2646 patribus
513 2554 610 2623 iuxta
636 2552 737 2625 Petri
767 2553 902 2623 dictum
935 2548 1097 2640 intelligo
1152 2545 1433 2643 haecutcunque
1450 2547 1709 2623 serviuuthuic
1726 2557 1866 2626 mortali
1883 2557 1993 2644 vitae,
2019 2574 2052 2631 et
2068 2586 2141 2635 uon

111 2658 315 2729 descensum
330 2658 375 2727 ad
392 2657 554 2740 inferos,
569 2679 635 2725 nec
649 2655 787 2725 curiose
805 2650 893 2724 haec
916 2652 1098 2750 disputare
1152 2653 1282 2725 tollunt
1308 2665 1477 2738 mortem,
1520 2666 1642 2748 estque
1664 2655 1781 2743 imago
1803 2659 1978 2730 illustrior
2000 2686 2141 2733 accom-

114 2761 210 2839 rulo,
237 2760 299 2829 sed
315 2759 467 2829 modesti
490 2774 524 2829 ct
546 2759 596 2849 pii
611 2760 767 2848 cogitent
783 2779 909 2829 arcana
926 2756 1096 2847 quaedam
1150 2758 1292 2825 modata
1315 2756 1359 2824 ad
1387 2754 1596 2826 doctrinam.
1657 2754 1731 2827 Lex
1752 2759 1829 2828 siue
1843 2759 2036 2853 Evangelio
2061 2778 2141 2836 tau-

116 2862 335 2933 demiranda
352 2875 466 2931 morte
489 2875 523 2931 et
539 2862 796 2932 resurrectione
810 2853 965 2939 Christi,
992 2881 1097 2949 quarn
1151 2870 1226 2929 tum
1254 2853 1337 2926 huic
1359 2857 1506 2925 miserae
1530 2871 1563 2927 et
1580 2871 1739 2929 mortuae
1755 2862 2008 2957 coraciouatur,
2033 2879 2068 2939 et
2082 2881 2141 2939 ut-

116 2977 308 3053 spectaruut
324 2976 358 3034 et
376 2977 492 3054 patres
505 2961 718 3047 resuscitati,
741 2960 931 3053 significari
948 2957 1097 3027 indicto
1151 2983 1291 3053 cunque
1305 2957 1492 3049 disciplina
1509 2964 1645 3028 coercet
1662 2955 1747 3030 haec
1763 2978 1901 3034 mortua
1919 2971 2090 3044 membra.

117 3062 220 3150 Petri,
246 3088 339 3161 quse
352 3090 428 3138 nou
444 3079 527 3137 suut
543 3065 688 3156 planius
703 3066 861 3137 recitata.
1255 3059 1359 3129 Hanc
1376 3073 1509 3149 partem
1527 3055 1713 3131 antithesis
1733 3065 1855 3135 confer
1870 3067 1941 3137 iam
1956 3072 2000 3138 ad
2023 3072 2139 3143 effica-

529 3216 532 3221 .
1151 3163 1240 3233 eiarn
1257 3162 1454 3232 resuscitati
1471 3160 1534 3229 filii
1551 3158 1630 3232 Dei.
1683 3160 1752 3232 llic
1771 3166 1839 3234 iam
1859 3193 1931 3237 urm
1948 3176 2135 3260 uugendus

463 3292 614 3405 caput,
634 3294 722 3378 XX
1150 3280 1214 3351 est,
1235 3269 1296 3335 sed
1311 3264 1382 3333 alio
1401 3266 1507 3334 modo
1523 3264 1705 3350 colendus,
1722 3269 1848 3339 revixit
1863 3286 1902 3341 ut
1917 3272 2033 3343 deleto
2052 3297 2135 3366 pec-

724 3360 735 3383 ‘
1151 3384 1256 3449 cato,
1297 3367 1416 3437 deleta
1448 3379 1562 3436 morte
1595 3366 1701 3437 nohis
1734 3373 1859 3442 reddat
1893 3373 2069 3445 iusticiam
2105 3392 2139 3449 et

346 3493 439 3570 Um,
461 3505 585 3568 amm
607 3491 665 3567 df,
688 3493 853 3574 sabbati·
1150 3470 1282 3554 vitam,
1308 3483 1342 3539 et
1358 3469 1436 3538 vult
1450 3468 1591 3558 agnosci
1608 3471 1710 3541 dator
1725 3472 1885 3543 iusticias
1909 3496 1942 3547 ct
1965 3477 2076 3562 vitae,
2102 3494 2138 3551 et

1150 3585 1300 3644 testatur
1330 3584 1514 3640 aeternum
1539 3585 1672 3661 patrem
1703 3576 1951 3664 constituisse,
1987 3594 2030 3651 ut
2052 3576 2139 3653 haec

204 3666 366 3761 Quintus
379 3683 478 3742 artus
492 3664 663 3742 historiae
677 3664 785 3743 huius
800 3674 845 3741 de
863 3688 976 3744 morte
990 3686 1023 3745 et
1041 3698 1098 3744 re·
1150 3676 1243 3745 bona
1262 3686 1410 3768 propter
1424 3667 1519 3743 hunc
1535 3674 1785 3762 mediatorem,
1816 3692 1849 3747 et
1873 3704 1936 3769 per
1950 3674 2049 3751 huuc
2064 3707 2139 3753 me·

118 3774 327 3843 surrectione
361 3767 497 3845 Christi
537 3774 699 3845 continet
735 3774 930 3864 gloriosum
965 3778 1096 3847 exitum
1149 3778 1322 3846 diatorcm
1347 3775 1416 3845 fide
1437 3774 1660 3865 accipiamus.
1721 3775 1824 3848 Hanc
1847 3781 1950 3851 fidem
1975 3784 2052 3853 vult
2072 3808 2137 3854 nos

117 3886 287 3947 tenturum
328 3897 509 3966 agonum,
549 3876 612 3968 qui
645 3892 921 3967 praecesserunt.
992 3878 1096 3950 Nunc
1148 3878 1276 3948 afferre
1308 3873 1404 3945 Deus
1431 3879 1474 3944 ad
1517 3872 1612 3945 hunc
1646 3880 1892 3951 resuscitatum
1925 3880 2133 3955 Dominum.

117 3977 201 4047 euim
226 3991 395 4049 narratur
418 3977 628 4049 resurrectio
650 3977 715 4045 filii
731 3975 797 4048 Dei
814 3979 958 4050 Domini
984 3984 1095 4054 nostri
1149 3979 1251 4051 Finis
1269 3992 1320 4049 est
1343 3979 1412 4047 iam
1436 3978 1654 4062 officiorum,
1689 4005 1779 4074 quae
1803 3997 1964 4055 mortuos
1988 3987 2135 4077 persuu-

116 4075 188 4151 lesu
212 4073 371 4170 Christi,
397 4080 460 4171 qui
484 4093 564 4171 post
588 4094 735 4151 mortem
761 4081 818 4151 die
843 4084 946 4153 tertio
973 4084 1094 4153 diviua
1149 4086 1263 4168 dunt,
1303 4082 1364 4151 ille
1398 4079 1471 4173 ipse
1499 4081 1725 4152 resuscitatus
1752 4081 1918 4171 Messias,
1958 4087 2133 4159 iusticiam

114 4184 266 4271 potentia
289 4182 515 4253 resuscitatus
537 4182 683 4267 revixit,
715 4182 850 4273 integre
872 4187 1032 4257 restituta
1058 4187 1094 4254 in
1147 4185 1252 4255 nobis
1276 4182 1413 4272 reddit,
1441 4206 1515 4252 non
1540 4182 1637 4253 illam
1661 4198 1822 4256 mortuae
1842 4203 1990 4260 naturae
2014 4214 2133 4262 serva-

114 4282 182 4375 ipso
204 4296 335 4355 natura
358 4279 514 4355 humana
538 4296 572 4353 et
596 4298 699 4355 exuta
722 4286 948 4358 mortalitate.
1025 4286 1095 4359 Hic
1147 4289 1270 4359 tricem
1289 4283 1532 4376 disciplinam,
1558 4288 1617 4356 sed
1635 4286 1740 4355 aliam
1757 4286 1951 4379 iusticiam,
1977 4311 2134 4386 quaeest

115 4399 224 4457 autem
256 4387 443 4458 disseritur
466 4388 510 4455 de
532 4386 671 4467 triduo,
706 4387 750 4457 de
771 4412 842 4481 quo
860 4389 1016 4461 breviter
1038 4415 1095 4460 re·
1119 4434 1122 4445 ·
1148 4391 1209 4460 lux
1226 4403 1260 4459 et
1277 4388 1349 4458 vita
1366 4403 1520 4459 aeterna.
2168 4396 2171 4401 '

114 4490 282 4580 spondeo:
310 4483 565 4584 synecdochen
580 4483 756 4573 esse,hoc
773 4505 834 4574 est,
851 4493 915 4559 etsi
932 4516 1006 4562 non
1023 4492 1096 4562 siut
1248 4489 1324 4559 Hac
1350 4490 1458 4578 igitur
1479 4482 1645 4558 antithesi
1679 4490 1923 4579 considerata,
1959 4492 2134 4569 discamus

113 4589 233 4683 integri
251 4592 384 4683 singuli
399 4591 475 4662 dies
490 4585 597 4662 huius
614 4592 744 4672 tridui,
770 4605 888 4662 tamen
905 4609 1002 4683 parte
1027 4595 1094 4663 ali·
1147 4616 1257 4688 quare
1275 4590 1504 4661 resurrexerit
1518 4591 1613 4659 filius
1629 4588 1713 4677 ltei„
1740 4619 1830 4689 quae
1847 4597 1892 4666 sit
1909 4596 2061 4668 efficacia
2077 4623 2134 4671 re-

115 4718 176 4787 qua
191 4696 415 4785 singulorum
430 4693 539 4763 iacuit
554 4717 683 4784 corpus
697 4694 734 4761 in
749 4697 923 4785 sepulcro.
975 4694 1095 4786 Depo·
1119 4686 1405 4815 psurrcctiouis,
1444 4690 1508 4761 ubi
1540 4715 1635 4761 nunc
1669 4695 1740 4779 sit,
1780 4697 1884 4790 quale
1913 4721 2060 4787 regnum
2089 4700 2134 4771 sit

116 4796 212 4869 situm
232 4810 286 4868 cst
316 4796 412 4870 euim
436 4818 457 4865 a
482 4819 585 4865 cruce
608 4811 687 4886 post
708 4791 834 4866 horam
861 4822 992 4867 nonam
1014 4823 1096 4868 και·
1118 4826 1123 4903 4
1147 4791 1253 4866 huius
1275 4794 1425 4866 viventis
1439 4792 1610 4879 Messias,
1635 4809 1673 4867 ut
1688 4810 1805 4868 sutem
1830 4822 1931 4891 saepe
1956 4801 2061 4886 alias,
2084 4802 2132 4872 ita

114 4893 231 4993 pstipv,
255 4922 348 4993 quae
365 4897 472 4968 nohis
493 4910 544 4967 est
561 4899 676 4972 tertia.
727 4895 833 4969 Parte
848 4901 956 4989 igitur
975 4900 1094 4993 aliqua
1119 4920 1123 4971 t
1148 4913 1181 4968 et
1198 4897 1304 4969 Rom.
1321 4894 1356 4967 4.
1381 4897 1614 4967 concionatur
1629 4897 1760 4971 Paulus
1781 4904 1825 4972 de
1841 4903 1992 4972 efficacia
2014 4926 2134 4972 resur·

114 5001 176 5073 diei
197 5015 315 5072 sextae
335 5023 466 5091 corpus
488 4999 556 5069 fuit
578 5000 617 5070 iu
641 5000 815 5093 sepulcro,
875 5002 1014 5075 Deinde
1038 5025 1094 5070 se·
1119 4996 1123 5111 ξ
1149 5000 1341 5086 rectionis,
1378 5000 1563 5070 conferens
1584 5015 1733 5089 mortem
1763 5015 1797 5074 et
1821 5004 2133 5074 resurrectionem:
2239 5038 2248 5049 ·

115 5127 216 5198 quens
232 5104 311 5173 dics
326 5103 482 5195 spatium
503 5116 555 5173 est
569 5126 589 5171 a
605 5126 749 5194 vespera
764 5106 809 5173 ad
835 5109 1036 5197 vesperam,
1062 5116 1096 5173 et
1119 5116 1123 5187 ξ
1148 5102 1319 5173 Traditus
1347 5116 1418 5187 est,
1444 5102 1581 5196 iuquit,
1609 5119 1751 5194 propter
1773 5106 1899 5178 delicta
1922 5118 2063 5190 nosue,
2097 5122 2132 5179 et

116 5200 165 5277 hic
187 5206 263 5277 dies
291 5206 429 5295 integer
453 5217 516 5276 est.
586 5202 709 5275 Voluit
739 5207 834 5275 euim
869 5203 1096 5277 hauddubie
1147 5205 1374 5274 resuscitatus
1392 5218 1443 5274 est
1458 5218 1605 5296 propter
1627 5206 1800 5276 iusticiam
1817 5221 1995 5292 nostram,
2020 5208 2056 5277 id
2072 5224 2142 5305 est,

115 5321 248 5399 propter
276 5308 496 5397 singularem
526 5304 820 5395 significationem
854 5308 992 5400 integro
1015 5309 1094 5379 sab-
1149 5330 1244 5376 mors
1263 5320 1313 5377 est
1328 5307 1555 5390 sacrificium,
1583 5331 1654 5398 quo
1672 5308 1763 5378 filius
1781 5308 1959 5379 sustinens
1980 5333 2131 5401 poenam
2243 5376 2255 5397 ,

113 5411 186 5487 bau
206 5411 401 5507 quiescere.
1148 5408 1256 5501 legis,
1279 5423 1314 5481 et
1336 5432 1372 5480 sc
1397 5408 1563 5581 derizqaqs
1587 5408 1677 5477 iram
1699 5412 1810 5499 patris
1827 5411 1997 5483 adversus
2014 5430 2142 5485 nostra
