4522 5782
59 2760 68 2765 ’
198 2767 260 2835 bet
275 2782 349 2832 esse
367 2759 505 2836 efficax,
533 2775 597 2822 nec
612 2750 880 2844 obsequendum
899 2761 951 2818 est
963 2747 994 2817 ei
1013 2747 1186 2839 pugnanti

194 197 275 285 §dd
634 258 637 263 ,
739 182 892 271 ‘utitis
918 179 1036 263 MEL-
1062 176 1276 265 scatere
1299 174 1603 257 fflGETlCd.
1858 208 1881 267 u
1938 200 2028 263 ...tit
2142 184 2214 265 sta

195 375 313 449 titudo
336 367 446 459 magis
475 361 665 435 accendere
691 356 830 429 animus
854 358 898 426 ad
915 357 1006 428 bene
1023 379 1177 448 operan·
1202 361 1212 387 ·
1334 350 1396 425 Sic
1416 350 1455 420 iu
1486 347 1719 423 conversione
1747 345 1871 427 nostra
1902 375 1966 429 seu
1987 353 2212 449 poenitentia,

195 482 284 549 dum
303 471 465 542 debebat.
1232 466 1438 527 necesseest
1463 453 1609 525 existere
1629 476 1731 523 veros
1756 468 1907 527 terrores
1932 472 1968 531 et
1990 458 2152 544 dolores,
2176 459 2211 533 io

297 593 412 665 Porro
436 590 479 657 ad
497 582 756 680 quaestionem:
793 576 833 649 Si
856 602 930 648 non
951 601 1073 648 snmus
1097 577 1181 648 iusti
1232 559 1362 655 quibus
1385 556 1493 626 ‘⁰¹⁶³
1516 579 1599 627 Vere
1622 556 1780 629 slimiimi
1792 554 1907 629 Deum
1931 559 2037 631 irasci
2062 575 2209 681 peccato.

196 710 341 789 propter
364 714 491 784 opera,
526 708 696 780 quorsum
720 703 810 772 opus
834 692 884 750 est
907 681 997 749 hene
1019 679 1184 768 operari?
1231 659 1371 731 liutans
1398 679 1540 728 necesse
1571 672 1623 729 est
1645 658 1753 728 corda
1787 682 1906 730 veram
1934 662 2208 735 consolationem
2244 700 2247 753 t

195 799 468 891 Respondemus
497 790 641 860 usitate:
673 782 891 852 Beneficium
924 781 1183 853 iustificationis
1232 760 1521 850 fidefflsscipere,
1547 764 1930 856 cometatuont,qood
1945 758 2209 857 propter-Chri.
2243 756 2247 847 l

195 916 248 973 est
262 898 470 969 trauslatum
488 892 524 960 in
544 884 745 969 Christum,
763 898 802 954 ut
817 883 863 954 sit
880 897 1033 968 certum,
1063 885 1184 969 idest,
1232 877 1331 981 dum·
1361 876 1456 980 certo
1499 856 1660 947 ‘habeant
1697 862 1941 982 remissionem
1979 878 2209 987 peccatprum.
2243 908 2248 949 ;

73 998 79 1007 ’
199 1016 351 1095 persona
369 1010 420 1067 est
435 996 544 1072 iusta,
572 991 608 1059 id
626 1001 697 1073 est,
713 998 871 1076 accepta,
904 997 1050 1076 propter
1074 981 1182 1055 Chri.
1232 963 1305 1035 Nec
1323 964 1590 1052 imaginandum
1604 964 1778 1035 estsemel
1794 965 1857 1037 illa
1881 979 2021 1041 tantum
2038 967 2130 1040 liert.
2155 965 2210 1041 Fr·
2243 1008 2248 1021 ‹

196 1120 303 1176 stum.
356 1098 404 1173 Et
424 1111 464 1167 ut
487 1090 555 1165 hoc
579 1093 791 1170 citimum,
818 1111 891 1155 non
914 1087 1044 1177 pendet
1068 1086 1183 1157 exdi·
1232 1065 1568 1139 dfistflffllem‘ib·
1586 1064 1625 1133 5¹¹
1640 1059 2092 1141 hissiifflmidu‘lufflfi
2104 1060 2248 1169 aetag

196 1207 330 1297 gnitate
354 1214 493 1280 nostra,
528 1194 587 1263 sed
614 1192 811 1282 imputatur
831 1202 977 1281 propter
1000 1184 1183 1258 Christum
1232 1181 1265 1239 ⁹¹
1283 1170 1322 1286 5¹}
1342 1162 1410 1239 hot
1425 1167 1616 1285 certamine
1637 1167 1764 1286 crescit
1786 1168 1873 1240 fides
1891 1183 1927 1243 et
1942 1172 2090 1292 puritas
2113 1173 2209 1265 spiri·
2243 1234 2249 1279 ἓ

196 1305 378 1393 credenti,
415 1301 549 1381 idest,
582 1292 873 1383 fideaccipienti.
923 1287 1063 1361 Deinde
1090 1314 1184 1361 nova
1233 1269 1351 1342 ¹⁰³¹*
1402 1265 1486 1338 ¹d0⁰
1509 1282 1615 1340 eham
1636 1271 1776 1342 madiae
1800 1287 2016 1366 proponitur
2036 1287 2249 1377 utrunque}

196 1406 398 1482 obedientia
430 1414 482 1471 est
505 1395 719 1473 necessaria,
750 1407 790 1463 ut
812 1392 959 1463 effectus
985 1393 1182 1463 necessario
1232 1373 1405 1489 Verbum,
1439 1371 1943 1494 verbumprguenapeeeata,
1969 1389 2004 1450 02
2027 1376 2209 1496 pmmpgp.
2242 1398 2249 1467 t

197 1529 416 1602 consequens
433 1504 532 1572 illam
549 1497 842 1589 imputationem,
867 1494 949 1587 quia
967 1517 1047 1565 rom
1065 1495 1184 1586 impu.
1233 1476 1278 1543 de
1292 1467 1437 1545 Christo
1450 1495 1674 1545 annuncians
1692 1496 1933 1546 remissionem
1948 1489 2015 1553 etr.
2068 1474 2119 1551 Et
2160 1503 2208 1551 ω.
2243 1530 2250 1565 a

196 1613 329 1684 tatione
349 1610 388 1678 fit
412 1601 615 1682 renovatio,
643 1609 806 1694 quaeest
829 1595 983 1666 incoatio
1012 1618 1126 1666 norae
1150 1610 1185 1667 et
1232 1579 1316 1696 dim·
1327 1572 1563 1695 Evinsseiium
1579 1575 1695 1666 ⁸¹8⁰i²
1718 1575 2023 1665 incfidlffiiiiffla
2051 1594 2087 1651 ‘²
2109 1580 2209 1701 'mli‘

197 1728 356 1785 aeternae
373 1708 477 1778 vitae.
529 1702 687 1774 lucoatio
712 1723 793 1769 vere
823 1719 937 1783 novae
964 1709 999 1767 et
1022 1710 1185 1769 aeternae
1233 1691 1341 1797 ⁵¹²5¹⁰
1364 1676 1452 1767 ¹⁰8³
1474 1677 1632 1749 decimi
1662 1691 1797 1799 “²¹²9
1822 1694 1983 1771 Petilli&
2024 1682 2208 1804 ²³⁰¹le
2243 1624 2251 1771 i

196 1817 288 1887 vitae
314 1826 366 1883 εει
402 1830 494 1878 nova
525 1818 560 1876 et
588 1801 785 1895 spiritualis
808 1798 1020 1870 obedientia.
1088 1795 1185 1889 Ergo
1233 1782 1333 1864 ⁰d¹³s
1357 1790 1424 1854 Εἷς·
1476 1775 1666 1898 ῙΙἾΟΒΕΜ
1689 1775 2048 1900 ²di¹¹b²iR⁰²¹¹Mi
2072 1784 2209 1855 ssim·
2246 1776 2251 1833 Ι

197 1941 290 1988 nova
308 1929 342 1985 et
357 1908 552 2003 spiritualis
568 1905 771 1976 obedientia
792 1916 844 1972 est
859 1902 1062 1975 necessaria.
1088 1899 1187 1972 Haec
1233 1894 1341 1966 ¹³¹²⁸a
1366 1905 1457 1974 ΨΜ
1484 1896 1588 1999 θυῆω
1616 1894 1790 2002 ‘imiimi
1816 1883 1883 1954 ”²¹
1906 1906 2076 1957 ²⁰⁶¹¹⁸⁸¹¹⁸
2096 1908 2209 1979 lm·

199 2022 276 2113 ipsa
290 2035 341 2087 εει
358 2035 494 2085 summa
517 2006 758 2098 responsionis
775 2003 889 2076 Pauli.
1233 1999 1322 2054 tum.
1374 1984 1428 2053 Ac
1448 1984 1671 2054 mortificatio
1688 2007 1765 2054 sane
1779 1986 1848 2056 tide
1860 1999 1913 2058 est
1937 2000 2075 2070 terror,
2102 1987 2210 2083 quatu
2247 2040 2252 2067 ὅ

1235 2085 1339 2156 εειῐη
1362 2084 1500 2176 impiis,
1525 2085 1563 2155 in
1588 2085 1713 2173 Saule,
1739 2084 1845 2172 luda,
1870 2101 1904 2156 et
1926 2087 2032 2160 affert
2053 2091 2212 2183 despera·
2244 2070 2252 2177 i

1235 2188 1369 2258 tionem
1391 2201 1425 2257 et
1446 2202 1596 2259 mortem
1619 2202 1812 2261 aeternam.
1864 2187 1935 2263 Sed
1958 2203 2116 2263 terrores
2138 2213 2210 2263 cum
2248 2184 2252 2269 s

1233 2288 1304 2361 fid'e
1318 2301 1353 2359 et
1368 2288 1500 2360 noticia
1515 2286 1666 2375 Christi,
1692 2304 1776 2361 suut
1792 2291 1900 2361 timor
1915 2291 2036 2363 filialis
2049 2314 2116 2365 seu
2139 2314 2211 2363 vera
2245 2276 2253 2385 ξ

1234 2390 1422 2476 contritio,
1447 2405 1483 2463 et
1503 2391 1594 2463 liunt
1610 2392 1726 2463 cultus
1741 2388 1811 2462 Dei
1828 2406 1863 2463 et
1877 2394 2015 2465 bouum
2031 2418 2141 2489 opus:
2171 2394 2212 2466 si·

1234 2507 1293 2565 cut
1309 2491 1470 2563 Psalmus
1485 2506 1588 2565 vocat
1606 2494 1827 2567 sacrificium.
2246 2554 2254 2619 1

1334 2592 1432 2665 Haec
1447 2593 1641 2665 declaratio
1659 2619 1786 2667 vocum
1810 2610 1844 2667 ει
1865 2599 2150 2671 accommodatio
2172 2599 2210 2669 sd
2245 2624 2254 2697 ,ξ

1234 2696 1492 2788 poenitentiam
1517 2711 1569 2767 est
1592 2698 1806 2784 necessaria,
1841 2722 1886 2769 ne
1907 2699 2023 2790 inepti
2055 2696 2211 2772 homiues

1234 2800 1368 2888 fingant
1384 2798 1671 2870 mortificationes
1689 2822 1763 2869 esse
1777 2824 1884 2891 opera
1901 2802 2121 2886 monastica,
2144 2816 2177 2873 et
2192 2821 2209 2871 a
2242 2780 2255 2871 i

1234 2902 1338 2970 nobis
1364 2900 1548 2972 accersitas
1570 2901 1853 2988 observationes,
1893 2918 1956 2975 aut
1988 2905 2125 2977 otiosas
2141 2926 2212 2996 sps·
2242 2914 2255 2985 ,ἶ

1234 3003 1448 3086 relationes,
1473 3003 1565 3075 sicut
1588 2998 1829 3089 Monetarius,
1854 3004 1939 3075 item
1957 3004 2140 3078 Platonici
2161 3006 2212 3075 iu·

1235 3117 1314 3196 epte
1345 3105 1578 3176 imitabantur
1607 3101 1693 3175 haec
1725 3107 1910 3181 vocabula.
1969 3105 2042 3180 Sed
2069 3109 2212 3181 sciamus

1233 3207 1539 3277 mortificationem
1556 3228 1630 3278 esse
1652 3229 1755 3277 veros
1770 3222 1925 3280 terrores
1947 3222 1983 3280 et
1997 3210 2161 3295 dolores,
2178 3208 2212 3279 'et

1239 3308 1515 3379 vivificationem
1533 3307 1645 3400 ipsam
1662 3309 1768 3379 fidem
1786 3311 2029 3383 consolantem
2042 3334 2125 3385 nus·
2154 3382 2157 3387 .

301 2148 370 2224 sed
401 2148 476 2236 ipse
499 2138 682 2212 distribuit
704 2141 778 2208 duo
802 2137 960 2208 membra
983 2138 1187 2209 renovatio-

198 2257 274 2337 nis,
316 2251 448 2323 scilicet
484 2241 792 2314 mortificationem
833 2254 867 2310 et
890 2238 1182 2309 vivificationem:

199 2372 232 2427 et
250 2356 299 2425 sic
316 2360 582 2442 argumentatur
604 2367 624 2413 a
646 2343 760 2413 causis
786 2341 1028 2413 efficientibus.
1080 2339 1187 2411 Prior

200 2456 441 2553 syllogismus:
474 2448 620 2518 Mortua
644 2459 772 2514 natura
790 2468 864 2511 non
882 2456 934 2511 est
950 2442 1090 2526 efficax,
1114 2442 1185 2513 Ne-

202 2581 296 2630 cesse
327 2553 438 2625 estin
463 2550 567 2619 nobis
587 2559 741 2616 veterem
772 2558 807 2615 et
833 2544 997 2612 vitiosam
1022 2558 1185 2614 naturam

199 2656 423 2737 mortificari,
448 2653 542 2741 Ergo
558 2661 658 2718 vetus
683 2661 717 2717 et
739 2647 864 2715 vitiosa
883 2660 1009 2717 natura
1031 2670 1104 2715 non
1124 2650 1185 2716 de-

123 2904 126 2909 ·
200 2889 282 2939 curo
303 2862 487 2932 voluntate
501 2853 579 2943 Dei.

299 2980 402 3052 Alter
416 2975 638 3072 syllogismus
655 2984 722 3043 est:
747 2967 838 3039 Viva
853 2980 978 3040 natura
995 2970 1098 3040 debet
1112 2991 1186 3040 esse

202 3087 341 3164 efficax,
373 3079 447 3151 Nos
469 3075 689 3166 concipimus
712 3095 843 3142 novam
868 3072 975 3141 vitam
1001 3085 1035 3141 et
1060 3073 1187 3156 lucem,

200 3212 281 3259 cum
295 3186 382 3255 tides
396 3181 498 3269 erigit
513 3192 546 3250 et
565 3176 769 3248 consolatur
783 3173 1054 3253 conscientiam,
1087 3170 1184 3263 Ergo

201 3289 289 3359 baec
313 3309 405 3356 nova
430 3284 500 3351 vita
529 3279 632 3349 debet
656 3272 784 3346 habere
807 3297 914 3366 opera
938 3287 1186 3360 consentanea,

200 3393 237 3459 id
254 3402 323 3471 est,
339 3383 578 3457 obedientiam
593 3400 674 3467 erga
689 3376 827 3467 Deum,
853 3400 959 3471 quem
976 3376 1047 3446 iam
1065 3376 1103 3444 in
1119 3371 1186 3446 hac

200 3515 293 3562 nora
310 3490 381 3559 vita
399 3484 589 3574 incipimus
606 3501 805 3568 agnoscere.
1285 3471 1503 3574 Quicunque
1525 3473 1712 3571 baptizoti
1737 3502 1887 3568 sumus,
1912 3475 1953 3551 io
1972 3468 2169 3554 Chrt‘smm

300 3622 380 3695 llos
395 3622 484 3690 duos
505 3614 727 3712 syllogismos
754 3609 813 3684 hic
831 3613 953 3687 recitat
968 3611 1121 3693 Paulus,
1146 3612 1186 3684 in
1606 3575 1751 3668 Iesum,
1784 3588 1847 3659 05⁶·

202 3728 335 3826 qttibua
354 3725 516 3793 videmus
541 3716 689 3788 describi
721 3716 988 3786 renovationem
1018 3711 1187 3800 bominis,
1337 3712 1381 3784 lu
1408 3712 1525 3805 primo
1552 3714 1758 3809 syllogismo
1789 3715 1884 3802 vult,
1924 3717 2021 3811 quod
2057 3725 2211 3810 opum

202 3848 236 3904 et
262 3830 375 3903 utitur
397 3821 456 3895 hic
487 3817 784 3915 appellationibus
805 3817 1106 3903 mortificationis,
1128 3818 1187 3885 vi-
1236 3816 1383 3889 existere
1398 3815 1705 3887 mortificationem
1726 3839 1789 3888 seu
1810 3819 2067 3909 poenitentiam
2090 3820 2130 3890 iu
2152 3816 2213 3899 hin

202 3930 430 4011 vibrationis,
462 3938 496 3995 et
517 3922 730 4017 quibusdam
755 3919 931 3990 affinibus.
990 3918 1186 4009 Diligenter
1236 3922 1298 4014 qui
1320 3920 1489 4002 credunt,
1519 3941 1581 3988 seu
1614 3920 1711 4011 quod
1734 3919 1915 3991 fides-uon
1938 3920 2044 3993 sitin
2071 3920 2137 4007 iis,
2158 3916 2214 4015 qui

201 4049 319 4108 autem
341 4025 640 4102 considerandum
657 4035 727 4103 est,
753 4022 838 4114 quid
864 4021 1117 4113 appellationes
1140 4022 1187 4089 il·
1236 4020 1349 4092 securi
1378 4019 1565 4107 iudicium:
1585 4033 1840 4105 contemnunt,
1879 4022 1963 4116 quia
1997 4022 2137 4117 iuquit:
2175 4016 2212 4091 iu

201 4141 257 4210 lae
278 4127 652 4230 propriesignificeut.
710 4119 934 4193 Describitur
960 4134 1077 4192 autem
1100 4146 1187 4197 cou-
1227 4114 1388 4194 'mortem
1413 4116 1549 4191 Christi
1574 4122 1742 4212 baptizati
1769 4123 1853 4193 estis
1873 4139 1908 4196 et
1931 4124 2153 4216 consepulti,
2180 4122 2214 4192 id

201 4239 319 4309 versio
334 4231 489 4306 hominis
506 4254 568 4299 seu
583 4225 762 4320 potentia,
778 4225 867 4295 sicut
886 4224 1015 4296 usitate
1030 4239 1186 4296 vocatur.
1236 4239 1307 4310 est,
1330 4234 1475 4315 propter
1491 4238 1641 4295 mortem
1660 4219 1791 4295 Christi
1809 4219 1947 4297 habetis
1960 4226 2215 4300 remissionom

202 4338 312 4410 Hunc
328 4351 495 4428 tanquam
513 4327 745 4423 principalem
761 4325 946 4417 Evangelii
962 4327 1079 4396 locum
1094 4350 1186 4396 sem.
1237 4327 1307 4398 sed
1332 4326 1393 4395 5110
1417 4347 1514 4394 mo„
1535 4326 1691 4397 ,menda
1713 4326 1821 4397 ,fiam
1843 4327 1933 4397 imm
1959 4323 2028 4399 Dei
2051 4330 2214 4401 ,dmm
2257 4342 2260 4347 .

203 4464 267 4533 per
281 4443 499 4518 intueamur,
524 4446 560 4503 et
582 4431 783 4513 videamus,
809 4451 898 4521 quae
923 4428 1117 4503 sententiae
1144 4452 1186 4499 eo
1237 4442 1439 4518 peccatum,
1464 4440 1505 4499 ut
1518 4427 1677 4507 innubis
1692 4451 1834 4522 quoque
1851 4429 2087 4503 mortificetur
2100 4451 2215 4524 pecer-

204 4541 325 4613 relerri
343 4551 504 4632 possunt:
540 4545 576 4603 et
595 4545 636 4602 ut
649 4527 882 4618 Evangelium
909 4531 1085 4621 praedicat
1100 4554 1188 4621 poe-
1223 4546 1330 4613 tum,
1357 4529 1395 4597 id
1418 4540 1489 4613 est,
1518 4542 1559 4599 ut
1580 4544 1807 4618 agnoscentes
1831 4529 1919 4601 iram
1941 4529 2030 4618 Dei,
2055 4532 2215 4605 console·

203 4635 957 4722 nitentiamet-remissiunempeccatorum,
982 4632 1187 4703 itautrum-
1236 4656 1318 4701 mur
1332 4654 1397 4699 nos
1410 4629 1581 4698 beneficio
1596 4627 1743 4705 Christi.
1795 4629 1900 4719 item,
1927 4633 1977 4705 ita
1999 4633 2040 4706 fit
2059 4632 2215 4705 ηωὶηὶο

204 4747 327 4842 quein
349 4757 463 4813 morte
476 4735 609 4810 Christi
638 4734 743 4803 nobis
758 4734 982 4826 proponitur.
1034 4731 1092 4803 lra
1117 4730 1186 4803 Dei
1236 4747 1475 4825 peccatorum,
1500 4744 1542 4801 ut
1563 4731 1670 4802 simul
1690 4733 2083 4829 aboleaturpeccatutu.
2124 4736 2217 4809 Aao-

204 4851 586 4936 adveraus-peccatum,
610 4833 758 4906 Necesse
780 4849 832 4907 cst
853 4836 950 4905 enim
973 4858 1138 4926 maguam
1153 4848 1189 4906 et
1236 4836 1339 4907 litum
1354 4846 1471 4905 autem
1487 4856 1562 4903 uon
1577 4834 1684 4907 dehet
1699 4857 1774 4906 esse
1790 4837 1923 4909 efficax.
1951 4906 1961 4927 θ

204 4949 423 5022 ineffabilem
438 4946 530 5012 iram
549 4961 642 5020 esse,
667 4961 748 5008 cum
774 4937 874 5008 nulls
896 4936 965 5006 alia
990 4932 1106 5008 hostia
1122 4961 1187 5029 po-
1280 4998 1283 5003 .
1963 5003 1971 5022 ι

205 5054 312 5126 tuerit
325 5048 402 5119 Deo
419 5044 632 5124 satisfacere,
648 5053 681 5111 ct
701 5063 782 5108 cum
798 5037 952 5108 voluerit
965 5038 1077 5108 filium
1094 5038 1186 5109 mori
1321 4992 1539 5101 Cmuiuml
1566 5013 1683 5098 ‘8¹⁸⁰'
1705 5030 1834 5077 sumus
1857 5030 1937 5077 ΨΜ
1954 5000 2048 5092 ¹11⁰,
2075 5016 2140 5081 eic-

206 5170 241 5226 et
267 5150 442 5239 crucifigi,
474 5143 570 5237 Ergo
603 5156 655 5212 est
683 5141 809 5228 ingens
829 5151 864 5207 et
898 5138 1089 5210 ineffabilis
1121 5141 1186 5214 ira.
1341 5135 1559 5227 Gravissima
1581 5155 1634 5213 est
1649 5143 1791 5214 collatio
1813 5156 1955 5216 nomae
1977 5148 2219 5221 comestioni,

204 5254 345 5327 Rurms
369 5248 455 5320 haec
475 5250 550 5338 ipsa
574 5264 670 5314 mors
694 5257 746 5314 est
768 5242 916 5333 pignus,
949 5243 1047 5332 quod
1068 5241 1186 5313 reddit
1237 5241 1282 5310 ad
1296 5235 1428 5314 Christi
1445 5256 1613 5330 mortem,
1629 5246 1846 5337 sepulturam
1863 5258 1898 5318 et
1911 5250 2220 5329 resurrectionem.

206 5379 273 5427 nos
287 5368 401 5433 certos
417 5353 460 5427 de
477 5348 683 5431 remissione
704 5356 939 5436 peecatorum.
1237 5341 1289 5414 lta
1310 5343 1407 5417 cuim
1421 5342 1579 5420 instituit
1593 5347 1883 5440 responsionem,
1908 5360 2059 5443 propter
2071 5368 2221 5461 mortem
