4522 5782
109 226 187 308 sos
325 171 365 199 ⁷
502 276 507 285 .
708 217 835 301 rnre
861 216 978 305 usn
1003 216 1216 299 maura
1241 216 1540 303 umerum.
1608 218 1613 275 2

119 407 210 475 iram
227 398 317 486 Dei,
354 411 389 467 et
411 396 569 465 meretur
592 393 729 465 aboleri
751 410 932 485 peccatum
953 412 989 469 et
1012 420 1110 466 mor·
1261 398 1332 471 Sed
1363 394 1450 468 baec
1486 396 1651 486 cogitatio
1683 397 1729 468 de
1761 396 1870 469 modo
1914 416 2073 489 cognosci

118 526 207 579 tem.
258 503 312 576 Ae
335 500 481 591 insuper
506 520 569 587 ego
594 500 641 567 do
663 499 837 569 iusticiam
859 514 895 570 et
917 500 1026 571 vitam
1051 522 1112 570 ue·
1164 502 1297 586 Deum,
1322 515 1356 571 et
1371 497 1457 570 hacc
1473 500 1648 591 cupiditas
1665 523 1706 568 ex
1722 494 1883 570 tenebris
1896 495 2063 570 humani·

124 604 275 680 ternam.
1019 634 1022 640 ·
1161 607 1216 676 dis
1232 605 1418 687 oriuntur,
1436 608 1530 695 quod
1548 625 1621 670 nou
1637 601 1713 671 vult
1722 603 1841 672 Deum
1857 603 1896 671 iu
1914 605 2073 693 verbus!

227 704 274 779 Et
290 703 418 798 repetit
443 702 590 770 eandem
614 702 843 772 sententiam:
877 700 990 773 Nemo
1012 702 1112 772 veuit
1162 731 1275 788 scere,
1307 705 1399 774 sicut
1422 706 1556 795 seipse
1578 704 1762 792 patefecit,
1794 706 1855 774 sed
1879 701 2071 796 quaer-iti)

126 815 168 884 sd
192 825 345 904 patrem,
381 804 449 874 nisi
476 827 536 893 per
557 828 626 873 me.
683 802 779 872 Haec
801 807 973 874 sententia
997 828 1111 895 oppo-
1163 806 1669 901 propriisimaginationibus,
1702 807 1802 875 unde
1825 806 1986 876 inbuitae
2008 807 2073 897 opi

128 918 245 984 nenda
265 925 315 980 est
329 907 499 978 omnibus
515 907 676 973 omnium
694 907 850 995 gentium
869 909 1113 998 religionibus,
1164 934 1227 979 nes
1242 921 1276 979 et
1290 908 1421 978 infiniti
1436 910 1551 978 cultus
1567 909 1606 976 in
1623 909 1759 976 mundo
1774 930 1912 998 semper
1926 911 2041 980 exorti
2058 930 2073 978 s

128 1025 321 1110 quaesunt
341 1024 437 1080 extra
459 1006 710 1096 Evangelium,
737 1032 810 1077 non
824 1006 1008 1094 Eleusini,
1036 1031 1112 1078 non
1164 1037 1230 1081 nec
1259 1010 1463 1100 intelligunt
1492 1006 1668 1081 humanae
1702 1023 1838 1081 mentes
1870 1027 2050 1108 quantum

130 1112 389 1196 Mahometica,
428 1134 502 1179 non
540 1109 681 1177 ludaica
716 1111 841 1199 religio
873 1111 1038 1202 perducit
1067 1114 1111 1178 ad
1165 1113 1374 1186 malumsit.

129 1221 259 1289 Deum.
312 1216 389 1284 lmo
415 1237 478 1282 nec
502 1212 538 1279 in
564 1208 738 1296 Ecclesia,
770 1236 859 1306 qtrae
883 1215 933 1283 sic
957 1227 1115 1297 vocatur,
1269 1215 1337 1286 Sed
1353 1235 1419 1282 nos
1434 1213 1471 1281 in
1489 1206 1647 1283 Ecclesia
1662 1213 1837 1283 admoniti
1858 1213 2073 1298 discamus«

131 1319 293 1413 perducit
316 1319 361 1386 ad
386 1313 499 1384 Deum
520 1315 616 1382 rrllus
639 1315 755 1384 cultus
777 1317 1011 1398 monasticus,
1040 1338 1114 1383 non
1166 1319 1273 1386 modo
1305 1317 1390 1407 velit
1419 1316 1543 1408 quaeri
1574 1329 1608 1385 et
1638 1317 1778 1403 agnosci
1802 1314 1916 1401 Deus,
1949 1321 2073 1409 quod:

130 1425 203 1493 ulla
236 1417 389 1489 bumana
413 1438 541 1508 opera,
586 1417 736 1485 extincta
766 1440 848 1487 vera
875 1419 1055 1506 agnitione
1080 1430 1115 1486 et
1165 1442 1288 1510 saepe,
1321 1421 1381 1487 sed
1403 1418 1589 1506 praecipue
1611 1419 1767 1488 traditur
1787 1419 1827 1487 in
1849 1413 1917 1487 boe
1939 1421 2018 1508 ipso
2041 1420 2073 1488 di

130 1517 418 1594 fiduciaClrristi.
470 1516 741 1586 Meminerimus
765 1541 846 1607 ergo
872 1517 941 1589 huc
968 1518 1115 1600 dictum,
1167 1522 1240 1610 Qui
1265 1523 1360 1590 videt
1385 1543 1459 1603 me,
1492 1522 1589 1590 videt
1612 1535 1768 1609 patrem,
1800 1530 1835 1588 et
1860 1518 1896 1590 1.
1915 1517 2070 1592 Corinth

131 1645 301 1718 tanquam
341 1620 538 1713 principale
578 1621 818 1688 testimonium
860 1623 1113 1719 opponendum
1168 1624 1359 1716 Postquam
1384 1624 1638 1690 mundus-uon
1663 1622 1765 1690 novit
1782 1620 1898 1692 Deum
1920 1623 1960 1689 in
1982 1624 2073 1712 sapie

131 1727 299 1797 omnibus
313 1722 546 1811 religionibus
563 1735 657 1789 extra
675 1719 927 1811 Evangelium,
955 1725 1037 1792 item
1058 1744 1116 1790 er-
1169 1724 1234 1794 Dei
1266 1748 1329 1816 per
1351 1724 1578 1811 sapientiam,
1614 1723 1749 1815 placuit
1770 1721 1848 1792 Deo
1863 1740 1940 1813 ¹‘per
1967 1726 2067 1794 stulti

132 1829 275 1897 roribus
306 1825 345 1892 in
366 1822 542 1904 Ecclesia,
573 1823 635 1914 qni
658 1825 857 1896 docuerunt
879 1827 1045 1894 accedere
1070 1825 1125 1890 ad..
1169 1825 1444 1925 praedicationis
1485 1826 1601 1893 salvos
1640 1826 1755 1894 iacere
1788 1828 1993 1909 credentes,
2035 1840 2070 1898 ct

133 1929 249 2000 Deum
271 1950 335 2017 per
356 1926 472 1995 cultus
497 1927 729 2009 monasticos,
771 1951 833 2016 per
853 1927 1116 1997 invocationem
1169 1928 1276 2002 Rom.
1295 1927 1369 1999 tu:
1397 1925 1450 1995 Ne
1466 1927 1596 1996 dixeris
1618 1925 1656 1996 in
1674 1929 1779 1995 corde
1804 1939 1884 1996 tuot
1919 1926 2013 2015 Quis
2035 1950 2073 1999 as

132 2048 377 2118 mortuorum,
415 2049 478 2116 per
501 2025 629 2093 Missas
672 2041 706 2096 et
729 2029 798 2096 alia
820 2053 945 2121 opera,
978 2032 1038 2099 scd
1065 2042 1117 2096 tc·
1170 2034 1229 2100 det
1252 2029 1457 2098 incoelumr
1490 2031 1551 2097 sed
1569 2050 1678 2118 prope
1699 2042 1752 2111 est
1775 2030 1921 2097 verbum
1945 2028 1982 2096 in
2010 2052 2073 2100 ore

134 2148 261 2203 nentur
289 2130 393 2201 etiam
417 2128 624 2195 affirmativa
649 2132 821 2199 sententia
845 2147 940 2200 certo
962 2131 1116 2220 recipis
1169 2134 1261 2203 etin
1284 2134 1486 2200 cordetuo.
1537 2130 1596 2198 Ad
1621 2128 1726 2202 Rom.
1759 2131 1806 2198 l.:
1849 2125 2073 2220 Evangeliun

134 2235 230 2316 Deo,
255 2244 291 2301 et
307 2244 403 2299 certo
419 2229 577 2297 exaudiri
603 2233 804 2301 accedentes
826 2235 869 2301 ad
886 2230 1001 2303 Deum
1024 2232 1115 2300 fidu·
1172 2236 1326 2325 potentia
1356 2233 1423 2301 Dei
1456 2233 1502 2300 ad
1534 2232 1682 2300 salutem
1709 2232 1807 2299 omni
1830 2233 2002 2307 credenti.
2061 2231 2073 2303 l

134 2339 188 2407 cia
209 2329 361 2415 Christi,
401 2331 491 2399 sicut
520 2332 564 2397 ad
589 2329 771 2402 Romanos
793 2329 829 2403 5.
860 2337 1008 2405 dicitur:
1051 2331 1119 2401 Per
1172 2341 1264 2405 dicta
1281 2349 1315 2405 et
1331 2334 1460 2402 similia
1479 2336 1618 2401 assidue
1644 2333 1854 2422 cogitemus,
1886 2347 1936 2403 est
1961 2336 2059 2404 enim

134 2431 617 2507 ltuncbabemusaccessum
642 2434 679 2498 in
703 2437 852 2521 gratiam
876 2432 978 2505 hanc.
1032 2438 1118 2504 ltem
1172 2439 1305 2526 gularis
1334 2437 1507 2526 sapientia
1532 2431 1727 2517 Ecclesiae,
1759 2458 1833 2503 nou
1864 2436 1966 2505 aliter
1990 2462 2073 2529 quat

136 2538 236 2610 toan.
254 2535 331 2607 16.:
364 2533 543 2625 Quicquid
562 2536 732 2623 petieritis
754 2550 888 2628 patrem
913 2538 952 2605 in
975 2537 1119 2605 nomine
1173 2540 1308 2620 Deum,
1336 2537 1403 2605 nisi
1423 2539 1647 2626 perverbum
1664 2549 1696 2605 ct
1713 2536 1911 2605 testimonia
1929 2540 1973 2606 ab
1991 2540 2070 2628 ipso

135 2662 236 2719 meu,
262 2635 490 2706 dabit'vobis.
533 2632 698 2726 Denique
715 2661 851 2728 semper
867 2642 905 2707 in
921 2640 1021 2708 omni
1037 2639 1120 2721 vita,
1173 2645 1265 2724 dita,
1292 2663 1356 2708 nec
1375 2639 1483 2707 aliurn
1501 2638 1614 2708 Deum
1636 2639 1791 2731 alloqui,
1818 2638 1887 2706 nisi
1910 2632 2073 2732 hstrrcip:

137 2743 176 2810 in
193 2740 291 2810 omni
308 2740 463 2820 actione,
498 2737 590 2804 etin
614 2741 712 2806 omni
737 2740 978 2824 invocatione,
1013 2740 1119 2809 sitin
1173 2745 1234 2839 qui
1253 2765 1289 2810 se
1303 2743 1410 2809 misso
1435 2740 1529 2823 filio,
1562 2753 1595 2807 et
1618 2742 1701 2808 dato
1723 2736 1919 2828 Evangelio
1940 2765 2025 2828 suo,
2058 2757 2073 2813 t

135 2855 325 2930 conspectu
360 2835 445 2907 haec
476 2839 669 2920 sententia,
712 2844 898 2912 continens
932 2845 1120 2913 salutarem
1172 2845 1275 2913 certis
1291 2842 1503 2913 testimoniis
1520 2842 1695 2931 patefecit.'
1719 2842 1825 2911 Hanc
1840 2844 2073 2936 doctrinamp

137 2943 336 3014 doctrinam
362 2955 396 3009 et
416 2939 712 3011 consulationem:
740 2944 853 3015 Nemo
873 2947 971 3014 venit
990 2947 1034 3013 ad
1058 2968 1121 3032 pa·
1173 2949 1275 3037 cipue
1294 2945 1405 3014 tradit
1419 2939 1584 3013 Christus
1599 2943 1638 3011 in
1653 2942 1720 3013 boc
1734 2943 1845 3013 dictu:
1873 2942 1946 3032 Qui
1970 2947 2068 3018 videt

138 3061 245 3127 trem,
273 3042 341 3111 nisi
357 3065 419 3132 per
435 3058 502 3112 tue.
554 3041 627 3111 Nec
650 3045 798 3114 obscura
825 3061 877 3118 est
898 3046 1123 3115 mediocriter
1173 3050 1269 3119 videt
1284 3061 1429 3140 patrem.

137 3146 350 3234 intelligenti
367 3142 563 3210 doctrinam
579 3145 623 3212 de
645 3145 733 3229 lide,
764 3173 831 3241 qua
854 3164 999 3240 propter
1015 3143 1123 3218 Chri·
1755 3211 1762 3225 ,

137 3265 230 3319 stum
246 3245 464 3317 reconciliati
478 3260 511 3316 et
526 3245 609 3316 iusti
624 3270 755 3319 sumus.
1362 3207 1490 3283 Tam
1506 3220 1661 3307 umpm
1679 3211 1859 3284 ⁹⁰b²⁸⁶¹¹m
1873 3238 1968 3290 Μ’·

150 3384 152 3388 ·
482 3412 489 3429 .
894 3417 901 3435 ‚
1011 3414 1018 3432 ,
1279 3349 1403 3420 Miscet
1421 3350 1702 3438 obiurgationem
1720 3344 1900 3429 Christus,
1929 3346 2073 3444 quahot

221 3406 383 3484 osum
399 3411 506 3484 ’ΨΜ
523 3424 688 3510 Pammt
724 3425 755 3486 θ’
772 3413 914 3516 suffim
929 3415 1048 3489 ΝΜ·
1176 3475 1260 3542 gens
1274 3454 1406 3520 malum
1426 3465 1458 3519 et
1478 3466 1655 3539 peccatum
1673 3465 1784 3536 taxat,
1798 3454 1893 3544 quod
1911 3477 2035 3522 onrnes
2052 3481 2073 3548 q

160 3560 164 3569 '
238 3546 319 3620 Etsi
333 3545 419 3618 haec
442 3554 599 3642 quaestio
626 3554 768 3622 videtur
790 3556 1022 3644 incogitanter
1043 3576 1124 3644 pro·
1178 3556 1288 3622 rimus
1303 3553 1417 3624 Deum
1436 3555 1555 3634 aliter,
1589 3567 1622 3621 et
1646 3554 1839 3641 expetimus
1859 3554 1950 3622 'alias
1973 3556 2073 3626 illum

138 3651 242 3746 puni,
281 3666 316 3720 et
340 3652 447 3719 nimis
476 3675 636 3740 magnam
664 3670 698 3723 et
728 3656 932 3727 inusitatam
962 3680 1036 3727 rem
1064 3679 1125 3745 pe·
1179 3657 1291 3724 tiones
1324 3669 1358 3723 ct
1391 3655 1643 3736 revelationes,
1681 3657 1808 3722 omissa
1842 3679 1929 3723 voce
1961 3652 2073 3748 Evam

137 3773 230 3840 tere,
256 3769 371 3824 tamen
389 3777 509 3821 revera
525 3755 572 3822 ita
589 3753 777 3825 bominum
794 3760 994 3849 sapientum
1015 3757 1124 3825 aninri
1178 3759 1268 3826 sicut
1286 3752 1450 3840 Etbnici',
1476 3751 1764 3836 Mahometistae,
1780 3751 2073 3844 Enthusiastae,t

137 3861 183 3927 ab
197 3857 300 3926 initio
317 3855 439 3922 mundi
462 3879 571 3946 usque
593 3863 636 3926 ad
662 3863 766 3927 linem
789 3861 1052 3953 expetiverunt,
1086 3873 1120 3928 et
1179 3861 1366 3950 baptistae,
1393 3858 1741 3926 disceduntaverbo
1757 3858 1843 3941 Dei,
1875 3873 1906 3927 et
1931 3860 2069 3950 fingunt

138 3972 305 4050 expetunt
334 3953 429 4024 huuc
453 3953 519 4024 Dei
549 3975 785 4047 conspectum.
844 3958 982 4032 Omnes
1010 3961 1117 4028 mira·
1178 3961 1365 4051 opiniones
1396 3959 1587 4049 peculiares
1615 3972 1710 4027 extra
1745 3962 1892 4026 verbum
1918 3961 2004 4046 Dei,
2044 3981 2073 4036 et

136 4084 220 4131 mur
233 4061 320 4151 quid
337 4060 381 4127 sit
397 4057 510 4144 Deus,
539 4061 653 4150 qualis
672 4062 717 4131 sit
733 4063 808 4131 eius
826 4078 971 4146 natura,
999 4062 1119 4155 qtralia
1178 4064 1325 4143 iactant,
1355 4075 1417 4129 aut
1440 4072 1621 4148 expectant
1645 4061 1840 4149 singulares
1867 4062 2073 4135 ittuminam

140 4164 288 4232 consilia
308 4163 348 4230 in
370 4162 644 4250 gubernatione,
677 4188 741 4252 cur
766 4179 898 4235 tantam
923 4165 1123 4234 multitudi-
1177 4165 1225 4234 At
1247 4160 1408 4234 Christus
1434 4157 1583 4232 retrahit
1606 4163 1749 4230 nosad
1770 4171 1879 4231 ‘suam
1908 4188 2073 4251 personas

139 4288 220 4331 nem
250 4261 435 4332 bominum
470 4266 583 4353 perire
614 4267 725 4348 sinat,
768 4281 929 4336 curtam
952 4267 1067 4334 varias
1091 4279 1123 4335 et
1176 4290 1279 4336 suum
1296 4265 1550 4353 Evangelium:
1578 4263 1659 4343 Me,
1686 4264 1823 4355 inquit,
1849 4265 1946 4333 misit
1970 4283 2071 4357 pater

140 4377 354 4433 monstrosas
376 4366 561 4453 opiniones
583 4370 626 4435 de
652 4366 716 4435 Dei
743 4369 889 4436 essentia
918 4382 952 4438 et
985 4371 1028 4434 de
1062 4395 1123 4436 va·
1177 4374 1220 4437 de
1235 4391 1270 4436 se
1287 4368 1507 4448 testificetur,
1534 4362 1630 4433 hunc
1645 4381 1800 4455 patrem,
1825 4366 1887 4456 qui
1904 4388 1960 4435 me
1981 4372 2073 4442 misit

139 4469 261 4536 rietatc
282 4466 441 4535 cultuum
465 4470 611 4556 grassari
636 4472 747 4553 sinat,
789 4470 849 4564 qui
876 4471 921 4540 sit
942 4468 1069 4539 cinicus
1090 4484 1125 4540 et
1177 4471 1214 4537 in
1233 4494 1288 4537 me
1302 4483 1371 4551 est,
1395 4470 1539 4550 invoca,
1565 4482 1599 4535 et
1615 4470 1657 4534 de
1673 4490 1730 4534 me
1751 4467 1864 4553 cogita
1889 4492 2073 4543 accessuru

27 4639 32 4654 ,
138 4590 243 4636 verus
267 4566 400 4651 cultus,
432 4592 495 4636 cur
509 4569 662 4640 Ecclesia
682 4570 746 4641 [lei
773 4573 810 4640 in
833 4570 898 4641 hac
922 4573 992 4657 vita
1016 4573 1123 4640 tantis
1178 4586 1331 4661 patrem,
1357 4570 1447 4639 sicut
1461 4582 1563 4637 autea
1578 4571 1669 4636 dixi:
1697 4567 1809 4636 Nemo
1825 4570 1921 4638 veuit
1944 4576 1989 4638 ad
2014 4589 2073 4664 pat

140 4670 320 4740 aerumnis
336 4672 491 4738 subiecta
507 4671 562 4742 sit.
617 4671 778 4766 Denique
796 4675 899 4767 quale
921 4676 1054 4742 bonurn
1078 4677 1123 4743 sit
1176 4674 1244 4741 nisi
1264 4698 1324 4762 per
1340 4696 1406 4750 me,
1424 4695 1463 4738 ac
1480 4694 1535 4737 me
1550 4671 1597 4738 ita
1615 4666 1895 4758 apprehendetis,
1913 4673 1942 4740 si
1956 4667 2073 4747 hocm

138 4776 372 4841 vitaaeterna
396 4784 428 4840 et
456 4777 674 4842 cousuetudo
697 4800 775 4843 cum
798 4775 885 4849 Deo.
946 4773 1041 4843 Haec
1065 4801 1122 4844 ar·
1175 4779 1344 4856 verbum,
1369 4772 1748 4862 quodtradidivobis‚
1773 4771 1942 4851 audietis,
1969 4780 2073 4874 ampl«

139 4878 225 4944 cana
241 4874 359 4942 omnia
379 4897 451 4942 erno
476 4876 637 4945 contuitu
660 4872 915 4966 comprehendi
940 4899 1040 4967 posse
1062 4902 1122 4946 co-
1175 4877 1284 4954 mini,
1316 4874 1481 4956 credetis,
1514 4873 1606 4943 sicut
1623 4875 1713 4941 infra
1729 4871 1876 4942 dicitur:
1910 4876 1950 4946 si
1974 4881 2058 4970 quis

138 4980 309 5067 gitamus,
342 4976 369 5042 si
389 4974 502 5042 Deum
531 5002 647 5045 coram
673 5001 906 5048 cerneremus.
965 4977 1069 5050 Certe
1092 4980 1121 5047 si
1174 4980 1221 5067 git
1239 5001 1315 5055 me,
1340 4997 1538 5043 sermonem
1555 4999 1672 5044 meum
1689 4974 1860 5058 servabit,
1892 4990 1927 5046 et
1945 4993 2073 5067 patera

138 5077 329 5148 astitissent
353 5071 421 5143 boc
444 5079 675 5166 interroganti
693 5077 888 5167 Apostolo,
920 5103 1045 5148 omnes
1066 5103 1121 5148 sa·
1173 5081 1295 5166 diliget
1311 5099 1409 5158 eum,
1435 5078 1526 5145 etad
1545 5102 1624 5146 eum
1641 5077 1843 5157 veniemus,
1876 5091 1912 5148 et
1935 5085 2073 5156 mansit

138 5183 273 5271 pientes
288 5179 431 5260 mundi,
465 5179 598 5261 Solon,
632 5180 811 5258 Socrates,
846 5181 964 5266 l'lato,
999 5186 1120 5250 Xeno·
1172 5185 1265 5270 apud
1284 5202 1363 5247 eum
1381 5178 1560 5249 faciemus.
1612 5175 1731 5248 Corda
1747 5202 1829 5248 vere
1843 5200 2073 5270 expavescant

138 5281 255 5370 plrou,
295 5281 422 5349 etalii
454 5283 605 5363 similes,
647 5304 768 5348 onmes
791 5277 882 5351 hanc
908 5283 1117 5374 petitionem
1172 5284 1244 5351 dita
1260 5305 1345 5348 voce
1359 5278 1422 5348 Dei
1439 5295 1606 5369 arguente
1620 5294 1819 5372 peccatum,
1850 5294 1885 5351 et
1910 5306 2073 5359 versere

137 5383 359 5468 laudassent,
383 5398 470 5450 etse
487 5381 581 5451 idem
597 5396 718 5473 petere
735 5383 912 5454 dixissent.
1167 5408 1207 5454 se
1223 5386 1267 5453 ab
1283 5379 1442 5474 hocipso
1460 5381 1536 5453 Deo
1552 5382 1735 5472 obiurgari
1749 5396 1784 5453 et
1807 5382 1977 5475 iudicari,
2010 5393 2073 5486 qui
