4522 5782
109 354 249 431 merito.
300 347 391 421 Nam
409 344 575 440 gloriatio
591 343 737 440 proprie
751 347 926 438 significat
939 341 1007 419 hoc
1024 345 1102 420 loco

111 457 274 535 fiduciam
293 451 411 523 meriti
429 475 491 523 seu
507 451 686 522 meritum.

215 619 279 695 Est
301 635 417 692 autem
437 615 497 690 hic
520 620 619 688 locus
643 620 779 709 egregia
799 619 1020 690 confirmatio
1035 644 1104 688 no·

116 744 208 801 strae
231 722 542 817 interpretationis.
594 718 699 792 Clare
722 722 817 790 enim
840 722 994 792 ostendit
1010 720 1106 792 Pan-

116 835 192 904 lum
206 826 276 900 hcc
290 827 406 919 ipsum
423 824 534 910 velle,
560 827 655 919 quod
670 847 736 893 nos
749 824 1044 915 interpretamur,
1071 836 1106 895 et

117 937 283 1003 docemus
305 922 560 997 monachorum
590 925 798 1016 opinionem
822 929 866 997 de
887 927 1013 997 merito
1037 927 1105 996 lal-

117 1058 192 1107 sam
208 1056 299 1117 esse,
321 1031 381 1125 qui
399 1031 537 1118 lingunt
549 1029 753 1119 contingere
766 1030 1011 1100 remissionem
1027 1054 1105 1119 pec-

120 1150 278 1208 catorum
300 1146 443 1225 propter
465 1132 609 1215 merita,
643 1155 718 1201 non
744 1134 871 1222 gratis,
905 1146 940 1204 et
963 1133 1108 1201 abolent

118 1212 201 1309 fidei
219 1235 439 1318 doctrinam,
465 1247 503 1302 ut
518 1258 596 1302 cum
612 1235 758 1303 docent:
787 1233 827 1306 Si
843 1234 1013 1305 contritio
1030 1236 1107 1303 lue-

120 1342 168 1412 rit
200 1335 377 1409 sufficiens
405 1336 601 1407 merebitur
632 1337 889 1412 remissionem.
954 1333 1003 1406 Et
1025 1337 1108 1431 quia

121 1462 306 1533 nunquam
332 1460 516 1529 possumus
539 1451 692 1508 statuere
714 1442 810 1537 qnod
844 1441 890 1510 sit
920 1440 1109 1522 sufficiens,

119 1544 245 1614 iubent
261 1541 424 1611 dubitare
439 1540 489 1608 sic
512 1540 641 1609 deinde
663 1540 803 1629 lingunt
826 1537 1008 1611 hominem
1032 1542 1108 1633 pla-

121 1671 199 1716 cere
215 1658 359 1736 propter
376 1642 618 1733 impletionem
633 1644 719 1732 legis
739 1659 803 1717 etc.

222 1809 319 1881 llaec
336 1821 388 1879 est
404 1830 540 1877 summa
558 1808 823 1897 imaginationis
840 1803 1110 1895 monachorum,

122 1938 230 2009 quam
253 1911 387 1983 Paulus
407 1925 526 2002 aperte
548 1913 713 1996 damnat,
748 1935 829 1981 curn
859 1911 924 1982 ait:
959 1908 1109 1982 Exclusa

122 2031 175 2087 est
197 2014 361 2107 gloriatio
385 2038 448 2103 per
464 2014 577 2101 legem
594 2013 697 2093 hdei,
723 2011 760 2081 id
785 2027 854 2098 est,
882 2014 1043 2084 doctrina
1066 2017 1110 2084 de

121 2119 190 2190 fide
211 2119 310 2187 docet
327 2116 433 2206 gratis
447 2115 572 2184 donari
588 2114 851 2200 remissionem,
876 2140 949 2185 non
965 2131 1112 2209 propter

122 2224 269 2303 merita,
295 2233 330 2291 et
345 2218 476 2307 pariter
491 2219 616 2287 donari
632 2218 859 2288 credentibus
881 2219 955 2288 sive
972 2217 1111 2290 ludaeis

122 2323 198 2395 sive
216 2304 416 2405 Gentibus,
442 2316 510 2389 hoc
526 2332 596 2400 est,
622 2320 667 2389 iis
683 2321 744 2413 qui
762 2345 834 2390 non
851 2315 984 2390 habent
1004 2346 1110 2413 opera

123 2424 223 2514 legis.
274 2420 372 2491 llaec
388 2423 615 2515 exaequatio,
641 2435 680 2491 ut
697 2446 799 2513 saepe
815 2423 884 2491 iam
900 2422 1111 2511 dictumest,

124 2539 232 2598 terret
246 2547 387 2597 securos
402 2538 436 2594 et
451 2523 656 2594 consolatur
673 2525 830 2616 pavidos.

224 2702 321 2777 illud
343 2704 449 2775 etiam
469 2704 731 2773 observandum
758 2720 836 2786 est,
870 2731 950 2777 cum
978 2705 1111 2779 Paulus

122 2831 267 2905 prorsus
284 2807 437 2878 excludit
455 2805 702 2897 gloriationem
723 2821 815 2905 certe
833 2810 937 2879 etiam
957 2806 1111 2882 detrahit

121 2910 317 2983 moralibus
331 2909 498 2998 operibns
512 2909 549 2976 in
566 2909 853 2980 reconciliatione
867 2913 1109 3000 conditionem

121 3012 252 3087 meriti.
317 3009 411 3103 Quia
435 3009 465 3080 si
489 3023 632 3102 propter
654 3011 802 3082 moralia
831 3039 937 3105 opera
966 3017 1111 3088 daretur

120 3112 302 3207 remissio,
327 3114 398 3182 iam
421 3128 508 3183 esset
525 3113 708 3203 gloriatio,
735 3129 825 3187 esset
839 3117 984 3211 aliquod
1003 3121 1109 3188 meri-

121 3232 197 3290 tum
228 3214 447 3287 remissionis
474 3230 709 3307 peccatorum.
778 3215 866 3288 ltem
899 3245 978 3289 cum
1003 3220 1108 3292 fidem

121 3319 272 3413 opponit
297 3330 440 3387 nostrae
465 3317 648 3405 dignitati,
675 3316 769 3390 tollit
792 3332 825 3391 et
846 3321 1111 3411 gloriationem,

121 3420 205 3495 satis
219 3432 366 3513 apparet
381 3420 476 3513 quod
498 3418 603 3489 fidem
626 3419 817 3512 intelligat,
844 3423 1008 3496 fiduciam
1030 3449 1111 3516 gra·

120 3520 231 3595 tuitae
254 3518 528 3591 misericordiae.

213 3704 1110 3810 Lexopernmsignificatdoctrinam,qnaereqnirit

84 3854 87 3860 -
121 3831 240 3902 opera,
263 3823 300 3880 et
315 3812 416 3878 docet
433 3803 598 3878 homines
614 3825 758 3903 propter
773 3837 879 3904 opera
894 3815 1007 3886 iustos
1024 3843 1108 3893 esse.

119 3908 276 3983 Econtra
302 3911 357 3979 lex
381 3910 464 3980 fidei
481 3910 653 4000 significat
671 3914 890 3996 doctrinam,
918 3943 1007 4012 quae
1024 3945 1109 3992 con·

53 4066 61 4072 -
121 4015 284 4084 cionatur
307 4014 351 4081 de
379 4011 467 4097 fide,
498 4014 536 4080 id
565 4028 634 4099 est,
672 4017 774 4087 docet
806 4013 967 4089 homines
998 4021 1110 4094 iustos

121 4139 195 4186 esse
218 4137 292 4185 non
317 4128 462 4205 propter
485 4117 665 4206 propriam
694 4117 924 4207 dignitatem,
958 4137 1016 4194 aut
1040 4126 1109 4195 im-

72 4200 75 4204 ’
120 4216 313 4308 pletionem
334 4216 435 4307 legis,
459 4229 521 4286 aut
536 4241 662 4306 opera,
688 4222 747 4288 sed
763 4221 892 4291 fiducia
909 4225 1110 4299 misericor-

120 4318 199 4390 diae
213 4318 407 4408 promissae
424 4331 568 4410 propter
581 4314 778 4392 Christum.
827 4322 917 4392 Nam
934 4327 1020 4398 fides
1036 4355 1109 4401 non

120 4420 292 4509 significat
306 4416 436 4509 Legem
460 4434 608 4490 naturae
629 4436 691 4495 aut
707 4419 942 4519 Decalogum,
971 4434 1108 4526 utqui.

120 4523 202 4591 dam
224 4521 314 4591 salso
339 4520 636 4614 interpretantur,
661 4527 722 4594 sed
744 4526 917 4615 significat
943 4530 1108 4605 fiduciam

118 4622 382 4693 misericordiae
402 4624 595 4715 promissae
614 4640 759 4718 propter
774 4624 976 4716 Christum,
1002 4660 1108 4728 quam

117 4725 267 4817 opponit
281 4720 415 4796 Paulus
430 4726 595 4817 dignitati
611 4743 762 4806 nostrae.
813 4729 893 4802 Hoc
917 4737 1013 4808 enim
1034 4739 1108 4809 ‹lis-

117 4839 236 4919 putat,
269 4851 316 4897 au
343 4827 526 4918 contingat
555 4832 796 4903 reconciliatio
822 4850 965 4927 propter
988 4856 1114 4943 nostra,

115 4951 239 5020 opera,
267 4952 315 4999 au
338 4953 423 5001 sero
449 4944 594 5022 propter
619 4927 799 5005 Christum
826 4961 888 5026 per
907 4941 1107 5013 misericor-

115 5030 211 5101 diam
225 5031 357 5121 gratis'?
383 5028 503 5122 Quare
516 5033 602 5103 fides
615 5058 687 5104 non
704 5037 879 5127 significat
902 5040 1014 5133 legem
1038 5045 1107 5116 ali·

115 5158 242 5226 quam,
265 5137 328 5204 sed
350 5130 457 5205 habet
477 5157 514 5203 se
535 5137 743 5208 correlative
756 5141 800 5208 ad
821 5144 1105 5239 promissionem,

114 5248 235 5404 estqqe
264 5235 393 5309 fiducia
425 5231 693 5330 apprehendens
725 5243 937 5334 promissam
966 5248 1106 5321 miseri·

117 5357 157 5405 co
202 5359 284 5408 sam.

679 166 1193 251 rummscutrra
1220 168 1596 253 EXEGBleA...
1780 242 1811 255 ..
1868 248 1874 259 .
1923 194 1968 257 :'.

2072 188 2150 269 695

1192 341 1434 423 Arbitrumur
1457 344 1576 448 igitur
1584 347 1667 450 fide
1690 351 1893 454 iustificari
1913 353 2122 459 hominem,

1399 450 1536 553 absque
1552 457 1721 557 operibus
1738 459 1832 559 legis
1846 477 1912 542 esc.
1959 526 1962 531 .

1250 598 1535 696 ,Epiphonemati
1560 611 1688 684 adiecit
1712 616 2000 707 conclusionem,
2026 620 2065 692 in
2083 648 2152 721 qna

1159 705 1315 776 breviter
1331 707 1455 796 repetit
1472 734 1646 783 summam
1664 717 1937 810 propositionis,
1965 739 1997 799 et
2023 723 2151 799 iterum

1159 809 1314 880 inculcat
1330 810 1565 900 exclusivum,
1589 830 1630 886 ut
1645 820 1816 890 sententia
1832 823 1876 894 sit
1893 825 2038 899 certior.
2091 826 2150 901 lu·

1160 910 1303 981 stificari
1329 911 1502 1002 significat
1523 920 1693 1014 consequi
1723 924 1969 997 remissionem
1990 947 2151 1023 peccato·

1159 1037 1240 1083 rum
1261 1028 1296 1083 et
1311 1016 1468 1105 reputari
1492 1017 1643 1107 iustum,
1669 1025 1706 1092 id
1728 1039 1799 1109 est,
1815 1043 2006 1120 'acceptum
2029 1036 2077 1121 ad
2099 1037 2149 1105 vi-

1160 1130 1231 1187 tam
1255 1131 1445 1188 aeternam.
1497 1116 1588 1190 Cum
1613 1119 1678 1195 hac
1703 1130 1941 1219 acceptatione
1961 1136 2152 1212 coniuncta

1160 1227 1214 1287 est
1235 1219 1379 1288 donatio
1395 1217 1551 1311 Spiritus
1573 1229 1697 1299 sancti.
1750 1228 1855 1300 Fides
1869 1234 2046 1326 significat
2061 1241 2150 1312 lidu-

1161 1319 1251 1389 ciam
1274 1321 1537 1395 misericordiae
1567 1347 1712 1422 propter
1732 1328 1915 1405 Christum
1946 1344 2150 1430 promissae.

1161 1420 1223 1491 Est
1238 1422 1347 1512 igitur
1360 1425 1548 1498 sententia:
1570 1428 1855 1506 Pronunciamus
1868 1433 2055 1513 hominem
2068 1469 2150 1517 coa·

1162 1525 1262 1617 sequi
1280 1526 1523 1598 remissionem
1541 1550 1776 1621 peccatorum,
1793 1553 1826 1610 et
1843 1545 2002 1634 reputari
2020 1548 2150 1621 iustum

1163 1650 1280 1696 coram
1296 1624 1390 1715 Deo,
1415 1647 1560 1721 propter
1575 1632 1757 1708 Christum
1776 1666 1837 1730 per
1859 1646 2149 1741 misericordiam,

1120 1750 1127 1766 ·
1162 1752 1237 1798 non
1261 1744 1405 1823 propter
1427 1733 1551 1824 legem.
1602 1735 1761 1847 Etxhanc
1784 1745 2068 1821 misericordiam
2084 1753 2150 1827 lide

1163 1832 1274 1924 accipi
1295 1848 1446 1925 oportet.

1265 1948 1378 2021 Porro
1404 1948 1496 2027 hanc
1520 1960 1729 2031 sententiam
1754 1966 1922 2038 mutilant
1945 1972 2150 2057 adversarii,

1162 2066 1198 2124 et
1237 2051 1519 2146 interpretantur
1560 2075 1699 2133 tantum
1745 2070 1884 2138 excludi
1923 2076 2150 2154 ceremonias.

1162 2153 1249 2225 Siue
1279 2157 1447 2247 operibus
1479 2161 1590 2250 legis,
1631 2166 1667 2235 id
1703 2183 1779 2254 est,
1819 2171 1897 2241 sine
1929 2180 2147 2253 ceremoniis.

1162 2253 1302 2326 Deinde
1331 2258 1471 2350 fingunt
1500 2257 1682 2337 bominem
1715 2275 1881 2367 consequi
1907 2279 2147 2353 remissionem

1163 2372 1408 2450 peccatorum,
1442 2378 1476 2434 et
1500 2372 1656 2457 reputari
1678 2373 1830 2461 iustum,
1867 2394 2016 2468 propter
2039 2406 2146 2455 mors

1163 2462 1211 2532 lia
1236 2484 1363 2555 opera,
1396 2488 1474 2550 sest,
1507 2486 1548 2539 ut
1569 2471 1786 2565 loquuntur,
1822 2494 1967 2573 propter
1992 2485 2160 2585 dilectiss·-

1162 2588 1265 2649 nem,
1292 2577 1326 2637 et
1348 2566 1554 2658 intelligunt
1579 2572 1683 2645 fidem
1708 2590 1847 2649 tantum
1872 2585 1917 2653 de
1941 2586 2076 2658 noticia
2097 2582 2168 2689 ht,

1163 2667 1304 2739 sturiae.
1374 2667 1424 2739 lta
1447 2675 1670 2750 transferunt
1700 2679 1912 2754 beneficium
1938 2682 2076 2763 Christi
2109 2688 2139 2761 iu

1162 2769 1342 2861 propriam
1359 2773 1580 2861 dignitatem.

1265 2886 1336 2958 Sed
1360 2886 1447 2962 haec
1468 2893 1713 2988 interpretatio
1736 2920 1866 2993 pugnat
1882 2933 1963 2978 cnm
1979 2912 2139 2987 sententis

1163 2988 1284 3062 Pauli:
1318 2989 1409 3061 Nam
1433 2992 1565 3070 Paulus
1586 3000 1742 3074 detrahit
1770 3009 1835 3076 toti
1862 3010 1931 3102 legi
1962 3008 2057 3109 hanc
2076 3016 2138 3106 glo·

1163 3092 1252 3162 riam
1275 3096 1414 3182 meriti,
1445 3120 1506 3169 seu
1527 3102 1805 3191 iustificationis,
1837 3113 1928 3182 sicut
1952 3131 2137 3190 constater

1163 3196 1406 3288 superioribus
1419 3201 1539 3272 dictis:
1563 3202 1611 3276 Ut
1627 3219 1721 3278 totus
1735 3215 1893 3284 mundus
1906 3215 1969 3287 fiat
1984 3243 2074 3307 reus,
2087 3234 2138 3297 ets.

1163 3296 1246 3367 Non
1262 3299 1513 3373 iustificabitur
1526 3304 1564 3373 in
1584 3325 1773 3402 conspectu
1796 3329 1858 3385 tuo
1879 3320 2000 3389 omnis
2023 3323 2138 3394 virens

1162 3396 1241 3469 Hae
1268 3405 1462 3473 sententiae
1491 3409 1682 3480 excludunt
1712 3437 1732 3483 a
1762 3440 1864 3489 causa
1893 3421 2137 3497 iustificationis

1163 3502 1269 3572 etiam
1285 3505 1444 3576 moralia.
1496 3506 1541 3577 Et
1556 3510 1658 3581 facile
1673 3507 1741 3585 hoc
1757 3517 1908 3610 intelligi
1924 3539 2053 3615 potest.
2105 3525 2136 3597 ls

1119 3658 1129 3674 .
1163 3628 1247 3674 vero
1275 3609 1466 3677 certamine
1496 3613 1710 3686 conscientia
1741 3643 1813 3690 non
1844 3639 1963 3716 potest
1992 3642 2136 3709 statuere.
2161 3636 2166 3661 ¹

1164 3709 1259 3800 qnod
1287 3722 1432 3798 propter
1452 3728 1590 3785 nostras
1622 3717 1773 3791 virtutes
1803 3739 1835 3795 et
1858 3727 2071 3817 dignitatem
2092 3755 2158 3803 re.

1163 3810 1349 3879 mittantur
1364 3813 1467 3880 nobis
1485 3829 1639 3903 peccata,
1666 3837 1726 3894 aut
1744 3825 1855 3920 simus
1868 3833 2015 3924 accepti.
2056 3830 2137 3926 nee·

1163 3914 1365 4001 quaerenda
1392 3928 1444 3984 est
1467 3917 1535 3984 alia
1570 3944 1672 3991 causa
1686 3975 1698 4008 ,
1734 3952 1844 4021 quare
1872 3933 1985 4004 simus
2010 3934 2139 4031 accepti,

1162 4013 1294 4082 scilicet
1311 4016 1484 4086 mediator
1499 4015 1673 4096 Christus.

1262 4128 1358 4204 Hinc
1374 4135 1477 4206 facile
1501 4139 1652 4232 intelligi
1676 4160 1812 4237 potest,
1838 4149 1992 4226 Paulum
2012 4158 2059 4229 de
2078 4172 2138 4233 tota

1163 4232 1240 4321 lege
1261 4237 1480 4322 concionari,
1507 4265 1581 4311 non
1604 4257 1742 4318 tantum
1759 4252 1803 4321 de
1820 4259 2044 4348 ceremoniis,
2063 4262 2140 4334 sien

1162 4337 1267 4404 etiam
1301 4338 1394 4407 inira
1425 4343 1584 4415 ostendit
1617 4350 1693 4420 eius
1724 4356 1973 4447 confirmatio,
2013 4358 2168 4465 detrahi,

1164 4438 1447 4512 iustificationem
1471 4447 1538 4519 toti
1558 4447 1638 4538 legi.
1691 4449 1737 4525 Et
1758 4459 1902 4549 quidem
1927 4463 2005 4556 ipse
2027 4468 2140 4558 allegat
2162 4472 2168 4557 ’ξ

1162 4539 1274 4629 legem
1299 4546 1488 4618 moralem=
1522 4546 1605 4619 Non
1629 4559 1873 4648 concupisces,
1897 4570 2015 4643 ne-sit
2038 4569 2140 4641 ambi·

1162 4663 1230 4729 gua
1245 4642 1450 4736 disputatio.
1502 4648 1589 4724 ltem
1604 4648 1765 4730 hocloco
1781 4660 1916 4757 inquit:
1941 4667 2141 4743 stabilimus

1161 4743 1285 4832 legem.
1337 4745 1459 4836 Quare
1480 4777 1621 4825 necesse
1641 4774 1693 4831 est
1708 4783 1785 4833 eam
1807 4765 1960 4861 intelligi
1980 4774 2027 4845 de
2044 4774 2142 4846 mori

1162 4846 1241 4920 bus.
1294 4845 1383 4918 ltem
1413 4877 1493 4922 cum
1519 4861 1733 4932 vocabulum
1757 4865 1839 4937 fidei
1861 4889 1956 4944 recte
1973 4874 2141 4969 intelliga-

1160 4959 1239 5031 tur,
1263 4950 1348 5020 satis
1364 4970 1510 5045 apparet
1528 4961 1594 5030 toti
1621 4963 1693 5052 legi·
1710 4967 1848 5040 detrahi
1864 4973 2141 5053 iustificationess

1158 5070 1222 5119 seu
1243 5055 1595 5145 reconciliationem,
1613 5069 1705 5158 -quia
1721 5071 1791 5140 fide
1812 5072 1999 5151 iustificari
2022 5097 2076 5154 est
2094 5082 2141 5153 iu·

1159 5165 1253 5223 stum
1277 5160 1453 5245 reputari,
1480 5162 1608 5234 fiducia
1633 5170 1895 5248 misericordiae
1912 5205 1988 5252 non
2010 5198 2144 5279 proptu

1160 5267 1316 5325 nostram
1332 5260 1553 5350 dignitatem.
1605 5266 1656 5340 lta
1675 5266 1762 5345 haec
1779 5277 1857 5369 ipsa·
1869 5281 2051 5374 formula,
2083 5288 2143 5359 nae

1158 5355 1408 5449 iustificamur,
1447 5368 1644 5460 opponitur
1677 5374 1964 5472 irnmaginatinni
1997 5389 2144 5475 illorum,
