4522 5782
110 204 213 279 ass·
506 208 590 282 xit.
640 206 1018 293 snauuaitota
1046 206 1229 287 asiano.
1252 162 1471 287 ioannis.
1522 204 1627 285 cau
1652 204 1753 297 aar.
2069 216 2149 297 sm

111 400 206 471 quae
226 376 350 463 iubent
373 379 520 472 precari.
570 378 661 453 Nam
685 407 785 454 mens
805 378 978 467 humana,
1001 407 1103 476 prae·
1152 380 1231 455 Hoc
1257 380 1373 471 ipsum
1403 379 1622 472 acquiescere
1650 394 1702 451 est
1731 402 1812 471 pars
1841 382 1962 471 garialli
1991 388 2138 460 aeterni,

112 479 234 550 sertim
254 480 373 551 saucia
394 480 574 571 agnitione
598 485 730 575 peccati
752 484 826 570 sui,
860 484 949 575 iugis
973 482 1101 574 Deum,
1152 484 1291 555 Deinde
1326 504 1406 549 cum
1445 496 1592 553 eventus
1624 486 1819 553 ostendunt
1852 485 2007 577 mitigari
2034 489 2139 579 mala,

113 604 178 651 nec
208 584 313 653 audet
342 584 435 667 bona
461 599 590 673 petere.
657 584 752 657 Huic
774 587 1003 680 trepidationi
1027 589 1100 678 pri·
1152 584 1427 676 magislaetatur
1443 608 1523 665 cor,
1547 598 1579 653 et
1596 585 1716 655 statuit
1734 608 1851 674 preces
1868 611 1950 657 vere
1965 592 2139 673 exatrdiri,

115 706 211 781 etiope
233 686 419 771 mandata,
446 687 576 757 deinde
591 689 862 777 promissiones,
887 703 921 759 et
938 690 1099 759 doctrina
1150 684 1267 759 Deum
1292 687 1412 755 adesse
1434 699 1467 754 et
1492 686 1664 776 respicere
1687 711 1762 758 nos.
1824 686 1875 757 lta
1902 692 2026 762 crescit
2050 714 2137 783 gau·

115 786 158 857 de
182 784 250 855 tae
272 802 512 879 opponantur.
573 788 697 859 Tertio
721 790 829 881 igitur
850 792 1099 883 promissiones
1150 792 1249 859 dium
1272 800 1454 857 aeternum
1479 788 1516 856 in
1538 791 1653 857 corde.
1704 785 1758 857 De
1781 784 1846 857 hoc
1862 792 1991 879 gaudio
2006 793 2138 865 dicitur

117 888 437 983 intuemur,‚quae
456 890 769 971 aibnnantDeum
792 916 872 965 vere
892 894 982 963 velle
1005 895 1097 963 bona
1149 895 1192 961 ad
1219 886 1350 979 Philip.
1366 890 1418 961 4.;
1445 888 1518 959 Pax
1540 888 1606 959 Dei
1629 914 1799 981 superans
1821 916 1964 961 omnem
1986 916 2138 979 sensum,

117 1003 252 1059 aelerna
280 1010 314 1060 ‘l
339 992 541 1083 mollientia.
559 994 678 1075 danu-¹
699 1054 703 1067 .
726 992 864 1083 Qsiarto
887 998 1099 1065 accendatur
1149 993 1325 1063 custodiat
1347 992 1452 1059 corda
1478 1004 1610 1078 vestra,
1637 1006 1670 1063 et
1691 994 1920 1081 cogitationes
1944 1008 2075 1067 vestras
2099 1000 2136 1069 in

116 1092 215 1175 isles,
248 1116 339 1185 qnae
368 1094 489 1177 statuit
521 1118 588 1165 nos
610 1082 753 1187 propiet·
775 1093 955 1169 Christum
988 1098 1098 1187 recipi
1149 1090 1411 1171 christotoco,
1438 1092 1569 1179 idest,
1598 1094 1729 1163 laetitia
1754 1097 1975 1187 acquiescens
1999 1098 2138 1183 inlleo,

118 1208 148 1262 ct
165 1194 343 1275 exatrdiri,
367 1195 456 1266 sicot
474 1190 680 1269 hic'diseete
696 1199 812 1277 addit:
840 1198 1019 1293 Quicquid
1036 1223 1097 1291 pe·
1149 1222 1238 1289 quae
1258 1196 1464 1264 accenditur
1487 1195 1573 1277 fide,
1600 1212 1631 1265 et
1656 1211 1704 1265 est
1727 1222 1806 1264 vera
1828 1200 2042 1283 consolatio,
2068 1226 2137 1295 qua

119 1296 238 1365 tieritis
260 1310 392 1386 patrem
416 1298 454 1367 in
471 1301 617 1367 nomine
635 1324 731 1384 meo,
757 1302 879 1385 idest,
905 1327 962 1375 nte
980 1302 1097 1373 uomi-
1149 1300 1304 1389 Spiritus
1334 1312 1473 1366 sanctus
1498 1298 1535 1364 in
1558 1298 1633 1393 ipsa
1657 1312 1768 1368 morte
1791 1322 1855 1367 nos
1878 1314 2069 1381 sustentat,
2104 1316 2137 1374 ct

118 1412 215 1487 nato,
249 1422 307 1467 ine
337 1416 574 1499 proponentes
607 1402 716 1492 patri,
751 1406 1095 1495 tanquuntplacato-
1148 1403 1256 1473 citam
1290 1398 1395 1469 uubis
1426 1402 1586 1489 praebet,
1628 1416 1659 1469 et
1691 1424 1795 1489 supra
1823 1416 1858 1471 et
1883 1416 1977 1472 extra
2005 1404 2136 1473 iudicia

117 1522 184 1569 rem
213 1513 248 1571 et
269 1500 557 1586 intercessorem,
588 1505 715 1573 idest:
747 1504 853 1575 Fides
878 1520 990 1577 uestra
1015 1524 1096 1583 sere
1146 1498 1303 1573 hermano
1325 1502 1434 1592 posita
1451 1516 1511 1569 est.
1563 1500 1678 1572 David
1698 1500 1786 1569 banc
1804 1505 2080 1573 consolationem
2098 1508 2136 1573 in

118 1612 265 1691 etpectet
298 1605 410 1683 bonu,
444 1620 479 1675 et
508 1605 643 1675 nitatur
671 1632 743 1677 non
774 1622 886 1677 vestra
913 1608 1096 1697 dignitate,
1147 1605 1251 1675 exilio
1281 1628 1344 1673 suo
1375 1603 1568 1695 experitur:
1613 1604 1820 1695 Pompeius,
1857 1621 1916 1676 urit
1945 1605 2031 1677 Saul
2062 1632 2135 1677 uon

116 1726 182 1771 non
198 1704 283 1773 ullis
298 1706 378 1775 aliis
392 1706 694 1792 intercessoribus,
721 1713 780 1780 sed
798 1711 933 1781 nitatur
948 1736 1002 1778 ure
1013 1734 1095 1799 pro·
1147 1708 1335 1797 experitur.

115 1804 295 1895 piciatore,
320 1821 353 1876 et
378 1808 520 1899 quidem
549 1811 758 1881 nominatim
784 1812 831 1881 ita
851 1812 971 1901 petite:
999 1809 1095 1880 Dens

114 1920 258 1991 aeterne,
281 1908 531 1997 patchomini
549 1913 660 1982 nostri
675 1912 749 1982 lesu
758 1910 904 1995 Cbristi,
930 1914 1095 1981 miserere

114 2011 240 2088 nostri,
274 2012 418 2095 extremi,
443 2027 476 2083 et
498 2013 579 2082 iuva
603 2038 667 2083 nos
691 2032 836 2105 propter
858 2016 971 2083 lilium
995 2031 1093 2085 tritam

111 2106 303 2181 Dominum
328 2130 488 2183 nostruin
512 2114 625 2184 lessam
651 2112 853 2199 (sbristum,
880 2142 984 2209 quem
1007 2142 1093 2185 coit·
1248 2112 1538 2185 rlrrtitbesisest?
1572 2112 2134 2183 Hactenusaitsoobscurassen-

111 2213 247 2283 stituisti
276 2216 565 2305 propiciatorem,
590 2232 629 2287 ut
652 2242 753 2309 saepe
767 2220 851 2287 alibi
871 2219 1018 2287 latrinam
1039 2244 1095 2287 rc·
1147 2216 1292 2295 tentius,
1317 2240 1377 2285 seu
1398 2218 1599 2307 proverbia,
1625 2232 1663 2285 ut
1681 2229 1793 2285 teatin
1813 2216 1947 2307 inquil,
1977 2218 2132 2285 locutum

110 2314 236 2383 censui.
290 2314 428 2403 Quinto
453 2322 723 2399 recenseatur-‚in
743 2320 942 2413 precatione
960 2345 1014 2387 res
1035 2345 1094 2410 pe-
1146 2343 1228 2387 esse.
1274 2318 1397 2387 Postea
1422 2320 1553 2411 inquit:
1587 2318 1666 2387 Non
1692 2316 1817 2409 loquar
1841 2320 2044 2406 proverbia,
2071 2321 2131 2385 sed

66 2490 68 2496 ,
109 2418 232 2497 tenda,
261 2418 344 2509 quia
368 2422 521 2509 precatio
545 2416 637 2491 nihil
656 2439 796 2512 petens,
820 2438 970 2493 autnon
989 2446 1095 2511 agens
1146 2422 1261 2512 palam
1285 2422 1706 2513 depatceanunnciabo.
1763 2418 1818 2489 An
1844 2440 1957 2487 serino
1974 2422 2134 2509 superior

66 2523 68 2565 l
108 2519 230 2605 gratias
269 2544 333 2611 pro
370 2516 571 2603 beneficiis,
613 2540 664 2621 est
700 2524 828 2613 frigida
858 2520 1094 2621 ταυτολογία.
1146 2525 1404 2605 estobscurus,
1438 2524 1642 2611 ambiguus,
1673 2520 1851 2591 incertus?
1902 2518 2131 2609 Respondeo:

106 2616 201 2691 Haec
226 2620 382 2691 breviler
400 2622 579 2713 percurri,
606 2626 689 2717 quia
705 2628 790 2697 alibi
807 2625 983 2719 copiosius
1000 2630 1093 2696 dicta
1146 2622 1193 2695 Et
1223 2620 1308 2693 ltaec
1339 2626 1461 2693 eusicio
1487 2651 1592 2717 quam
1619 2622 1787 2691 imotenus
1811 2618 1936 2689 balruit
1961 2618 2134 2705 (ibristus,

107 2738 195 2794 sterit.
248 2720 320 2795 Sed
336 2749 399 2794 cuc
414 2726 498 2799 dicit
516 2722 694 2797 hocloco:
1146 2742 1180 2795 et
1200 2742 1270 2797 toto
1288 2750 1424 2795 summa
1442 2729 1622 2797 doctrinae
1636 2726 1819 2813 Evangelii
1839 2738 1929 2791 certa
1950 2740 1978 2791 ct
1999 2726 2134 2813 perspi-

1146 2830 1220 2897 cuis
1237 2829 1353 2897 verbis
1371 2829 1500 2897 tradita
1517 2844 1579 2902 est.
1637 2826 1717 2896 Nou
1735 2843 1781 2894 est
1803 2826 1910 2913 igitur
1925 2828 2132 2909 obscuritas,

107 2924 293 2999 Hactenus
310 2954 383 3000 non
395 2929 555 3029 petiistis
572 2931 768 3031 qericqnune
786 2932 825 3003 in
841 2932 987 3005 noneine
1004 2956 1093 3005 meo.
1146 2933 1242 3023 quud
1265 2932 1307 2999 ad
1336 2931 1446 3021 ipsam
1471 2931 1677 2999 concionem
1696 2928 1838 3005 attinet,
1863 2930 1921 2993 sed
1939 2942 1989 2996 est
2007 2930 2135 2995 obscu-

66 3034 68 3049 '
1147 3035 1248 3111 ritas,
1282 3036 1377 3124 (painel
1400 3034 1442 3100 ad
1467 3034 1578 3123 ipsam
1601 3030 1805 3099 concionem
1830 3028 1972 3112 attinet,
1999 3032 2059 3097 sed
2084 3044 2134 3098 est

1145 3136 1360 3214 obscuritas,
1395 3138 1489 3224 quod
1514 3137 1557 3203 acl
1587 3148 1718 3201 mentes
1743 3128 1858 3199 aelbeic
1882 3126 2078 3199 hebetiores
2101 3144 2134 3200 el

1146 3239 1334 3325 caligantes
1350 3238 1492 3320 attinet,
1518 3250 1558 3307 ut
1573 3236 1634 3307 Sol
1653 3258 1714 3325 per
1729 3257 1801 3301 sese
1818 3230 2056 3301 lucidissimus
2073 3247 2136 3311 est,

1145 3344 1205 3408 sed
1222 3338 1312 3407 acies
1326 3352 1527 3411 nostrorum
1543 3340 1726 3407 ocellorum
1743 3334 1917 3404 infirmior
1933 3349 2000 3413 est,
2028 3360 2133 3425 quarn

1146 3455 1185 3511 ut
1217 3442 1388 3527 fulgorem
1419 3455 1555 3509 tartttrm
1587 3439 1747 3509 cositneri
1777 3436 1895 3528 possit.
1972 3431 2135 3505 Christus

1146 3544 1373 3612 cesriciouatus
1388 3557 1439 3613 est
1454 3547 1497 3611 de
1514 3542 1710 3609 ministerio
1722 3537 1924 3627 Evangelii,
1951 3542 1994 3605 de
2011 3540 2134 3606 remis-

1146 3648 1245 3713 sione
1268 3659 1509 3735 peccatorum,
1534 3646 1577 3713 cle
1595 3644 1745 3711 efficacia
1763 3640 1916 3731 Spiritus
1932 3643 2063 3721 sancti,
2090 3646 2134 3706 de

1146 3748 1346 3816 incoatioue
1368 3748 1458 3815 vitae
1474 3762 1655 3828 aeternae,
1683 3749 1726 3813 de
1744 3768 1862 3819 crtrce,
1891 3744 2037 3823 deiide,
2064 3767 2133 3833 qua

1145 3848 1368 3920 sustentandi
1390 3862 1472 3919 stitit
1497 3848 1629 3929 aninii,
1657 3846 1815 3917 destituti
1841 3844 2134 3935 oratinibus-prae·

1201 1874 1313 1947 Venit
1351 1872 1467 1963 horo,
1508 1900 1586 1947 cum
1625 1900 1698 1945 non
1735 1874 1899 1971 orsipls'ns
1931 1874 2067 1975 loqutus
2095 1877 2135 1946 in
2176 1936 2179 1941 .

1247 1976 1456 2075 parobolis.

66 3101 71 3191 l
203 3092 438 3189 Respondes,
464 3096 524 3170 hic
546 3102 637 3170 tradi
657 3127 732 3173 rem
751 3102 1014 3191 gravissimam,
1040 3104 1094 3171 vi-

66 3196 69 3317 q
108 3196 230 3267 delicet
254 3200 445 3269 discrimen
464 3204 615 3273 fiduciae
639 3206 808 3287 carnalis,
834 3218 867 3274 et
883 3229 985 3273 verae
1001 3206 1094 3289 bilei,

108 3295 252 3369 lucentis
283 3301 322 3369 in
352 3306 458 3373 corde
482 3306 648 3375 destituto
674 3308 875 3376 carnalibus
900 3308 1094 3398 praesidiis.

108 3392 284 3471 Hactenus
302 3404 436 3497 inquit,
463 3407 544 3476 estis
563 3408 684 3479 conlisi
702 3410 896 3501 praeseutia
915 3434 990 3477 nica
1009 3410 1094 3478 eisi-

108 3502 185 3593 bili,
215 3518 254 3573 ut
277 3506 406 3576 milites
419 3505 567 3578 Danielis
588 3512 811 3579 conlidcbant
830 3510 935 3580 buius
954 3513 1007 3580 sui
1027 3518 1095 3580 du·

106 3604 150 3671 cis
176 3610 393 3697 praesentia:
429 3607 618 3701 Propterea
650 3608 740 3680 nibil
773 3614 920 3704 petiistis
953 3614 990 3681 in
1016 3636 1093 3681 meo

106 3710 270 3791 nomine,
303 3710 338 3779 id
368 3726 436 3794 est,
467 3712 535 3781 fide
560 3738 641 3782 vera
663 3716 849 3783 invocante
872 3712 985 3783 Deum
1010 3738 1093 3803 pro-

105 3821 178 3921 pter
207 3834 266 3929 spe
290 3813 579 3903 propiciatorem,
613 3818 671 3884 sed
696 3819 860 3907 deinceps
884 3819 1094 3886 accendetur

105 3934 140 3976 ¹¹¹
154 3914 255 3981 νοω
272 3907 358 3983 Μθθ
373 3914 435 3985 ¹¹¹¹
448 3940 551 3985 vim
566 3917 647 3986 fid⁸¹
664 3934 862 3987 ¹¹¹V⁰⁰³¹¹¹¹⁵
878 3935 1021 4010 ΡΥΟΡῑεπ
1037 3942 1092 3987 me
1145 3952 1242 4021 sidiis
1267 3946 1444 4023 humanis.
1496 3948 1593 4019 Haec
1617 3950 1722 4019 stultis
1745 3949 1812 4015 iam
1837 3946 2033 4032 legentibus
2049 3968 2134 4009 cori-

106 4028 408 4135 Pf⁰P¹²¹⁰¹⁰fim2
447 4014 511 4087 Est
537 4041 618 4137 ⁰¹3?
642 4015 818 4139 imph³⁵¹⁵
840 4046 878 4088 ¹¹¹
901 4016 1093 4140 l,'‚³⁰‚³dd¹‘
1144 4056 1300 4137 cionem,
1325 4053 1444 4122 omitia
1471 4053 1653 4142 perspicua
1674 4065 1767 4121 sarrit,
1820 4046 1868 4115 alt
1885 4045 2047 4133 Apostoli
2069 4038 2133 4113 lia·

107 4126 217 4185 ”⁰⁰⁸²
246 4112 287 4184 ¹¹¹
310 4142 455 4215 ”imme
476 4144 577 4239 Μεθ’,
600 4123 634 4239 {¹¹
658 4135 726 4203 Μ’
751 4146 824 4240 ¹¹9⁰
848 4136 996 4214 P‘u'⁵¹¹8
1014 4124 1093 4206 Μὴ
1144 4158 1275 4226 bcbarn
1301 4168 1485 4243 occupatas
1508 4168 1641 4221 mentes
1665 4151 1888 4239 persuasione
1910 4151 1953 4213 de
1981 4147 2132 4236 imperio

108 4240 191 4351 ‘l-uae
217 4242 275 4335 me
304 4222 447 4317 “bieme
477 4236 747 4342 Fmfflmff‘f‘f‘f'
779 4238 995 4343 ¹¹¹¹¹¹²f⁰¹¹¹fj
1032 4227 1090 4292 ⁸⁰‘l
1145 4258 1346 4335 mundano,
1374 4280 1463 4349 quae
1484 4256 1585 4323 valde
1603 4253 1815 4342 impediebat
1836 4248 2051 4317 intellectum
2070 4244 2132 4317 ln-

111 4318 232 4481 partiali
251 4345 348 4439 more
366 4322 586 4444 conlisisstrs
604 4328 735 4394 vtstbtlt
753 4327 1010 4396 defensionem
1028 4321 1092 4395 ltac
1144 4386 1223 4432 rum
1250 4357 1483 4440 concionum,
1517 4360 1576 4424 sed
1604 4370 1719 4445 poste„
1741 4356 1822 4421 ,1310
1841 4350 1977 4440 Spiritu
2003 4366 2133 4429 sancto,

125 4424 266 4491 ‘'mhi''
283 4426 553 4496 ⁰⁰⁰⁸¹¹⁸ffldfflffi
1145 4476 1367 4535 evarurerunt
1391 4461 1451 4528 illa
1475 4460 1591 4527 dulcia
1615 4455 1750 4525 somnia
1773 4456 1815 4521 de
1834 4453 1991 4541 imperio.
2050 4450 2132 4520 ldeo

66 4569 77 4733 i
154 4600 266 4678 Iba'sa
292 4620 325 4680 el
353 4610 558 4709 accipietis,
595 4624 633 4683 nl
657 4610 840 4709 gandium
867 4624 1020 4685 cestrum
1042 4615 1091 4685 sil
1143 4556 2033 4758 ἓξ]ἀειέἑξιῖῃξοζξέιῗᾷδὲἒὸἓῑδῐᾚῖοΐἱειεωωω’”
2050 4577 2132 4623 ‘⁵⁸⁹'

201 4710 362 4803 plenum.

1279 4830 1329 4903 In
1355 4828 1427 4903 illa
1452 4828 1509 4901 die
1530 4830 1657 4927 petetis
1680 4828 1718 4898 in
1743 4826 1889 4897 nomine
1912 4851 1999 4899 necti.

66 4830 79 4975 i
149 4961 155 4974 ·
202 4863 347 4957 Repetit
377 4868 583 4940 mandatnm
609 4872 892 4963 deprecatione,
927 4887 964 4943 ut
988 4897 1090 4962 saepe

72 4996 78 5009 ·
125 4958 208 5077 alias,
253 4984 288 5041 et
322 4972 422 5041 addit
459 4975 742 5063 promissionem.
823 4974 927 5044 Tunc
956 4976 1090 5068 inquit:
1246 4970 1350 5041 Prius
1370 4970 1568 5040 membrum
1596 4968 1818 5058 perspicinnu
1844 4978 1910 5031 est:
1944 4960 2132 5029 luilladic

73 5092 76 5103 ·
125 5056 287 5135 borealium
319 5076 474 5144 vestrum
505 5076 570 5145 erit
603 5077 815 5167 perfectum,
850 5078 884 5143 id
915 5092 982 5156 est,
1017 5102 1092 5145 stou
1143 5076 1182 5145 in
1205 5075 1351 5143 nomine
1372 5098 1449 5143 nico
1475 5070 1618 5161 petetis,
1646 5071 1765 5137 idest:
1793 5065 1970 5134 llactenus
1987 5064 2130 5155 quidem

72 5196 75 5221 ¹
125 5152 382 5254 hypocriticam,
407 5178 719 5254 nonsimulatum‚
746 5180 964 5259 sedi-erum,
990 5202 1091 5245 man·
1143 5177 1223 5245 freti
1247 5173 1502 5245 consuetudine
1524 5172 1678 5245 visibili,
1710 5171 1884 5238 carrralem
1910 5165 2130 5234 securitatem

69 5278 73 5329 t
125 5284 241 5355 trierem,
280 5285 478 5343 aeternum.
547 5272 652 5343 Fides
683 5292 805 5362 petens
834 5279 1024 5369 acquiescit
1053 5282 1092 5347 in
1145 5274 1337 5359 haibuistis,
1371 5278 1430 5343 sed
1455 5275 1621 5358 deinceps
1647 5296 1725 5339 vera
1751 5274 1838 5344 bele,
1875 5288 1962 5351 quae
1986 5286 2041 5330 ¹¹¹0
2066 5266 2131 5331 ab·

66 5333 74 5452 i
126 5373 355 5457 prontissione,
369 5386 412 5445 ct
425 5388 580 5465 expectat
595 5376 765 5445 auxilium
780 5394 815 5449 et
828 5380 1091 5469 mitigationem.
1143 5393 1278 5449 sentem
1304 5393 1472 5469 tauquam
1500 5374 1770 5462 propiciatorem
1794 5372 1970 5449 irs-luetur,
1998 5367 2132 5457 petetis,

66 5460 70 5557 l
161 5476 335 5543 abraam.
356 5478 458 5545 Oesn.
487 5474 572 5549 Vos.
591 5482 666 5548 XV.
1576 5469 1626 5541 24
