4522 5782
121 206 239 295 aare
270 248 273 257 ·
302 134 412 283 auu
458 196 1752 304 s.couuuuran1nuusr.rauu1aucomuuutos.
1805 201 1915 282 cau.
1941 203 2009 285 vr.
2051 209 2180 289 *sora
2232 290 2236 299 .

134 385 210 468 tia,
233 392 311 457 non
332 404 435 477 posse
455 383 624 465 invocare
637 381 775 471 Deum,
799 382 885 478 quis
907 397 1031 458 eontra
1055 384 1133 455 eius
1184 376 1287 474 quasi
1300 389 1441 451 nutum
1457 371 1527 448 hoc
1540 376 1654 464 dicat,
1677 376 1775 474 qnod
1793 379 1964 454 omnibus
1976 397 2103 458 notum
2119 400 2183 476 esa,

134 489 358 559 voluntatem
375 487 525 557 scientes
542 500 576 558 et
590 488 749 558 volentes
764 487 855 580 lapsi
873 510 1007 559 sumus.
1029 485 1133 558 Hanc
1184 483 1234 553 ita
1250 481 1431 554 conditam
1447 502 1522 550 esse
1539 493 1704 551 naturam
1721 477 1922 571 bominum,
1948 499 1988 557 ut
2006 513 2045 559 er
2065 487 2180 564 Maris

134 589 375 663 conscientiae
396 590 601 661 servitutem
617 603 659 685 et
683 584 781 661 hunc
804 604 964 677 reatum,
988 586 1047 661 hic
1070 615 1133 659 vo·
1183 599 1218 656 et
1232 583 1424 656 Foeminae
1440 583 1693 654 coniunctione
1711 605 1822 675 genus
1836 583 2032 660 humanum
2048 616 2180 684 propa·

141 704 201 762 cat
224 691 337 783 redigi
363 691 401 761 iu
431 690 648 763 servitutem.
715 689 827 782 Negat
855 716 940 782 ergo
968 714 1132 773 concessa
1182 689 1340 783 gaudum
1357 687 1414 761 sit.
1466 682 1545 756 Etsi
1560 698 1677 756 autem
1694 710 1773 757 eam
1791 693 2001 761 sententiam
2017 696 2175 786 comple·
2240 699 2243 703 ’

136 815 213 864 esse
228 792 335 879 talia,
360 815 449 885 quae
464 815 561 863 ream
577 792 714 865 faciunt
728 794 993 877 conscientiam,
1017 796 1133 879 idest,
1182 790 1292 861 ctitur
1306 790 1411 859 etiam
1428 789 1490 858 illa
1508 788 1626 859 brevis
1640 789 1784 875 concio,
1810 805 1928 862 tamen
1953 794 2061 864 simul
2085 821 2173 867 eon·

107 956 110 961 .
139 917 234 987 quae
256 894 440 966 excutiunt
455 892 630 986 Spiritum
656 908 830 971 sanctum.
890 895 1132 971 Talia-autem
1182 893 1272 962 tinet
1294 904 1479 983 praecepta
1512 891 1557 960 de
1585 892 1692 961 modo
1722 894 1984 982 generationis,
2020 891 2089 968 hoe
2112 907 2178 983 est,l

139 1007 247 1074 suut,
273 1019 365 1090 quae
389 1010 551 1088 pugnant
576 1020 656 1066 cnm
681 998 759 1088 lege
779 999 928 1082 morali,
963 998 1046 1090 quia
1074 1022 1131 1068 ea-

138 1099 224 1167 dem
248 1111 300 1169 eat
322 1098 488 1169 voluntas
502 1096 658 1192 Spiritus
681 1100 812 1184 sancti,
848 1114 883 1173 et
905 1100 992 1189 legis
1014 1123 1131 1170 mora·

139 1199 208 1282 lis,
234 1224 325 1295 quae
343 1214 395 1271 est
413 1214 555 1271 aeterna
571 1215 605 1272 et
622 1201 767 1272 immota
781 1202 956 1294 sapientia
973 1201 1052 1275 Det.

245 1300 352 1375 Nunc
389 1319 550 1388 caetera,
591 1326 681 1397 quae
713 1318 929 1397 sequuntur,
971 1304 1133 1395 planiora

137 1417 245 1478 sunt:
273 1399 363 1475 Esca
380 1405 517 1489 ventri,
543 1419 577 1474 et
593 1420 715 1474 venter
732 1407 837 1486 escis,
863 1405 959 1476 Deus
982 1402 1078 1477 huuc
1098 1417 1134 1476 et

138 1502 236 1576 hanc
251 1509 426 1593 destruet,
451 1507 488 1575 id
506 1522 568 1590 est,
592 1508 712 1579 sibiet
730 1521 853 1578 venter
868 1509 1025 1577 serviens
1041 1508 1133 1579 vitae

139 1608 288 1679 mortali
316 1620 400 1680 suut
426 1630 482 1678 res
505 1609 700 1699 periturae,
726 1633 791 1678 nec
814 1611 994 1702 pertinent
1017 1612 1059 1679 ad
1077 1611 1133 1679 iu-

139 1711 279 1779 sticiam
303 1710 450 1798 spiritus
476 1724 538 1781 aut
558 1712 830 1796 conscientiam,
863 1735 928 1782 nec
942 1725 1026 1782 sunt
1044 1712 1133 1782 lucis

138 1825 202 1881 aut
226 1810 385 1882 iustitiae
409 1823 573 1883 aeternae
599 1813 700 1884 initia
723 1813 761 1901 in
776 1827 913 1900 mente,
939 1837 1004 1885 nec
1019 1815 1133 1905 impe·

139 1914 248 1984 diunt
272 1910 449 2003 Spiritum
476 1929 656 1987 sanctum:
698 1915 780 1985 ideo
815 1930 898 1989 sunt
927 1912 1133 2009 adiaphora.

139 2011 242 2084 Haec
265 2037 428 2084 concessa
450 2029 544 2087 sunt.

163 2126 175 2139 '
248 2114 319 2187 Sed
337 2118 501 2188 scortatio
523 2107 706 2190 dissimilis
728 2130 797 2203 est,
827 2133 991 2211 quaeest
1013 2143 1133 2211 perso-

140 2241 276 2289 narum
301 2218 554 2290 contaminatio
583 2234 705 2290 eontra
737 2221 956 2292 voluntatem
983 2220 1068 2307 Dei,
1093 2246 1134 2292 ac

141 2333 332 2413 propterea
350 2321 504 2391 duorum
520 2322 753 2392 conscientias
775 2318 911 2394 aDeo
933 2323 1074 2408 avellit,
1099 2335 1134 2395 et

140 2446 220 2493 reas
237 2422 332 2494 facit.
384 2421 468 2494 ldeo
485 2420 616 2519 Paulus
631 2424 733 2495 dicit:
761 2423 899 2516 Corpus
917 2439 1035 2497 autem
1058 2449 1132 2497 non

140 2520 369 2603 scortationi,
403 2526 463 2593 sed
490 2523 646 2595 Domino
667 2527 814 2613 serviat,
847 2530 883 2596 id
907 2543 977 2613 εει,
1011 2542 1133 2599 venter

138 2640 280 2697 creatus
298 2638 350 2696 est
366 2627 409 2694 ad
428 2625 526 2697 cibos
544 2640 689 2697 naturae
703 2631 952 2700 convenientes
968 2630 1045 2700 sine
1059 2632 1132 2700 dis-

139 2727 306 2799 crimine.
374 2726 444 2799 Sed
469 2751 597 2821 corpus
620 2752 682 2799 seu
705 2755 857 2821 persona
880 2734 1045 2804 ordinata
1068 2748 1132 2814 est,

139 2843 180 2900 ut
190 2826 274 2907 ¹Deo
291 2829 440 2914 serviat,
465 2832 527 2923 qui
552 2853 656 2920 vagas
672 2832 842 2903 libidines
864 2829 1070 2925 prohibuit,
1098 2848 1134 2906 et

141 2927 369 3001 horribiliter
387 2932 437 3001 eis
454 2933 628 3005 irascitur.
684 2933 769 3003 ldeo
792 2959 873 3011 cum
897 2960 1047 3026 persona
1064 2939 1133 3007 iam

140 3033 289 3124 propria
312 3029 378 3101 Dei
409 3056 484 3104 esse
514 3036 659 3114 debeat,
701 3061 776 3106 non
806 3037 910 3107 faciat
941 3038 1134 3109 libidinum

139 3134 389 3220 confessiones,
427 3147 546 3228 spreto
574 3136 703 3206 ordine
730 3136 819 3222 Dei,
856 3137 947 3209 sicut
974 3140 1136 3211 fecerunt

140 3234 254 3318 Nero,
271 3234 474 3318 Ptolemaei,
492 3252 525 3308 et
542 3238 666 3328 ingens
682 3241 875 3310 multitudo
893 3235 1093 3315 hominum

247 3336 328 3408 Erit
349 3352 466 3409 autern
491 3342 599 3429 magis
622 3341 779 3411 dilucida
811 3342 916 3413 lectio
942 3341 1065 3431 Pauli,
1106 3342 1136 3413 si

141 3444 259 3533 σῶμα
286 3441 464 3533 intelligas
475 3444 523 3512 'de
541 3466 708 3530 persona,
736 3458 774 3516 ut
791 3444 877 3514 olim
898 3444 1138 3538 loquebantur

140 3542 298 3626 Graeci,
338 3555 373 3614 et
397 3547 474 3615 vult
497 3544 629 3616 Paulus
661 3546 705 3615 de
729 3570 796 3617 usu
825 3546 991 3635 ordinato
1016 3572 1138 3641 perso·

140 3668 215 3715 nae
234 3643 347 3738 loqui.
801 3717 807 3731 ,

251 3743 538 3817 Fundamentum
555 3763 672 3819 autem
697 3740 1002 3822 dissimilitudinis
1020 3744 1070 3821 ‘de
1088 3751 1138 3821 ci·

140 3846 205 3920 bis
225 3849 319 3918 etde
337 3869 424 3936 vago
442 3851 657 3935 cuncubitu,
676 3847 744 3922 hoc
758 3865 827 3937 eat,
853 3854 949 3947 quod
966 3876 1024 3939 ea,
1048 3877 1139 3947 quae

143 3964 235 4022 sunt
249 3948 336 4037 legis
352 3950 517 4035 moralis,
544 3953 697 4023 affirmat
713 3976 786 4021 esse
802 3956 1021 4040 necessaria,
1056 3956 1140 4048 quia

145 4054 207 4121 lex
231 4051 375 4120 moralis
401 4065 455 4123 est
478 4053 552 4143 ipsa
576 4054 632 4124 lex
653 4069 794 4126 aeterua
809 4057 849 4125 in
864 4071 982 4127 mente
1006 4059 1140 4136 divina,

143 4166 184 4224 et
209 4154 374 4223 voluntas
391 4153 547 4244 Spiritus
571 4158 702 4241 sancti,
729 4158 792 4250 qui
818 4159 1058 4228 obedientiam
1084 4160 1142 4227 in·

145 4267 231 4327 coat
258 4255 409 4324 similem
443 4258 619 4327 voluntati
652 4259 815 4344 divinae,
854 4274 896 4331 ut
922 4284 1029 4354 supra
1055 4259 1142 4330 dixi.

144 4355 292 4445 Pugnat
307 4370 423 4428 autem
441 4352 663 4432 horribiliter
681 4383 760 4432 cum
778 4363 961 4434 voluntate
976 4361 1043 4433 Dei
1060 4362 1142 4432 libi·

147 4461 280 4532 diuum
301 4452 474 4534 conlusio.

552 4680 609 4755 De
643 4681 756 4756 dicto:

238 4900 242 4905 .
356 4814 485 4891 Erunt
501 4815 575 4892 duo
594 4820 634 4892 ιἰι
651 4846 797 4893 earnem
815 4848 942 4897 uuam.

1182 995 1294 1065 sancit
1317 994 1409 1085 leges
1432 994 1478 1063 de
1501 992 1667 1083 coniugio
1690 1006 1723 1063 et
1740 992 1987 1084 prohibitione
2007 1021 2174 1089 vagarum

1181 1095 1394 1180 libidinum,
1420 1108 1618 1180 reseram,
1644 1095 1817 1185 integram
1834 1111 1871 1171 et
1887 1098 2062 1171 eruditam
2086 1101 2175 1171 defi-

1182 1198 1357 1269 nitionem
1373 1197 1532 1286 coniugii
1551 1198 1732 1289 proponit.

1285 1316 1377 1387 Cum
1402 1315 1496 1384 enim
1523 1317 1695 1407 praecipit
1717 1316 1818 1408 iungi
1841 1340 1975 1388 marem
1998 1330 2032 1389 et
2048 1316 2176 1390 foemi-

1182 1440 1285 1504 nam,
1321 1410 1485 1508 prohibet
1512 1417 1891 1492 aliascommixtiones
1914 1443 1994 1490 cum
2022 1415 2090 1492 hoc
2113 1445 2174 1492 or-

1183 1522 1269 1591 dine
1283 1532 1432 1589 naturae
1448 1533 1657 1610 pugnantes.

1284 1636 1376 1709 Cum
1398 1637 1464 1708 ait:
1497 1631 1624 1722 Duo,
1668 1633 1836 1732 prohibet
1865 1659 1970 1729 vagas
1995 1641 2173 1721 libidines.

1184 1736 1307 1811 Unum
1323 1760 1454 1809 marem
1474 1739 1552 1809 vult
1566 1740 1750 1830 alligatum
1774 1762 1848 1810 esse
1862 1741 1907 1809 ad
1923 1765 2030 1812 unam
2045 1746 2173 1815 foemi-

1182 1865 1288 1927 nam,
1321 1854 1354 1911 et
1377 1863 1485 1909 uuam
1508 1840 1701 1910 foeminam
1728 1843 1805 1912 vult
1828 1840 2008 1933 alligatam
2031 1867 2105 1917 esse
2127 1850 2173 1919 ιιι

1182 1968 1295 2017 unum
1312 1966 1457 2016 marem.
1510 1940 1610 2012 Talis
1636 1943 1706 2013 fuit
1726 1943 1839 2035 prima
1865 1957 2013 2015 naturae
2028 1946 2173 2041 iustitu-

1182 2046 1251 2135 tio,
1278 2067 1298 2114 a
1323 2068 1393 2138 qua
1410 2056 1527 2134 postea
1550 2045 1811 2137 aliquantulum
1834 2045 1994 2118 discessit
2016 2043 2172 2122 humana

1184 2148 1390 2234 infirmitas,
1416 2147 1589 2217 tolerante
1605 2145 1700 2234 Deo,
1727 2147 1871 2241 quando
1888 2162 2023 2240 recepta
2042 2165 2093 2222 est
2108 2177 2176 2225 πο-

1183 2243 1373 2349 lupatria,
1406 2249 1454 2319 ita
1478 2265 1617 2335 tamen,
1641 2263 1682 2320 ut
1704 2249 1767 2321 uni
1795 2248 1872 2317 viro
1896 2250 2175 2342 adiungerentur

1183 2354 1303 2446 plures
1327 2352 1508 2436 mulieres,
1534 2374 1609 2420 non
1626 2352 1689 2420 uni
1704 2350 1846 2421 mulieri
1863 2350 1984 2443 plures
2000 2354 2080 2424 viri.

1195 2541 1203 2550 ,
1284 2468 1470 2571 ξοειεειιιο
1505 2469 1582 2540 vult
1614 2470 1717 2541 etiam
1747 2468 2037 2541 coniunctionem
2071 2470 2173 2543 illam

1183 2574 1291 2644 maris
1313 2585 1348 2643 et
1375 2569 1552 2642 foeminae
1586 2584 1792 2663 perpetuam
1823 2585 1857 2642 et
1887 2572 2172 2645 indissolubilem

1183 2700 1276 2761 esse,
1308 2698 1388 2745 cum
1414 2674 1478 2744 ait:
1508 2670 1625 2744 Erunt
1658 2674 1701 2761 iu,
1721 2698 1863 2745 carnem
1885 2697 2014 2760 unam,
2046 2677 2174 2763 idest,

1185 2776 1468 2870 inseparabiliter
1482 2774 1606 2848 iuncti.
1642 2773 1769 2848 Unitas
1787 2776 1882 2845 enim
1898 2776 2073 2866 significat
2084 2776 2173 2848 Vin·

1184 2881 1304 2950 culum
1327 2889 1517 2969 perpetuae
1541 2878 1826 2962 coniunctionis,
1868 2891 1904 2947 et
1926 2873 2092 2967 prohibet
2116 2881 2174 2950 di-

1183 2982 1321 3064 vortia,
1347 2979 1465 3072 qualia
1480 3001 1577 3048 nunc
1592 2992 1676 3050 sunt
1687 2978 1857 3063 Tuccica,
1874 2993 1907 3049 et
1923 2980 2070 3055 suerunt
2085 2982 2173 3052 olim

1185 3084 1347 3154 omnium
1373 3083 1446 3151 fere
1470 3081 1649 3171 gentium,
1676 3083 1747 3150 imo
1765 3098 1800 3152 et
1821 3081 2048 3156 Iudaeorum.
2101 3082 2172 3155 Sed

1185 3201 1304 3256 tamen
1326 3197 1360 3255 et
1379 3184 1523 3278 Moyses
1540 3183 1800 3274 aliquantulum
1822 3182 1953 3252 laxavit
1978 3179 2071 3254 hanc
2091 3208 2173 3277 par-

1186 3289 1352 3367 ticulam,
1386 3286 1560 3356 tolerante
1573 3284 1670 3366 Deo,
1703 3298 1846 3375 propter
1868 3285 2047 3374 ingentem
2073 3287 2174 3358 infir-

1187 3392 1344 3461 mitatem
1366 3384 1551 3457 hominum
1575 3400 1656 3477 post
1682 3388 1831 3478 lapsum.
1892 3386 1983 3458 Nam
2009 3383 2097 3459 haec
2119 3391 2176 3460 lex

1188 3495 1227 3561 in
1261 3488 1394 3560 Genesi
1426 3489 1615 3578 descriptio
1645 3504 1703 3561 est·
1725 3490 1960 3581 pulcerrimae
1990 3492 2178 3578 societatis,

1188 3594 1304 3688 qualis
1326 3593 1365 3661 in
1390 3606 1515 3662 natura
1538 3590 1674 3680 integra
1698 3591 1839 3676 fuisset,
1866 3605 1899 3663 et
1917 3614 1996 3689 esse⁸
2015 3595 2176 3666 debebat.

1189 3694 1233 3766 Et
1251 3691 1414 3763 Christus
1436 3692 1628 3762 Ecclesiam
1653 3696 1697 3763 de
1722 3688 1788 3763 hac
1807 3695 1921 3783 prima
1944 3694 2058 3763 forma
2082 3720 2179 3764 com·

1190 3790 1598 3871 irionefacitMatth,19.
1621 3809 1661 3868 ut
1685 3810 1807 3888 postea
1829 3798 1986 3867 dicemus
2010 3796 2178 3888 incapite

1189 3898 1351 3991 septimo.

1191 4116 1279 4190 haec
1300 4119 1496 4208 sententia,
1520 4142 1626 4211 quarn
1649 4118 1815 4198 recitavi,
1841 4140 1941 4203 vera,
1972 4119 2121 4209 simplex
2147 4134 2182 4191 et

1194 4223 1336 4314 propria
1362 4235 1414 4291 est
1435 4221 1511 4292 eius
1534 4221 1625 4306 loci,
1651 4220 1808 4313 quamsi
1832 4222 1911 4312 quis
1933 4221 2183 4300 considerabit,

1195 4325 1372 4415 intelliget
1393 4323 1482 4392 illud
1516 4325 1650 4392 dictum
1679 4344 1755 4389 non
1782 4323 1895 4393 otiose
1921 4325 2075 4411 positum
2100 4346 2183 4406 esse,

1194 4430 1255 4497 sed
1271 4429 1316 4495 de
1340 4426 1446 4496 rebus
1468 4425 1632 4493 maximis
1655 4423 1859 4495 concionari
1872 4479 1882 4509 ,
1909 4441 1943 4496 et
1961 4419 2045 4494 hinc
2071 4427 2183 4495 extrui

1196 4528 1440 4599 definitionem
1465 4527 1648 4617 coniugii,
1690 4549 1795 4619 quam
1824 4528 1863 4596 iu
1895 4527 2009 4620 capite
2035 4528 2184 4619 septimo

1197 4631 1435 4704 recitabimus.

1300 4764 1405 4835 Nunc
1430 4764 1609 4835 intellecta
1638 4761 1759 4834 nativa
1789 4765 1964 4836 sententia
1988 4722 2186 4833 considere·
2246 4770 2251 4781 “

1201 4885 1261 4943 tur
1277 4880 1523 4957 argumentum
1541 4863 1662 4951 Pauli,
1688 4868 1749 4960 qui
1774 4869 1941 4936 transfert
1963 4866 2095 4936 dictum
2112 4866 2187 4936 Ge-

259 4968 315 5044 Ex
350 4972 446 5047 dicto
470 4971 639 5046 Genesis:
674 4972 793 5048 Erunt
828 4979 899 5047 duo
935 4978 973 5045 in
1007 5000 1148 5047 carnem
1200 4974 1295 5043 neeis
1325 4974 1369 5040 ιιι
1395 4969 1600 5058 coniugium
1624 4970 1807 5060 spirituale
1831 4968 1895 5037 filii
1918 4968 1988 5038 Dei
2011 4981 2045 5036 et
2063 4962 2187 5036 Eccle-

153 5099 286 5160 unam,
312 5078 421 5148 sumit
435 5076 570 5149 Paulus
591 5091 839 5169 argumentum
860 5102 879 5148 a
903 5078 1152 5162 similitudine,

1203 5078 1302 5157 siae,
1343 5084 1384 5143 ut
1411 5072 1496 5141 facit
1527 5071 1633 5140 etiam
1659 5072 1699 5140 iu
1732 5069 1894 5163 Epistola
1924 5070 1968 5137 ιιι
1998 5064 2189 5160 Ephesios:

157 5181 259 5272 quod
290 5192 413 5270 postea
447 5180 615 5254 recitabo.
675 5178 824 5250 Necesse
845 5193 898 5251 est
923 5181 1020 5249 enim
1051 5182 1152 5272 prius
1207 5175 1321 5246 luncti
1363 5174 1445 5244 estis
1477 5173 1552 5242 filio
1581 5166 1693 5257 Dei,
1733 5185 1767 5242 et
1795 5172 1878 5240 facti
1907 5171 2067 5241 membra
2102 5171 2189 5244 eius.

158 5279 278 5351 teneri
302 5280 485 5372 propriam
505 5296 542 5355 et
564 5283 720 5353 nativam
738 5282 949 5352 senteutiam
966 5282 1043 5352 eius
1057 5281 1155 5363 dicti,

155 5381 259 5474 quod
290 5381 396 5453 multi
426 5382 564 5456 indocti
591 5396 719 5479 putant
743 5383 854 5457 otiose
879 5383 1035 5478 positum
1067 5406 1153 5468 esse,
1207 5380 1321 5452 rantia
1345 5403 1366 5450 a
1388 5379 1464 5449 lilio
1480 5373 1586 5447 Dei.

1205 5275 1300 5367 Ergo
1312 5275 1470 5347 nonaitis
1483 5276 1640 5344 membra
1654 5285 1850 5343 scortorum
1867 5273 2027 5360 vagantia
2042 5287 2076 5343 et
2091 5275 2191 5342 aber-

1638 5375 1791 5518 lglppitus
1809 5387 1844 5445 et
1866 5374 2024 5446 coniunx
2047 5389 2194 5467 possunt
