4522 5782
155 188 260 268 xna
309 193 350 267 e.
365 130 757 303 'connsnraau'
771 185 823 261 us
847 182 1006 263 aetsr.
1031 182 1183 313 rauu
1208 186 1277 264 an
1302 184 1565 267 nouauos.
1626 190 1731 267 cae.
1758 193 1858 305 nv.
1908 302 1911 307 Ι
1951 195 2029 279 ass

92 364 159 433 bus
180 352 500 447 iustificationem,
540 386 621 433 cum
646 372 765 431 tamen
789 359 882 429 ratio
905 382 983 427 non
1033 372 1069 429 et
1087 359 1134 427 ab
1156 374 1298 431 aeterna
1321 362 1392 442 ira,
1420 387 1527 456 quarn
1551 364 1605 434 lex
1630 367 1833 440 denunciat.
1884 365 2025 441 Norant

111 465 288 557 intelligat
310 488 385 535 csse
409 465 609 548 iusticiam,
644 462 713 533 nisi
741 462 981 533 obedientiam
1032 462 1072 529 in
1089 460 1150 529 illa
1169 464 1323 533 naturali
1344 466 1473 536 noticia
1490 490 1563 536 non
1582 471 1732 557 propani
1749 471 1936 559 gratuitam
1959 495 2022 563 re-

108 567 235 656 legens.
438 634 442 641 ,
963 584 968 593 ·
1032 563 1236 632 missionem
1256 583 1498 655 peccatorum,
1522 570 1603 638 ideo
1621 571 1768 641 aliunde
1784 576 1949 662 petebant
1964 597 2023 644 rc-

91 670 164 741 Sed
181 671 343 741 doctrina
360 666 549 760 Evangelii
573 670 617 738 de
641 679 802 759 peccato,
830 665 914 735 item
937 664 982 733 de
1033 665 1252 735 missionem.
1285 668 1393 756 Quod
1413 670 1443 737 si
1461 672 1667 756 sensissent,
1689 674 1735 745 ita
1753 697 1789 743 se
1806 675 1917 744 iustos
1934 668 2022 757 lore,

88 773 134 842 :ia
157 772 263 864 lidei,
302 789 354 844 cst
373 798 519 843 arcarna
544 785 580 841 et
601 768 787 862 peculiaris
808 767 979 857 sapientia
1032 791 1112 835 curn
1128 769 1205 837 siue
1220 770 1307 839 vitio
1324 785 1451 851 essent,
1476 772 1744 844 succubuissent
1757 775 1795 843 iu
1811 798 1921 864 agone
1934 798 2021 846 con·

88 872 302 959 cllcclesiae,
329 877 554 970 quametiam
572 873 673 961 pauci
691 868 981 961 exscriptoribus
1031 870 1217 953 scientiae,
1242 877 1303 940 sed
1324 888 1453 942 norant
1468 872 1548 943 ideo
1572 877 1786 965 promissum
1812 901 1885 946 esse
1905 878 2021 947 salva-

88 991 216 1047 verunt
234 1003 274 1047 ac
289 980 448 1046 saniores
464 977 526 1045 alii
541 975 746 1058 obscurius,
771 973 835 1042 alii
850 971 980 1039 clarius
1030 984 1157 1054 torem,
1174 987 1214 1043 ut
1229 988 1423 1045 statuerent
1436 997 1473 1043 se
1491 977 1628 1063 placere
1644 977 1731 1063 Deo,
1748 980 1885 1049 etiamsi
1901 995 2017 1059 essent

88 1095 231 1163 verunt,
268 1080 441 1151 Scotistae
465 1093 500 1147 et
521 1078 653 1147 similes
681 1098 825 1167 prorsus
849 1074 976 1143 obrue·
1031 1072 1169 1162 indigui
1188 1089 1221 1144 et
1237 1075 1428 1146 immundi.
1467 1076 1526 1149 Sic
1542 1078 1742 1149 sentiebant
1757 1106 1793 1151 sc
1807 1082 1919 1152 iustos
1933 1074 2020 1163 esse,

88 1234 89 1243 κ
118 1180 226 1251 Ἰἀεο
248 1199 432 1274 postquam
449 1179 547 1250 Deus
563 1174 649 1248 haec
666 1201 786 1246 rursus
805 1174 979 1268 patefecit,
1030 1198 1103 1243 uon
1127 1189 1272 1270 propter
1304 1178 1438 1269 legem,
1477 1182 1537 1250 sed
1561 1195 1707 1273 propter
1735 1198 1923 1257 venturum
1949 1183 2021 1254 sal·

88 1296 183 1352 enter
199 1297 362 1354 tueamur
377 1285 587 1353 illustratam
602 1279 812 1351 doctrinam.
1030 1290 1198 1351 satorem.
1713 1345 1716 1351 .

92 1382 208 1455 Porro
229 1411 292 1455 cur
313 1387 509 1456 adversarii
533 1384 688 1452 vicissim
718 1406 790 1450 nort
815 1379 977 1450 conside·
1130 1379 1204 1451 llas
1229 1395 1344 1452 tantas
1368 1407 1424 1454 res
1446 1386 1693 1476 complectitur
1710 1389 1874 1459 liberatio
1897 1389 2020 1477 alege,

88 1534 94 1565 .
128 1511 233 1579 quam
259 1489 305 1558 sit
327 1490 522 1558 absurdum
539 1486 675 1564 dicere,
698 1485 795 1576 quod
811 1480 977 1551 Christus
1029 1504 1117 1573 quas
1131 1508 1205 1552 non
1220 1486 1425 1574 intelligunt
1440 1482 1603 1575 homines
1618 1491 1753 1576 securi,
1778 1492 1838 1584 qui
1857 1490 2020 1561 nesciunt

88 1590 199 1659 averit
227 1615 294 1660 nos
314 1605 453 1660 tantum
476 1614 495 1657 a
517 1587 823 1657 ceremonialibus.
890 1583 977 1652 item
1029 1582 1116 1675 quid
1134 1587 1179 1654 sit
1197 1611 1279 1656 vera
1298 1589 1536 1678 poenitentia,
1556 1590 1751 1662 invocatio:
1778 1593 1935 1686 denique
1956 1593 2020 1701 qui

88 1693 200 1763 eratio
216 1707 351 1763 tantum
370 1696 412 1760 ad
435 1690 682 1759 ceremonialia
706 1687 877 1779 pertinet,
903 1709 977 1753 non
1029 1709 1102 1754 non
1124 1706 1332 1759 exercentur
1347 1690 1632 1777 adflictionibus,
1657 1707 1770 1764 etant
1790 1689 1922 1765 habent
1939 1692 2019 1764 ani-

88 1795 127 1862 sit
144 1794 303 1885 patribus
318 1809 399 1865 ante
416 1792 577 1887 Moysen.
630 1790 776 1860 Necesse
795 1805 845 1859 est
860 1802 975 1857 auteur
1030 1810 1107 1855 mos
1128 1805 1318 1881 occupatos
1335 1794 1599 1883 voluptatibus,
1624 1809 1687 1881 aut
1709 1796 1930 1867 delectantur
1946 1794 2019 1865 suis

88 1919 167 1979 ere,
192 1902 286 1988 qarod
313 1897 512 1966 liberatica
538 1894 612 1983 lege
635 1894 806 1983 pertineat
828 1893 869 1957 ad
895 1889 977 1959 uni·
1030 1890 1261 1980 opinionibus
1285 1907 1318 1961 et
1340 1909 1576 1984 aspernantur
1600 1900 1747 1968 verbum
1768 1896 1857 1983 Dei,
1888 1898 2018 1968 autad
2097 1980 2100 1985 ,

88 2022 132 2065 ιω
161 1994 402 2069 Ecclesiama
427 1998 602 2086 principio
634 1996 760 2063 cnurtdi
792 2016 903 2083 usqne
933 1991 977 2058 ad
1029 2015 1111 2061 suas
1151 1992 1423 2082 imaginationes
1468 1997 1655 2071 inflectunt
1693 2025 1734 2069 ac
1772 2011 2019 2090 corrumpunt.
2084 2000 2087 2005 ’

88 2125 111 2172 ι.
161 2097 258 2170 Haec
284 2102 460 2192 copiosius
484 2100 729 2189 disputantur,
761 2109 800 2166 ut
821 2094 913 2174 disi,
940 2094 978 2160 iu
1030 2092 1206 2165 Nonnulli
1227 2098 1420 2166 adversarii
1442 2101 1647 2185 astutiores,
1673 2102 1737 2171 etsi
1754 2101 1878 2171 vident
1892 2098 2018 2191 Augu·

88 2206 115 2269 lo
134 2204 176 2269 de
190 2204 318 2292 spiritu
332 2218 367 2273 et
383 2203 493 2271 litera.
1031 2197 1116 2266 atini
1132 2211 1167 2266 et
1185 2212 1340 2269 nostram
1359 2201 1698 2290 interpretationem,
1725 2228 1807 2273 vere
1822 2226 1894 2273 esse
1911 2199 2016 2273 Pauli

95 2302 261 2396 Denique
283 2305 367 2397 quid
395 2306 438 2372 sit
468 2302 676 2372 liberatica
708 2301 803 2388 lege,
837 2319 979 2389 prorsus
1030 2323 1071 2367 ac
1102 2296 1327 2390 propheticae
1355 2318 1388 2372 et
1416 2304 1628 2393 apostolicae
1656 2307 1850 2394 scripturae
1874 2317 2016 2376 senteu-
2099 2345 2109 2357 -

88 2407 253 2494 tantilli,
281 2408 342 2498 qui
361 2407 564 2494 intelligunt
590 2428 667 2472 earn
692 2416 829 2473 tantum
854 2400 899 2469 de
922 2424 977 2465 ce·
1031 2402 1139 2486 tiam,
1164 2416 1282 2472 tacrren
1304 2406 1515 2496 obstrepunt
1533 2408 1638 2476 nobis
1661 2421 1694 2478 et
1710 2404 1905 2496 Origenis,
1925 2404 2014 2477 Hie·
2065 2465 2071 2475 ,

88 2509 181 2576 ariis.
235 2507 282 2581 Ut
303 2533 425 2577 onmes
450 2505 611 2576 homines
637 2521 713 2595 post
729 2505 865 2595 lapsum
880 2504 979 2570 Adae
1032 2504 1192 2598 rouymi,
1216 2500 1481 2600 chrysostomi,
1509 2522 1543 2577 et
1565 2510 1682 2578 nescio
1704 2534 1857 2602 quorum
1881 2507 2017 2579 autori·

101 2612 260 2700 oppressi
285 2625 446 2702 peccato,
472 2611 523 2677 ira
547 2606 635 2690 Dei,
661 2622 793 2686 morte,
824 2605 975 2694 ingenti·
1032 2619 1138 2675 tatem
1153 2606 1275 2690 citant,
1303 2633 1374 2677 uon
1392 2612 1486 2701 quod
1505 2610 1677 2680 illosvere
1693 2626 1780 2681 etex
1795 2611 1914 2679 animo
1933 2635 2015 2699 pro·

88 2712 177 2782 ritae
203 2713 408 2793 aerumnis,
449 2714 603 2780 aeternis
632 2712 776 2799 poeuis:
820 2709 865 2776 ita
896 2719 979 2775 sunt
1031 2709 1136 2790 bent,
1161 2712 1222 2778 sed
1245 2725 1380 2781 tantum
1405 2725 1445 2780 ut
1470 2698 2016 2811 lucumlaciantimperiumne

88 2837 117 2884 rs
142 2816 279 2885 onerati
306 2816 397 2902 lege,
434 2837 523 2906 quae
548 2825 726 2902 peccatum
750 2813 888 2899 arguit,
916 2830 981 2876 nos
1033 2811 1222 2880 videantur
1248 2813 1341 2884 victi.
1398 2811 1480 2880 Non
1505 2815 1600 2883 euim
1630 2816 1797 2885 adferunt
1823 2812 2016 2883 adversarii

88 2930 157 2997 sat,
183 2931 216 2986 et
228 2918 380 2987 aeternis
397 2917 591 2986 terroribus
608 2913 759 2992 occidit,
785 2928 825 2982 ut
848 2910 980 2979 Paulus
1032 2914 1076 2980 ad
1104 2907 1189 2981 haec
1210 2913 1402 2982 certamina
1425 2915 1556 2984 horream
1578 2918 1850 3001 conscientiam,
1883 2929 1917 2986 et
1939 2928 2016 2986 stu·

87 3018 131 3088 it:
165 3017 260 3107 Ergo
285 3020 430 3088 liberari
454 3042 472 3086 a
497 3018 588 3104 lege,
620 3029 671 3084 est
695 3014 817 3082 abilla
840 3037 979 3081 accusa-
1033 3015 1144 3096 dicatu,
1157 3018 1557 3106 qrraereudaeveritatis,
1575 3023 1634 3088 sed
1650 3020 1773 3088 odium
1790 3018 1914 3101 nostri,
1929 3040 2015 3086 con·

88 3121 272 3203 aliberari,
305 3146 348 3189 ne
365 3123 475 3190 simus
500 3118 639 3186 reiirae
656 3116 739 3199 Dei,
765 3130 800 3184 et
819 3130 980 3183 aeternae
1033 3130 1181 3185 temtum
1199 3112 1405 3205 Evangelii,
1436 3142 1555 3186 curam
1579 3124 1728 3191 tuendae
1745 3145 1827 3189 suae
1845 3119 2017 3189 autorita-

92 3224 143 3309 is,
169 3239 217 3293 est
236 3244 309 3292 non
326 3238 463 3291 tantum
480 3246 498 3289 a
514 3222 644 3289 ritibus
656 3234 719 3288 aut
733 3217 887 3287 externis
902 3240 980 3307 spe·
1034 3219 1089 3289 tis.
1142 3217 1239 3306 Quid
1264 3220 1415 3307 populus
1440 3224 1484 3290 de
1500 3218 1643 3293 Christo
1659 3222 1808 3305 sentiat,
1835 3221 2017 3314 quomodo

88 3326 143 3393 dis
159 3325 314 3404 liberari,
339 3327 398 3393 sed
417 3324 528 3393 multa
547 3322 698 3411 potiusa
716 3321 791 3410 lege
806 3333 979 3410 perterre·
1033 3317 1243 3389 erudiantur
1257 3317 1452 3407 Ecclesiae,
1480 3319 1574 3392 nihil
1596 3330 1639 3394 ad
1665 3349 1701 3394 se
1727 3328 1903 3416 pertinere
1920 3321 2016 3391 iudi-

88 3443 164 3509 nte,
199 3428 450 3508 maledicente,
478 3429 667 3492 claramonte
692 3436 726 3493 et
749 3422 980 3491 interficiente
1034 3436 1133 3501 cant,
1163 3448 1202 3491 ac
1226 3427 1352 3514 partim
1377 3441 1497 3512 aperte
1525 3441 1687 3496 exercent
1719 3421 2016 3522 sycophanticarn,

89 3530 190 3618 eripi.
265 3527 356 3599 Ctun
384 3527 548 3595 videlicet
576 3527 643 3595 alia
676 3549 730 3594 res
757 3527 979 3615 proponitur,
1036 3538 1073 3598 ut
1099 3522 1314 3611 Cochlacus,
1347 3524 1528 3597 Wicelius
1549 3542 1584 3599 et
1608 3530 1758 3614 similes,
1783 3528 1911 3619 partim
1935 3537 2018 3597 sunt

88 3648 141 3700 ter
167 3657 273 3723 quam
296 3631 378 3700 iusti
404 3632 699 3719 pronunciantur,
731 3628 864 3696 scillcet
888 3628 981 3693 filins
1034 3628 1178 3723 tyrarrsri
1200 3643 1233 3698 ct
1256 3631 1692 3725 tyrannorumsatellites,
1713 3633 1773 3723 qrri
1796 3643 1941 3721 propter
1962 3654 2017 3696 sa·
2052 3646 2059 3655 '

107 3735 300 3823 factuspro
325 3734 431 3801 nobis
453 3733 607 3801 victima.
657 3728 869 3811 siccidam,
898 3728 983 3807 Noe,
1035 3732 1188 3822 pientiae
1206 3749 1266 3800 aut
1282 3731 1423 3802 virtutis
1443 3733 1649 3824 opinionem
1673 3736 1873 3821 gulaernaut
1895 3729 2018 3822 ponti·

88 3832 177 3905 ‚ham
195 3851 230 3906 et
245 3859 368 3903 (sanctes
384 3835 485 3902 electi
500 3848 582 3902 ante
599 3830 877 3926 Moyseualcge
892 3832 980 3907 libe·
1033 3834 1159 3912 betam,
1192 3855 1313 3915 regsrm
1346 3849 1381 3904 et
1412 3835 1611 3924 priucipum
1635 3833 1801 3913 consilia,
1837 3855 1917 3901 curn
1945 3832 2034 3899 sint.

88 3941 242 4011 interrant.
293 3937 593 4007 Acerrsabantura
613 3935 705 4022 lege,
731 3937 983 4004 exercebantur
1037 3932 1199 4003 homines
1221 3932 1348 4019 ἄθεοι,
1374 3939 1434 4026 quai
1453 3939 1488 4005 in
1508 3938 1710 4006 uuiversum
1728 3934 1946 4003 arbitrantur
1962 3956 2018 4000 re·

88 4040 233 4108 ibilibus
247 4039 461 4121 terroribus,
486 4052 520 4107 et
535 4061 640 4106 sensu
657 4038 730 4104 irae
744 4036 834 4118 Dei,
860 4049 894 4103 et
907 4061 978 4103 ma·
1035 4037 1186 4124 ligiones
1201 4038 1459 4108 commentitias
1472 4062 1567 4121 esse,
1592 4064 1632 4109 ac
1649 4038 1716 4107 sibi
1734 4037 1801 4126 ipsi
1824 4037 1955 4103 mirum
1976 4033 2015 4123 in

88 4142 207 4215 tionis.
274 4140 343 4211 Sed
370 4140 463 4209 inter
488 4136 552 4209 hos
579 4154 731 4208 terrores
758 4139 983 4229 erigebantur
1038 4142 1182 4207 modum
1206 4134 1277 4209 hoc
1299 4141 1444 4208 ratramne
1466 4141 1621 4228 placent,
1655 4141 1751 4232 qarod
1775 4137 1894 4207 ausint
1915 4130 2018 4225 ἂνπ-

88 4244 467 4326 immisericordiae,
488 4256 633 4332 propter
649 4255 835 4327 venturum
855 4240 985 4312 Domi·
1036 4235 1184 4332 ns'pdew
1196 4237 1289 4335 πρὸς
1301 4237 1368 4322 τὰς
1383 4236 1566 4336 βροντὰς,
1592 4257 1633 4310 ut
1650 4241 1710 4309 ille
1727 4241 1820 4330 apud
1845 4238 2025 4307 comicum

97 4347 301 4436 promissae,
315 4359 348 4415 et
363 4349 562 4415 statuebant
577 4369 614 4414 se
628 4340 738 4413 iustos
754 4346 982 4436 pronunciari
1038 4343 1168 4436 inquit.
1222 4343 1268 4413 Et
1285 4347 1371 4414 tales
1388 4344 1518 4415 dicturi
1534 4357 1616 4412 snm
1633 4342 1824 4413 sententias
1847 4341 1887 4409 in
1911 4362 2018 4434 syno-

88 4465 138 4519 ter
161 4466 345 4517 venturam
373 4447 569 4528 victimam,
601 4471 672 4515 non
699 4469 841 4538 propter
863 4448 985 4538 legem.
1037 4449 1093 4515 dis
1118 4449 1161 4515 de
1184 4441 1319 4517 Christi
1346 4447 1474 4536 gloria,
1510 4447 1609 4516 cuius
1633 4467 1856 4514 nomenesse
1880 4441 2020 4512 fabulo·

90 4566 131 4621 nt
148 4565 285 4641 peccata
301 4574 374 4618 esse
389 4574 462 4617 non
477 4551 911 4634 tantumexternadelicta,
924 4554 983 4621 sed
1037 4574 1115 4620 sum
1138 4552 1304 4639 cogitant.

88 4653 486 4733 ioremimmunditiem,
504 4648 983 4722 horribilemdubitationem
1142 4651 1298 4719 Proinde
1319 4651 1397 4742 pios
1416 4651 1563 4719 lectores
1586 4642 1774 4735 adhortor,
1798 4647 1959 4719 Primum
1983 4658 2023 4715 ut

92 4783 146 4838 eo,
163 4755 341 4824 tremitum
354 4768 386 4822 ct
402 4755 681 4843 indignationem
695 4757 856 4822 adsersus
870 4753 996 4824 Deum'
1038 4754 1262 4823 considerent
1285 4776 1411 4841 genera
1437 4755 1636 4834 doctrinae,
1663 4754 1733 4822 utri
1758 4752 1967 4843 simpliciter
1989 4760 2023 4815 et

88 4862 156 4927 bus
174 4859 347 4943 adversis,
369 4869 402 4925 et
417 4870 573 4925 caeteros
589 4879 715 4947 pravos
738 4859 909 4944 impetus,
944 4872 978 4925 et
1038 4858 1115 4924 sine
1135 4851 1325 4943 sophistica
1348 4856 1559 4924 seutentiam
1584 4856 1776 4942 scripturae
1797 4848 2024 4946 propheticae
2100 4928 2105 4939 Ι

89 4974 154 5032 ant
180 4984 252 5026 raon
274 4960 392 5048 aliqua
416 4960 490 5046 lege
513 4958 611 5036 tolli,
647 4959 700 5026 vel
724 4959 840 5047 ipsum
865 4983 985 5045 pecca·
1037 4972 1072 5026 et
1103 4956 1317 5047 apostolicae
1349 4973 1562 5048 proponant.
1637 4955 1776 5026 Deinde
1802 4979 1880 5023 cum
1909 4965 2022 5041 patres

94 5078 131 5133 et
159 5076 305 5128 naturae
330 5062 588 5144 infirmitatem,
624 5060 680 5127 vel
703 5059 792 5127 iram
810 5057 897 5143 Dei,
924 5063 982 5127 sed
1037 5060 1202 5137 citantur,
1218 5084 1308 5151 qsrae
1326 5064 1417 5128 dicta
1437 5074 1574 5150 patrum
1590 5059 1660 5126 sint
1680 5070 1913 5126 consentanea
1930 5052 2028 5121 divi-⁴
2087 5126 2096 5149 ι

88 5180 124 5235 nt
144 5187 182 5232 se
203 5164 384 5249 agnitione
405 5179 437 5233 et
461 5163 590 5230 ficlncia
613 5161 775 5251 promissi
799 5162 985 5229 salvatoris
1038 5185 1103 5228 stae
1121 5160 1211 5229 voci.
1259 5157 1322 5230 Est
1339 5162 1433 5228 enirn
1455 5185 1580 5249 naagua
1599 5159 1853 5227 dissimilitudo
1870 5168 2022 5246 patrum.

88 5267 163 5337 ntis
181 5265 359 5332 aernumis
375 5265 476 5351 eripi.
528 5264 588 5334 Sic
605 5278 638 5331 et
663 5262 714 5329 illi
739 5278 822 5330 suan
843 5263 984 5333 liberati
1038 5262 1219 5332 Postremo
1236 5276 1273 5332 ut
1291 5262 1421 5331 Paulus
1435 5263 1532 5331 iubet
1550 5267 1700 5351 probare
1715 5260 1872 5348 spiritns,
1894 5257 2025 5326 volun-

88 5397 103 5441 ε
119 5366 265 5451 morali,
291 5367 455 5438 videlicet
471 5366 650 5438 iudicante
665 5362 699 5434 et
714 5364 898 5436 occidente
912 5389 985 5450 cos,
1037 5381 1089 5437 tas
1109 5364 1293 5458 utriusque
1309 5366 1421 5459 patris
1436 5367 1625 5456 spectanda
1640 5374 1714 5450 cst,
1736 5376 1771 5434 ct
1787 5382 1926 5441 summa
1940 5380 2026 5431 con·
