4522 5782
23 262 27 270 .
105 182 184 303 ,aa
352 284 356 291 ,
687 192 1527 281 camusnanesre-rameruci.
1588 226 1591 231 ·
1644 222 1667 283 ,;
2061 196 2143 275 aas

207 391 302 485 Quia
326 390 382 459 lex
402 380 550 489 spiritus
569 379 664 453 ritae
687 377 727 449 iu
741 372 885 453 Christo
902 373 984 450 lesu
1005 375 1098 449 libe-
1147 396 1254 449 carue
1269 370 1466 455 nonestis,
1489 369 1552 443 sed
1566 367 1606 443 iu
1618 367 1768 464 spiritu,
1798 371 1976 469 siquidem
1995 371 2144 466 spiritus

105 510 270 572 ratmea
291 484 513 583 legepeecati
536 496 571 556 et
592 482 739 567 mortis,
763 482 893 571 idest,
919 481 1098 572 guberna·
1147 475 1216 546 Ilei
1246 470 1454 547 habitatin
1486 474 1601 547 vobis.
1657 470 1767 562 Item,
1799 476 1830 545 si
1864 476 1947 571 quis
1978 476 2144 568 spiritum

105 605 157 674 tio
172 598 329 692 Spiritus
344 591 476 675 sancti,
502 587 565 680 qui
581 584 753 664 vivificat,
777 584 840 678 qui
853 585 922 654 fide
937 583 975 652 iu
990 579 1099 655 Chri·
1150 575 1285 650 Christi
1311 601 1386 646 non
1409 572 1537 661 habet,
1563 575 1594 645 is
1613 599 1688 647 nou
1711 590 1763 650 est
1778 574 1932 665 Christi,
1958 573 2059 669 Ergo
2081 574 2143 671 qui

107 719 200 775 stum
224 696 443 788 concipitur,
466 714 542 761 uon
564 688 651 759 sinit
671 686 849 758 dominari
866 690 1051 779 peceatum¹
1066 696 1101 755 et
1150 681 1316 774 spiritum
1338 674 1473 751 Christi
1497 701 1571 748 non
1596 673 1722 767 habet,
1747 681 1885 753 etiamsi
1908 681 2051 754 ratione
2073 678 2142 751 uti-

107 817 270 875 mortem.
325 793 484 868 Tametsi
499 791 618 863 adsint
634 802 815 883 peccatum
837 802 873 859 et
895 809 1012 873 mors,
1044 800 1101 857 ts·
1151 799 1230 875 tur,
1257 780 1396 853 etiamsi
1411 774 1676 872 philosophiam
1699 783 1880 875 sequitur,
1906 785 2073 855 nondum
2091 795 2143 852 ta-

107 930 190 977 men
208 927 282 974 nou
299 899 543 971 dominantur.
599 889 785 961 Peccatum
801 914 874 961 non
893 889 1100 983 potestadi-
1152 909 1235 955 meu
1257 884 1371 954 iustus
1392 896 1442 953 est
1462 906 1581 953 coram
1595 880 1684 955 Deo.
1742 883 1866 978 Neque
1888 909 1972 956 vero
1997 885 2143 977 spiritus

109 1032 191 1099 gere
215 1007 259 1077 ad
283 999 585 1093 desperationem,
617 1016 714 1062 mors
740 1014 816 1062 uon
839 1004 956 1085 potest
976 992 1102 1063 absor-
1152 982 1475 1078 Christigsiguilicat
1493 985 1667 1055 rationem
1684 1000 1862 1072 nostram,
1887 990 1949 1059 sed
1966 987 2143 1079 Spiritum

109 1112 216 1195 bere,
242 1104 326 1201 quia
342 1100 498 1195 Spiritus
512 1108 674 1176 sauctus,
700 1094 763 1187 qui
778 1093 847 1165 lide
863 1094 901 1164 in
917 1088 1101 1166 Christum
1154 1103 1333 1169 sanctum,
1360 1087 1452 1156 infra
1474 1087 1572 1159 enim
1595 1100 1742 1159 testatur
1763 1111 1801 1159 se
1820 1090 1921 1183 loqui
1939 1092 1986 1161 de
2004 1088 2145 1180 spiritu,

111 1210 329 1302 concipitur,
361 1212 553 1284 sustentat,
581 1196 806 1282 consoletur,
829 1210 865 1268 et
888 1195 1044 1266 vivificat
1065 1195 1104 1264 in
1154 1214 1261 1287 quem
1283 1189 1462 1282 accipiunt
1485 1189 1608 1265 sancti.
1674 1188 1746 1262 Sed
1768 1204 1917 1263 nonest
1943 1188 2055 1263 huius
2078 1188 2145 1261 loci

112 1314 186 1384 illis
202 1309 411 1382 terroribus.
463 1300 506 1372 ln
523 1298 697 1370 vocabulo
710 1298 798 1390 legis
818 1292 880 1369 hio
898 1294 1106 1393 μετάληψις
1157 1292 1323 1386 persequi
1357 1286 1449 1361 hane
1481 1291 1782 1382 disputationem,
1824 1307 1964 1366 tantum
1998 1312 2146 1364 monere

114 1430 184 1486 est:
219 1410 392 1503 signifieat
413 1403 509 1476 euim
526 1425 599 1472 nou
618 1402 828 1494 scripturam
844 1400 1018 1494 aliquam,
1043 1401 1104 1469 sed
1156 1397 1323 1467 lectorem
1338 1392 1455 1478 volui,
1477 1406 1516 1463 ut
1533 1388 1717 1485 prophana
1739 1396 1948 1485 glossemata
1971 1388 2146 1488 repudiet.

113 1513 432 1606 gubernationem,
473 1505 575 1575 addit
601 1502 716 1584 enim,
749 1502 805 1573 lex
833 1502 979 1595 spiritus
1001 1502 1106 1582 vitae,
1156 1496 1247 1568 Nam
1272 1490 1341 1566 hoe
1362 1507 1478 1565 totum
1503 1509 1609 1587 caput
1629 1492 1733 1567 Pauli
1754 1498 1897 1569 sceleste
1922 1497 2147 1569 contamina·

113 1622 150 1689 id
175 1629 244 1702 est,
270 1609 507 1705 gubernatio,
546 1629 637 1701 quae
666 1605 707 1675 lit
737 1626 801 1699 per
825 1603 990 1699 spiritum
1013 1602 1105 1674 vivi·
1158 1615 1234 1673 tum
1251 1612 1303 1669 sst
1318 1599 1363 1667 ab
1380 1591 1537 1684 Origene
1554 1610 1589 1668 et
1604 1597 1700 1680 aliis,
1728 1600 1786 1669 cui
1799 1613 1968 1693 tanquam
1984 1598 2096 1671 iurati
2109 1598 2146 1669 iu

39 1703 43 1711 ’
114 1723 290 1791 gemtem,
1158 1702 1266 1771 verba
1299 1693 1469 1789 Origeuis
1502 1693 1795 1794 ὑπερασπῖζουσι
1827 1707 1893 1795 τῆς
1923 1694 2149 1799 φιλοσοφίας

207 1822 425 1926 Ᾰῑτιολογία
449 1849 490 1895 ex
511 1818 704 1896 contrario.
1160 1798 1296 1875 αὐτοῦε
1322 1803 1383 1871 sed
1399 1797 1527 1871 borum
1544 1803 1791 1894 intempestiva
1805 1799 2047 1896 philosophia,
2063 1809 2148 1875 dure

1159 1906 1325 1979 tribuunt
1339 1903 1621 1975 iustificatiouem
1637 1904 1774 1975 viribus
1788 1907 1949 1995 rationis,
1974 1907 2063 1976 iude
2075 1904 2148 1977 ori·

1160 2022 1240 2088 tur,
1273 2007 1370 2099 quod
1398 2000 1491 2075 nihil
1512 2006 1645 2099 requiri
1667 2020 1795 2100 putant
1816 2009 1857 2078 in
1886 2005 2051 2095 homine,
2081 2004 2149 2079 uisi

1162 2109 1281 2179 civilia
1307 2131 1426 2199 opera.
1492 2104 1542 2179 Et
1564 2106 1651 2179 haec
1685 2109 1810 2180 vident
1832 2112 1955 2204 aliquo
1977 2112 2087 2181 modo
2112 2108 2149 2179 iu

1163 2222 1333 2303 potestate
1354 2210 1503 2280 rationis
1523 2233 1607 2283 esse.
1658 2207 1719 2280 Sic
1734 2211 2001 2284 obliviscuntur
2018 2213 2148 2305 primas

1165 2312 1325 2398 tabulae,
1352 2335 1443 2404 quae
1466 2313 1511 2381 de
1534 2313 1661 2382 timore
1676 2308 1744 2383 Dei
1771 2325 1806 2383 et
1826 2315 1954 2384 liducia
1978 2315 2020 2385 iu
2037 2312 2149 2385 Deum

1165 2427 1200 2485 et
1213 2415 1293 2485 aliis
1306 2412 1552 2506 spiritualibus
1565 2413 1750 2485 affectibus
1765 2416 1948 2507 praecipit·
1988 2413 2041 2489 At
2057 2413 2150 2487 Peu-

1249 2521 1294 2585 de
1318 2529 1391 2587 tota
1413 2514 1489 2604 lege
1515 2528 1549 2587 et
1570 2517 1615 2585 de
1638 2516 1777 2587 iusticie
1801 2540 1921 2587 coram
1942 2516 2042 2603 Deo,
2078 2536 2151 2589 uun

220 1951 310 2024 Cum
327 1950 383 2018 lex
403 1945 479 2015 beri
503 1965 579 2013 uon
603 1953 722 2034 posset
742 1953 889 2035 propter
904 1938 1021 2014 caruis
1039 1939 1108 2010 im-

118 2057 368 2135 becillitatem,
392 2046 490 2119 Deus
511 2045 609 2115 misit
630 2044 743 2113 lilium
768 2066 894 2131 suum,
920 2043 984 2138 qui
1007 2045 1109 2113 setis-

118 2162 249 2231 iaseret
267 2177 333 2245 pro
360 2161 521 2242 peccato,
547 2161 588 2218 ut
607 2145 811 2218 iustificatio
832 2147 919 2237 legis
943 2146 1111 2239 implere-

119 2277 179 2337 tur
194 2261 233 2330 iu
251 2254 373 2340 nobis,
399 2265 434 2324 et
448 2251 595 2322 daretur
606 2244 764 2340 Spiritus
777 2262 933 2323 eaustus.

121 2451 467 2630 Amplilicotio
508 2470 588 2549 per
637 2447 982 2521 contentionem
1031 2471 1112 2520 seu
1164 2517 1178 2586 l

123 2560 261 2633 Antit
304 2557 405 2629 esin
429 2548 729 2625 naturalium
758 2549 946 2639 virium,
974 2561 1014 2624 et
1042 2550 1113 2651 es·
1180 2540 1220 2587 ¹¹³

256 2656 506 2761 ‘sicariae
531 2650 751 2752 Spiritus
776 2654 947 2727 suncti.

1165 2620 1209 2689 de
1226 2618 1349 2711 politia
1364 2616 1537 2710 loquitur.
1588 2614 1662 2689 lam
1677 2612 1904 2710 philosophis
1930 2619 2009 2713 ipsa
2029 2618 2151 2691 clarui·

1165 2733 1236 2808 tat,
1259 2722 1355 2814 quod
1372 2722 1462 2790 ratio
1477 2717 1571 2789 nihil
1597 2720 1706 2811 possit
1730 2721 1775 2790 de
1787 2717 1857 2791 Dei
1877 2723 2064 2793 voluntate
2084 2734 2151 2793 sta·

449 2803 565 2871 P'fm
585 2800 789 2868 msam&
1166 2836 1278 2905 tuere,
1294 2824 1389 2914 quod
1406 2845 1480 2891 non
1498 2821 1606 2913 possit
1620 2818 1819 2907 confidere,
1844 2822 1913 2893 uisi
1931 2826 2039 2895 rebus
2052 2846 2150 2917 prae·

107 2968 111 2973 ·
227 2931 301 3026 Qui
318 2930 513 3004 secundum
528 2951 669 2999 caruem
686 2928 780 3013 sunt,
794 2926 950 2999 carnalis
961 2927 1115 3019 sapiunt,
1167 2926 1327 2996 sentibus
1344 2939 1408 2997 etc.
1439 2922 1511 2995 Sed
1527 2924 1633 2995 redeo
1647 2924 1694 2996 sd
1707 2921 1896 2996 Paulinam
1909 2922 2130 3001 Antithesiu.

126 3052 266 3121 amant,
292 3031 657 3130 quaeruntcarualem
673 3030 902 3122 sapientiam,
927 3030 1116 3118 iusticiam,

127 3138 440 3233 tranquillitatem,
488 3132 706 3224 voluptates,
747 3155 843 3224 opes.
920 3130 1117 3205 Conlidunt
1474 3106 1630 3172 snm
1651 3104 1850 3179 mmm·

127 3243 234 3312 rebus
265 3237 493 3317 carnalibus,
532 3229 688 3305 hnmana
715 3233 926 3326 prudentia,
964 3235 1115 3314 iusticia,
1269 3228 1404 3303 Sensus
1425 3232 1543 3303 caruis
1564 3255 1661 3303 mors
1682 3246 1753 3319 est,
1779 3234 1824 3305 de
1844 3231 1976 3306 noticia
1993 3245 2030 3305 et
2045 3255 2152 3327 appe·

128 3344 287 3427 viribus,
310 3340 451 3432 opibus.
502 3333 593 3406 Tres
616 3334 710 3404 euim
732 3336 862 3426 gradm
883 3348 968 3407 suut
985 3360 1116 3423 rerum,
1168 3333 1236 3405 titu
1252 3332 1427 3424 intellige,
1453 3334 1724 3429 quamvisbona
1749 3333 1880 3406 noticia
1903 3335 2090 3408 rationalis
2112 3338 2152 3407 de

130 3466 217 3538 quas
242 3442 371 3533 expetit
397 3462 491 3513 caro.
561 3435 704 3505 Primus
732 3450 784 3507 est
805 3460 925 3508 rerum
948 3432 1116 3509 honesta·
1168 3432 1349 3521 moribus,
1386 3436 1548 3530 quamvis
1581 3437 1675 3507 bona
1711 3460 1818 3527 opera
1852 3437 1990 3508 ratione
2023 3437 2153 3522 effecta,

131 3570 231 3630 rum,
258 3541 449 3633 sapientiae
465 3553 499 3610 et
516 3536 675 3611 iustitiae
688 3533 876 3611 humanae.
930 3538 1116 3611 Secundus
1168 3552 1252 3608 sunt
1275 3562 1391 3625 mors,
1416 3562 1491 3609 non
1512 3550 1714 3621 susteuaut,
1740 3562 1815 3611 nou
1836 3538 2019 3611 vivificant
2041 3540 2080 3611 in
2101 3541 2153 3611 iu-

130 3661 182 3717 est
202 3669 321 3716 rerum
343 3642 506 3724 utilium,
530 3640 683 3730 gloriae,
716 3663 846 3732 opum,
878 3642 1058 3733 potentiae
1081 3655 1117 3713 et
1168 3640 1262 3712 dicio
1278 3639 1358 3715 Dei.
1458 3646 1461 3651 '

128 3745 409 3843 tranquillitatis.
462 3742 607 3813 Tertius
628 3754 679 3812 est
695 3743 932 3836 voluptatum.
1271 3740 1404 3813 Sensus
1428 3741 1574 3833 spiritus
1600 3744 1671 3815 vita
1696 3754 1801 3814 estet
1818 3766 1905 3834 pax,
1930 3740 2092 3833 intellige
2112 3741 2153 3811 de

233 3846 305 3938 Qui
327 3845 522 3917 secundum
543 3844 707 3935 spiritum
723 3857 824 3929 suut,
847 3846 990 3937 sapiunt
1010 3844 1117 3938 spiri·
1168 3843 1301 3915 noticia
1330 3858 1364 3916 et
1391 3844 1586 3919 affectibus.
1652 3843 1746 3917 Vero
1770 3868 1875 3915 nosse
1897 3843 2038 3929 Deum,
2076 3866 2153 3913 vere

131 3953 260 4036 tualia,
303 3950 436 4040 idest,
477 3959 611 4018 norunt
637 3946 856 4017 voluntatem
877 3945 966 4033 Dei,
1005 3948 1118 4018 conli-
1170 3947 1346 4016 confidere
1365 3944 1462 4033 Deo,
1488 3945 1659 4032 viviticat,
1690 3962 1726 4018 et
1747 3947 1865 4019 reddit
1888 3960 2047 4039 pacatam
2069 3970 2154 4016 cun·

130 4052 221 4127 dtant
240 4050 334 4133 Deo,
361 4051 518 4141 gaudent
530 4049 773 4138 obtemperare
794 4048 970 4120 voluntati
986 4046 1053 4120 Dei
1078 4049 1116 4118 in
1169 4048 1371 4134 scientiam,
1402 4062 1437 4119 et
1457 4062 1509 4119 est
1539 4048 1610 4119 vita
1640 4061 1805 4135 aeterua,
1846 4062 1887 4121 ut
1905 4046 2070 4121 Christus
2091 4050 2152 4119 uit:

131 4181 234 4227 curce
251 4170 316 4228 etc.
368 4151 522 4242 Spiritus
539 4147 633 4220 enim
652 4147 826 4253 significat
842 4148 1016 4243 Spiritum
1034 4174 1116 4220 sau·
1170 4146 1265 4220 Haec
1288 4164 1339 4221 est
1360 4150 1432 4221 vita
1447 4163 1607 4236 aeterna,
1631 4164 1672 4220 ut
1685 4162 1832 4221 noscant
1847 4163 1881 4221 te
1895 4149 2015 4224 Deum
2032 4173 2152 4221 verum

132 4272 245 4339 ctum,
271 4255 334 4350 qui
350 4253 546 4324 effrruditur
561 4251 674 4321 ineos
691 4251 753 4345 qui
769 4253 929 4326 credunt.
969 4250 1019 4325 Et
1033 4251 1118 4344 Spi-
1169 4264 1205 4322 et
1220 4275 1324 4345 quem
1343 4252 1469 4326 misisti
1485 4251 1600 4324 lesum
1618 4247 1900 4325 esseChristum.

134 4357 275 4430 ritualia
294 4356 493 4446 significant
509 4378 583 4424 non
597 4377 656 4437 aa,
681 4376 771 4447 quae
790 4354 881 4424 ratio
904 4354 1030 4440 efficit,
1056 4356 1116 4424 sed

134 4482 248 4530 novos
266 4472 399 4543 motus,
425 4457 463 4526 in
480 4456 610 4549 quibus
625 4450 904 4548 apprehenditur
919 4452 1034 4541 Deus,
1054 4456 1117 4550 qui
1497 4432 1606 4501 3⁶⁸⁰
1627 4431 1825 4502 mim&

133 4586 213 4633 cum
236 4562 280 4629 sit
303 4560 466 4647 spiritus,
492 4558 620 4649 spiritu
644 4558 811 4633 cernitur.
869 4555 962 4629 Caro
982 4559 1118 4648 signiti-
1269 4555 1541 4645 Sensuscarnis
1561 4559 1753 4631 inimicicia
1778 4577 1830 4634 est
1847 4563 2017 4635 adversus
2031 4560 2155 4647 Deum,

133 4678 187 4736 cat
206 4676 314 4731 totam
328 4655 483 4729 hominis
505 4671 690 4750 naturam,
716 4660 889 4730 rationem
910 4684 991 4731 cum
1010 4682 1118 4731 sensu
1170 4659 1233 4753 qui
1250 4660 1319 4750 legi
1334 4659 1403 4732 Dei
1417 4685 1494 4732 uon
1506 4662 1691 4748 subditur,
1714 4687 1830 4757 neque
1848 4663 1943 4733 enim
1960 4679 2077 4756 potest
2090 4664 2155 4756 legi

133 4782 166 4837 et
182 4762 359 4856 appetitu,
385 4754 498 4859 λόγον
512 4773 546 4830 et
561 4752 694 4855 ὁρμὴν.
745 4757 794 4833 Et
809 4784 953 4854 prorsus
970 4786 990 4833 a
1008 4760 1117 4834 Paulo
1169 4760 1238 4833 Dei
1250 4763 1388 4834 subiici.
1439 4762 1631 4835 Manifesta
1653 4764 1826 4837 sententia
1843 4777 1912 4851 est,
1939 4769 2037 4859 quod
2055 4781 2155 4839 natu·

134 4866 369 4947 dissentiunt,
391 4865 452 4955 qui
470 4864 649 4932 somniant
661 4860 837 4951 Spiritum
853 4865 1047 4952 siguificare
1061 4888 1119 4935 ra·
1170 4864 1261 4933 sales
1283 4861 1439 4935 hominis
1462 4866 1553 4935 vires
1577 4888 1652 4937 uou
1666 4867 1932 4956 possiutlegeru
1946 4868 2016 4940 Ilei
2033 4871 2154 4941 facere.

132 4972 286 5053 tionem,
314 4978 349 5035 et
370 4988 411 5033 ex
431 4960 628 5055 Evangelio
653 4959 914 5055 philosophiam
940 4968 1117 5057 quandam
1170 4963 1239 5034 Hic
1254 4966 1384 5036 iterum
1400 4970 1576 5038 admoneo
1591 4968 1756 5039 lectorem
1773 4968 1909 5059 primae
1924 4970 2089 5052 tabulae,
2113 4971 2155 5041 sd

132 5072 324 5144 humanam
349 5067 507 5150 faciunt,
540 5060 632 5136 nihil
664 5077 803 5156 praeter
834 5067 982 5136 rationis
1011 5091 1118 5158 opera
1170 5068 1319 5159 quamsi
1344 5069 1621 5160 respexerimus,
1646 5070 1749 5139 facile
1763 5071 1914 5161 intelligi
1936 5075 2069 5163 poterit
2091 5069 2155 5143 hue

131 5158 362 5268 requirentes.
401 5166 518 5239 Multa
535 5180 618 5237 stant
633 5179 836 5255 argumenta
853 5168 891 5236 in
908 5162 977 5237 hoc
994 5169 1119 5261 capite,
1169 5172 1265 5262 quod
1289 5171 1338 5239 ait
1359 5168 1507 5256 Paulus,
1532 5194 1673 5241 sensum
1695 5172 1813 5242 carnis
1833 5172 2060 5246 inimicitiam
2085 5198 2155 5245 esse

132 5299 221 5369 qliae
248 5274 458 5343 confirmant
484 5271 580 5364 quod
603 5266 747 5358 spiritus
768 5291 841 5337 non
867 5268 1038 5356 significet
1061 5294 1117 5339 ra-
1168 5272 1337 5340 adversus
1351 5270 1480 5347 Deum.
1530 5270 1639 5344 Ratio
1655 5275 1751 5341 enim
1766 5268 1860 5343 nihil
1881 5276 2007 5348 statuit
2027 5280 2074 5347 de
2094 5302 2155 5347 so-

129 5379 274 5447 tionem.
330 5370 423 5443 Nam
438 5370 572 5443 Paulus
588 5369 771 5465 aliquanto
787 5383 865 5463 post
886 5372 952 5443 ait:
985 5369 1060 5443 Vos
1078 5372 1117 5443 iu
1167 5372 1303 5455 luntats
1317 5373 1404 5465 Dei,
1425 5398 1504 5455 ¹urm
1528 5374 1629 5447 timet
1645 5374 1782 5464 Deum,
1808 5398 1883 5449 nou
1904 5378 2055 5452 coubdit
2070 5377 2156 5465 Dea,
