4522 5782
52 142 209 274 =2nai
271 126 466 277 τ.,’,...-
539 216 561 255 .-
705 174 976 256 minum
1002 175 1559 257 conscissionem.
1648 206 1691 247 .·
1741 182 1816 251 ni
1874 186 1973 253 ..τε
2046 175 2134 253 na

110 367 199 465 φιὶι
216 358 434 456 praecipitor
455 375 540 423 vnce
564 350 697 422 divina.
747 346 964 444 Quanquam
985 365 1101 421 antem
1156 343 1569 443 phiamhaecsapirntia
1586 350 1698 441 posits
1714 365 1777 424 ers.
1828 345 2133 445 Neophilosupbis

117 480 315 564 praesentes
340 483 475 554 poenae
495 457 532 524 io
556 450 624 524 hae
641 455 717 523 vita·
738 477 840 543 saepe
861 478 934 523 vion
959 475 1104 546 prorsus
1132 500 1135 547 :
1157 455 1263 523 belem
1291 469 1327 526 ει
1349 477 1446 545 spem
1468 457 1563 523 inter
1585 452 1732 524 virtutes
1755 455 1878 546 ponit,
1907 478 1995 525 cnm
2011 477 2134 526 nones

115 573 314 651 tolluntur,
353 563 436 656 quia
452 557 548 629 Deus
570 569 717 647 propter
733 556 863 624 mvrltas
885 579 1006 625 causas
1030 555 1107 625 volt
1159 570 1292 644 guntur
1309 570 1402 626 certa
1419 570 1454 625 et
1469 558 1569 625 firma
1586 557 1718 626 noticia
1735 556 2027 647 principiorum,
2051 580 2134 642 espe-

119 671 312 745 Ecclesiam
330 664 425 735 ccvrci
450 660 644 730 subiectam
666 680 758 741 esse,
783 671 901 726 tamen
918 671 952 727 et
967 658 1108 745 mitiga-
1160 659 1287 727 rientia
1303 672 1364 728 aut
1380 659 1699 741 demonstratione,
1724 662 1786 728 sed
1807 659 1949 728 iudicat
1970 658 2133 729 stultitiam

119 779 173 849 sio
197 771 369 862 promissa
392 777 463 843 est,
499 785 589 854 qnae
612 761 651 829 fn
674 760 762 828 alias
782 761 897 829 aliter.
946 757 1110 851 Cumque
1160 785 1235 831 esse
1259 761 1422 830 assentiri
1448 761 1600 829 incertis.
1659 758 1708 831 Ut
1730 784 1812 830 curn
1834 775 1962 851 sperat
1978 760 2135 831 Antonius

122 876 294 970 promissa
318 870 365 938 sit
387 865 579 947 divinitus,
611 859 697 930 haee
719 884 798 954 spes
823 862 930 930 etiam
956 885 1030 929 non
1057 875 1109 931 est
1162 864 1367 952 victoriam,
1394 863 1476 956 quia
1493 863 1700 932 instructior
1714 875 1766 932 est
1781 857 1967 951 Augusto.

120 980 236 1048 irrita.
289 965 428 1041 Nahum
455 967 587 1056 primo:
621 961 744 1034 Bonus
767 977 819 1034 est
841 961 1043 1047 Dominus,
1076 974 1113 1031 cl
1265 963 1335 1034 Sed
1350 963 1507 1033 Ecclesia
1528 978 1621 1033 certa
1646 978 1697 1033 est
1717 979 1864 1055 propter
1881 965 2135 1056 promissionem

122 1079 327 1151 confortans
342 1072 381 1140 in
398 1067 650 1151 tribulatione,
675 1079 710 1136 ει
725 1066 915 1156 respiciens
931 1077 1112 1175 sperantes
1164 1068 1342 1146 divinam,
1369 1081 1404 1136 ει
1427 1066 1539 1136 credit
1554 1081 1691 1156 praeter
1707 1088 1804 1154 spem
1830 1067 1871 1135 in
1891 1091 2016 1158 spem,
2043 1070 2135 1148 inest,

114 1184 163 1250 jn
188 1181 315 1271 ipsum.
1164 1169 1276 1239 credit
1289 1184 1321 1239 et
1338 1184 1473 1260 sperat,
1491 1168 1554 1237 ulii
1571 1169 1675 1237 etiam
1696 1169 1879 1238 diversum
1899 1170 2040 1240 indicio
2054 1185 2136 1240 natu-

119 1308 125 1319 ’
228 1275 398 1349 loelisssn
425 1267 688 1342 Convenimini
712 1271 758 1339 ad
776 1267 971 1341 Dominum
997 1267 1111 1341 Deum
1165 1272 1230 1343 cali
1258 1285 1413 1363 apparet.
1470 1267 1519 1340 Ut
1545 1269 1683 1339 Psalmo
1701 1267 1761 1340 71.
1783 1268 1942 1342 dicitur:
1979 1270 2137 1342 Liberavit

126 1395 301 1461 vestrum,
324 1377 409 1470 quia
424 1376 542 1445 bonus
557 1387 627 1458 est,
656 1386 691 1443 el
713 1372 932 1454 misericors,
960 1385 994 1442 et
1015 1371 1113 1441 miti·
1166 1398 1375 1464 pauperem,
1401 1372 1457 1440 cni
1473 1396 1547 1440 non
1564 1388 1636 1443 erat
1651 1376 1805 1442 adiutor.
1834 1374 1842 1380 ”
1861 1369 1913 1442 Et
1930 1371 2135 1443 psalmes:

126 1507 212 1575 gans
234 1503 397 1571 poenam.
1166 1476 1271 1547 Pater
1286 1490 1320 1545 et
1337 1489 1447 1544 mater
1461 1475 1728 1567 dereliquerunt
1742 1498 1812 1558 me,
1839 1470 2029 1545 Dominus
2044 1490 2135 1545 auten

125 1600 133 1611 ·
228 1580 323 1652 Osca
343 1584 419 1652 ll.:
446 1576 840 1648 Noniaeiamlurnrem
860 1576 932 1645 irae
953 1598 1062 1645 meae.
1096 1592 1103 1625 v
1136 1558 1320 1671 lsnscepit
1340 1602 1407 1651 me.

228 1685 277 1755 Et
300 1683 417 1754 Lucae
437 1681 518 1751 21.:
558 1672 690 1762 Orate,
730 1691 770 1748 ut
793 1678 933 1768 possitis
962 1678 1115 1766 elingere
1270 1678 1346 1750 Etsi
1372 1693 1489 1749 autem
1512 1690 1667 1748 caeterae
1692 1678 1861 1761 virtutes,
1906 1693 1952 1749 ut
1976 1680 2136 1749 timorvel

130 1781 279 1860 sentina
296 1785 400 1853 mala.
1168 1783 1386 1865 reverentia,
1424 1781 1626 1850 ohedientia
1651 1781 1688 1847 in
1710 1779 1978 1849 afflictionibus
2002 1780 2076 1849 Deo
2095 1783 2137 1849 de·

229 1886 276 1956 Et
291 1884 442 1955 illustria
458 1881 614 1970 exempla
633 1893 717 1954 stant
735 1881 966 1965 mitigationis
983 1903 1114 1972 poena·
1168 1884 1263 1962 bita,
1288 1907 1377 1976 quae
1401 1896 1451 1954 est
1475 1907 1556 1973 pars
1580 1882 1758 1960 iusticiae‚
1784 1895 1819 1950 et
1844 1884 2058 1954 nominatur
2073 1885 2138 1952 tole·

39 2043 42 2048 -
129 2015 230 2073 raam,
269 2000 403 2057 servata
428 1983 578 2068 Ninive,
620 1984 798 2054 restitutio
823 1981 970 2052 Davidis
994 1985 1032 2052 in
1058 2006 1116 2052 re-
1168 1988 1285 2055 rantia
1310 1986 1363 2053 vel
1387 1986 1573 2075 patientia,
1613 1997 1705 2053 recte
1734 1978 2093 2072 comprehenduntur
2114 1987 2138 2051 ia

98 2124 104 2139 ·
132 2117 262 2184 guum,
287 2089 424 2158 sanatio
442 2081 632 2169 Ezechiae,
660 2086 821 2155 reductio
845 2084 1049 2169 Manassae,
1082 2099 1117 2154 ει
1169 2089 1380 2171 dilectione,
1411 2102 1449 2157 ut
1474 2111 1554 2155 mox
1577 2086 1707 2154 dicam:
1742 2099 1864 2156 tamen
1888 2088 2075 2156 sciendum
2095 2099 2138 2166 est,

28 2234 33 2246 ,
132 2219 206 2264 non
226 2192 374 2261 dubium
391 2202 464 2269 est,
486 2188 573 2256 tales
594 2186 833 2275 mitigationes
849 2188 886 2254 in
905 2202 975 2257 tota
992 2185 1117 2257 Eccle-
1170 2205 1203 2260 et
1223 2184 1279 2257 his
1293 2204 1326 2259 et
1344 2190 1488 2257 caeteris
1504 2190 1607 2255 lidem
1624 2201 1658 2256 et
1672 2211 1770 2278 spem
1787 2188 2011 2275 praelucere.
2052 2180 2135 2276 ersd

132 2299 183 2368 sia
198 2293 359 2386 qarotidie
374 2291 470 2371 lieri,
494 2286 730 2359 sicutPsalm.
749 2287 810 2359 77.
836 2288 939 2360 dicit:
976 2286 1025 2359 Et
1042 2313 1116 2358 non
1171 2307 1208 2362 ut
1224 2292 1282 2360 liat
1308 2293 1550 2381 perspicuum,
1578 2289 1636 2357 fiat
1661 2289 1801 2359 collatio
1825 2289 2027 2379 patientiae
2046 2286 2137 2380 philo·

131 2396 289 2468 accendit
312 2406 422 2461 totam
444 2393 532 2459 iram
561 2412 671 2461 suam.
1170 2389 1334 2484 sophicae
1351 2407 1385 2462 et
1401 2389 1643 2475 Christianae,
1661 2406 1696 2461 et
1712 2391 2011 2462 consolationum
2031 2395 2137 2464 ornus

231 2495 395 2565 leremias
410 2493 447 2560 in
466 2487 622 2560 Threnis
636 2491 749 2585 capite
764 2492 816 2564 da
849 2491 1118 2563 Misericordiae
1171 2519 1239 2588 qne
1258 2496 1407 2584 generis.

133 2597 282 2672 Domini
300 2597 396 2688 qood
418 2616 491 2662 non
509 2598 685 2665 consumti
704 2617 838 2663 somus.
1274 2590 1524 2685 Philosophica
1545 2596 1712 2686 patientia
1734 2611 1787 2666 est
1807 2611 1998 2688 utcunque
2019 2597 2139 2664 obedire

233 2697 279 2767 Et
295 2698 379 2766 alibi
395 2696 506 2786 rapite
522 2694 601 2769 tn:
627 2693 842 2767 Consumam
865 2709 1008 2767 cunctas
1033 2719 1119 2786 gen·
1170 2700 1300 2769 rationi
1324 2701 1361 2765 in
1385 2698 1541 2767 ferendis
1565 2699 1738 2783 adversis,
1774 2699 1822 2768 ita
1855 2711 1900 2768 nt
1922 2694 2138 2767 nihilcontra

136 2816 208 2885 tes,
233 2802 276 2869 ad
296 2822 381 2891 quas
401 2797 485 2866 eieci
503 2809 553 2880 te,
569 2812 602 2867 ιε
618 2823 702 2868 vero
719 2821 794 2867 non
811 2822 1037 2883 consumam,
1058 2801 1119 2866 sed
1143 2798 1145 2803 ’
1173 2802 1346 2871 iusticiam
1375 2816 1436 2870 aot
1464 2801 1552 2867 alias
1582 2799 1729 2870 virtutes
1759 2800 1879 2870 sarias.
1945 2797 1996 2871 Ut
2019 2799 2099 2870 Cato
2116 2821 2140 2865 ss

137 2902 313 2991 castigabo
330 2915 363 2970 te
383 2902 420 2967 in
444 2899 598 2981 iudicio,
623 2914 657 2972 et
674 2901 858 2971 ostendam
877 2916 932 2986 te,
958 2924 1047 2994 quae
1065 2901 1120 2968 vi·
1174 2904 1288 2994 ipsum
1307 2903 1520 2971 interficiens
1536 2915 1658 2971 contra
1674 2902 1849 2972 iusticiam
1872 2903 1972 2972 iacit.
2034 2903 2080 2972 Αι
2093 2900 2141 2973 Se-

133 3005 231 3081 deris
255 3003 441 3085 innocens,
475 3023 548 3070 non
573 3003 797 3071 innocentem
820 3026 903 3075 esse.
1173 3021 1284 3074 crates
1309 3029 1373 3072 nec
1395 3005 1569 3073 iusticiam
1593 3026 1657 3070 nec
1684 3006 1892 3072 modestiam
1921 3004 2054 3085 violat,
2081 3027 2141 3073 cun

238 3101 286 3175 Et
301 3106 444 3174 Abacuc
457 3107 513 3176 &a
539 3103 694 3174 Domine
718 3104 758 3171 in
782 3105 835 3174 ira
859 3103 1121 3174 misericordiae
1174 3109 1250 3177 sine
1268 3107 1441 3175 seditione
1457 3121 1490 3173 et
1512 3105 1587 3172 sine
1605 3106 1825 3174 ‹lelormitate
1840 3105 1916 3175 ulla
1933 3120 2084 3175 mortem
2097 3130 2142 3197 op·

134 3207 341 3277 recorderis.
1174 3211 1270 3301 petit.
1324 3207 1395 3277 Nec
1411 3211 1448 3275 in
1467 3202 1709 3298 philosophica
1729 3209 1900 3295 patientia
1923 3231 2006 3299 spes
2028 3210 2141 3277 inchoa

238 3307 334 3377 Haec
350 3322 383 3377 et
399 3307 527 3376 similia
549 3306 641 3375 dicta
666 3329 766 3396 saepe
789 3306 1000 3396 cogitemus,
1025 3320 1066 3377 nt
1087 3319 1122 3376 et
1174 3326 1241 3394 est,
1285 3314 1345 3378 sed
1380 3309 1584 3377 Palamedes
1615 3309 1743 3378 rationi
1774 3312 2023 3399 obtemperat,
2059 3313 2141 3378 etiarn

134 3411 320 3479 ardentius
345 3424 501 3500 petamus
518 3408 773 3497 mitigationem
789 3433 981 3498 poenarum
1000 3410 1121 3500 publi·
1145 3398 1149 3531 ἱ
1175 3438 1253 3481 evim
1271 3435 1348 3502 spes
1362 3434 1484 3479 omnes
1499 3410 1620 3479 salutis
1638 3413 1674 3477 in
1694 3405 1758 3479 hac
1782 3413 1871 3496 vita,
1901 3428 1937 3482 ει
1963 3429 2082 3504 postea
2101 3435 2142 3479 cs·

138 3534 258 3579 carum
282 3524 317 3579 et
339 3512 576 3600 privatarum,
600 3523 636 3580 et
659 3534 887 3599 agnoscamus
913 3512 1121 3580 immensam
1145 3536 1149 3555 ¹
1173 3517 1303 3584 tinctae
1324 3526 1417 3586 stant.
1466 3562 1469 3567 -
1815 3528 1818 3536 '

139 3609 206 3682 Dei
228 3611 525 3694 misericordiam,
551 3614 647 3702 quod
671 3613 851 3681 verissime
872 3613 960 3682 lenit
980 3636 1121 3704 poenas,
1279 3616 1326 3685 Αι
1353 3612 1555 3684 Christiana
1580 3614 1748 3704 patientia
1774 3627 1846 3699 est,
1891 3618 2044 3687 obedire
2067 3640 2144 3685 man·

140 3728 175 3786 et
196 3736 262 3783 nos
282 3728 474 3793 sustentat,
523 3726 556 3781 et
586 3714 618 3781 ei
642 3717 769 3803 gratias
792 3737 945 3801 agamus.
1175 3720 1256 3788 datto
1284 3718 1407 3784 divino
1424 3718 1461 3784 in
1478 3716 1672 3786 tolerandis
1687 3718 1865 3800 adversis,
1895 3718 1968 3799 ita,
1996 3745 2042 3787 ne
2061 3720 2144 3787 iacias

65 3812 67 3817 ⁸
211 3834 216 3845 ’
239 3813 728 3885 Hanccommonelactionem
742 3819 785 3884 de
803 3819 912 3884 lrdeet
928 3840 988 3907 spe
1004 3817 1120 3887 utilis·
1173 3820 1308 3911 aliquid
1327 3834 1448 3888 contra
1464 3822 1628 3887 mandata
1644 3817 1722 3902 Ilei,
1749 3842 1794 3886 ne
1807 3818 1883 3889 Deo
1900 3822 2076 3905 irascaris,
2099 3822 2143 3888 sed

141 3919 264 3987 simam
285 3941 358 3987 esse
382 3917 608 3987 uvanifestum
631 3933 692 3988 est.
744 3917 790 3986 Et
812 3932 851 3987 nt
872 3919 918 3988 sit
940 3919 1123 3989 ardentior
1174 3923 1241 3991 fide
1264 3943 1431 4008 agnoscas
1459 3944 1537 3987 eom
1560 3922 1625 3990 tibi
1650 3921 1847 4010 propicium
1871 3947 1966 4007 esse,
1994 3939 2028 3993 ει
2052 3943 2143 4016 speres

140 4020 336 4101 invocatio,
357 4042 458 4109 saepe
473 4019 656 4107 cogitanda
673 4033 735 4092 est.
1173 4023 1365 4101 auxilinm,
1394 4021 1649 4108 mitigationem
1672 4037 1731 4092 ant
1748 4023 2024 4111 liberationem,
2050 4043 2082 4097 et
2096 4024 2142 4095 hac

242 4118 389 4191 Constat
404 4134 520 4189 autem
537 4143 577 4190 ex
592 4117 664 4203 his,
693 4144 782 4212 qnae
797 4121 890 4212 dixi,
917 4138 1009 4192 recte
1027 4146 1120 4193 nun·
1175 4126 1242 4193 lide
1269 4139 1302 4194 et
1325 4147 1385 4213 spe
1408 4125 1519 4191 lenias
1540 4125 1714 4193 dolorem.

136 4222 261 4314 cupari
277 4223 381 4290 fidem
399 4236 431 4291 et
449 4244 543 4310 spem
562 4223 727 4304 virtutes,
751 4222 833 4314 quia
850 4237 932 4293 sunt
950 4226 1121 4294 obedien·
1276 4226 1402 4296 Cernis
1418 4221 1477 4294 hic
1498 4227 1536 4293 in
1558 4227 1764 4295 delinitione
1779 4228 1863 4294 addi
1879 4229 1991 4297 fidem
2011 4245 2043 4299 et
2058 4253 2143 4320 spen,

140 4325 208 4407 tia,
233 4349 323 4417 quae
338 4324 472 4410 regitur
486 4324 594 4391 verbo
612 4320 697 4406 Dei,
722 4337 754 4392 ει
776 4339 858 4393 sunt
882 4327 997 4396 cultus
1020 4350 1122 4415 prae·
1174 4329 1265 4397 sicut
1289 4351 1395 4417 snpra
1421 4329 1466 4395 de
1488 4341 1637 4419 utraque
1663 4328 1792 4397 virtute
1816 4334 1989 4401 mandata
2017 4335 2144 4401 sev-eris·

138 4425 253 4514 cipui‚
295 4438 335 4497 ut
356 4423 484 4495 Psalm.
512 4425 646 4517 inquit:
680 4424 879 4495 Sacrificate
910 4429 1119 4496 sacrificium
1174 4432 1262 4498 sivna
1287 4431 1427 4499 recitata
1452 4444 1554 4509 sunt,
1582 4433 1675 4499 iuxta
1699 4432 1805 4498 illud:
1832 4431 1922 4500 Sine
1944 4436 2144 4525 lideimpns·
2176 4454 2178 4459 ·

139 4526 316 4610 iusticiae‚
341 4539 532 4616 etsperate
559 4526 596 4593 in
620 4527 790 4596 Domino.
840 4526 1121 4598 NecsuntPhi·
1174 4531 1275 4600 sibile
1299 4546 1349 4599 est
1374 4531 1615 4620 placereDeo.
1681 4529 1785 4616 item,
1814 4532 1961 4604 Petrus:
2000 4536 2146 4606 Firmiter

139 4621 297 4717 losophis
320 4640 424 4696 notae
447 4624 512 4696 hae
536 4629 704 4716 virtutes,
748 4628 830 4719 quia
856 4646 992 4700 tanturn
1017 4656 1120 4700 mon·
1173 4647 1309 4724 sperate
1335 4634 1502 4720 gratiam,
1541 4657 1630 4724 quae
1660 4634 1761 4702 vohis
1792 4629 2047 4722 exhibebitur,
2086 4666 2146 4710 cun

139 4741 295 4800 strantur
320 4752 403 4797 voce
424 4727 509 4811 Dei,
545 4754 634 4823 quae
657 4734 758 4799 docet
785 4731 908 4813 etiam,
941 4735 1120 4823 quomodo
1174 4730 1449 4805 lesusChristus
1471 4736 1696 4808 revelabitur.
1749 4737 1833 4805 ldeo
1857 4755 1981 4810 autern
2005 4745 2045 4811 in
2061 4739 2146 4814 Chri·

140 4833 310 4922 regendae
327 4831 410 4900 sint.
461 4829 550 4899 Fide
567 4832 756 4923 accipimus
773 4833 1015 4902 remissionem
1039 4859 1119 4925 pec·
1174 4838 1285 4906 stiana
1313 4837 1481 4925 patientia
1508 4837 1641 4904 lenitur
1665 4839 1786 4920 dolor,
1813 4841 1899 4932 qtvia
1926 4847 2146 4916 tnncobiecta

138 4948 314 5015 catorum,
341 4930 412 5020 Spe
434 4945 655 5021 expectamus
677 4948 772 5003 certo
798 4934 906 5002 vitam
930 4951 1120 5017 aeternam,
1174 4939 1287 5017 bona,
1314 4941 1382 5005 lide
1397 4953 1431 5007 et
1447 4962 1508 5026 spe
1522 4953 1728 5008 cernontnr.

106 5109 110 5124 ¹
139 5060 215 5103 non
250 5049 392 5124 propter
424 5046 542 5102 nostra
566 5038 709 5120 merita,
748 5038 807 5104 sed
832 5051 976 5127 propter
1006 5039 1118 5105 filium
1274 5037 1431 5129 Baptista
1462 5043 1524 5108 scit
1549 5065 1585 5108 se
1607 5038 1681 5109 Deo
1707 5066 1829 5113 earnm
1863 5071 1961 5134 esse,
1994 5064 2029 5119 et
2049 5050 2145 5119 Denn

139 5138 208 5207 Dei
226 5135 359 5205 Gratis.
404 5133 498 5223 Haec
513 5137 560 5205 ita
577 5137 649 5205 lieri
669 5151 816 5228 oportet,
843 5140 925 5229 quia
942 5139 979 5205 in
998 5138 1119 5208 Evan-
1173 5142 1292 5209 adesse
1316 5143 1353 5208 in
1378 5137 1445 5209 hoc
1467 5143 1543 5231 ipso
1567 5168 1695 5231 agone,
1725 5159 1758 5213 et
1782 5147 1878 5219 videt
1905 5149 1998 5220 hanc
2015 5168 2145 5222 mortem

138 5240 229 5325 gello
249 5235 343 5307 Deos
359 5232 569 5307 hanc'suam
596 5238 813 5306 voluntatem
840 5239 1042 5309 certissimis
1066 5255 1119 5310 te·
1172 5267 1247 5312 esse
1266 5245 1331 5311 iter
1355 5247 1398 5311 ad
1422 5247 1605 5312 coelestem
1626 5242 1832 5317 Ecclesiam.
1886 5251 1987 5324 Haec
2012 5253 2144 5323 nonvi-

138 5339 312 5409 stimoniis
343 5340 516 5429 patefecit.
582 5337 635 5409 Ac
668 5339 792 5431 procul
832 5355 928 5409 extra
958 5337 1117 5433 philoso-
1173 5344 1502 5430 dentPalamedes,
1530 5346 1708 5431 Socrates,
1736 5346 2003 5443 Theramenes,
2034 5354 2145 5427 autsi-
